<mjloggm ver="2.3"><GO type="169" lobby="0"/><UN n0="%E9%A6%AC%E9%BE%8D%6C%65%66%74" n1="%E3%83%9E%E3%83%83%E3%82%AF%30%34" n2="%E3%83%90%E3%83%84%EF%BC%86%E3%83%86%E3%83%B3" n3="%E3%83%9E%E3%83%AD%E3%81%A8%E3%82%B8%E3%83%BC%E3%83%8E" dan="16,16,17,16" rate="2057.79,2160.63,2229.23,2094.31" sx="M,F,M,M"/><TAIKYOKU oya="0"/><INIT seed="0,0,0,3,5,95" ten="250,250,250,250" oya="0" hai0="0,76,115,82,103,51,24,69,62,41,10,112,106" hai1="59,8,130,92,123,120,60,81,79,64,114,121,107" hai2="99,108,113,116,29,22,17,16,49,91,132,126,109" hai3="31,83,66,97,105,36,39,128,124,71,4,122,3"/><T14/><D0/><U110/><E107/><V75/><F75/><W127/><G128/><T56/><D69/><U53/><E130/><V2/><F2/><W34/><G83/><T85/><D24/><U78/><E110/><N who="2" m="42603" /><F113/><W37/><G122/><T54/><D103/><U35/><E35/><V15/><F132/><W38/><N who="3" m="9216" /><DORA hai="70" /><W125/><G31/><T44/><REACH who="0" step="1"/><D106/><REACH who="0" ten="240,250,250,250" step="2"/><U28/><E120/><V27/><F116/><W57/><G34/><T7/><AGARI ba="0,1" hai="7,10,14,41,44,51,54,56,62,76,82,85,112,115" machi="7" ten="20,18000,2" yaku="1,1,2,1,0,1,7,1,25,2,53,1" doraHai="95,70" doraHaiUra="12,72" who="0" fromWho="0" sc="240,190,250,-60,250,-60,250,-60" /><INIT seed="0,1,0,4,2,73" ten="430,190,190,190" oya="0" hai0="90,124,55,76,106,57,39,83,109,114,54,78,52" hai1="75,95,5,36,70,53,91,48,107,38,37,2,77" hai2="72,24,4,86,34,101,28,94,117,67,6,110,68" hai3="56,41,63,31,29,1,80,47,92,125,3,45,40"/><T89/><D114/><U26/><E107/><V46/><F72/><W25/><G125/><T65/><D39/><U129/><E70/><V120/><F110/><W104/><G104/><T18/><D106/><U74/><E129/><V108/><F120/><W130/><G130/><T79/><D109/><U122/><E122/><V71/><F117/><W9/><G92/><T97/><D124/><U88/><E74/><V81/><F71/><W132/><G132/><T16/><D83/><U59/><E26/><V128/><F128/><W14/><G80/><T111/><D111/><U87/><E91/><N who="0" m="34825" /><D97/><U61/><E61/><AGARI ba="1,0" hai="16,18,52,54,55,57,61,65,76,78,79" m="34825" machi="61" ten="40,18000,2" yaku="8,1,52,3,54,2" doraHai="73" who="0" fromWho="1" sc="430,183,190,-183,190,0,190,0" /><INIT seed="0,2,0,3,2,112" ten="613,7,190,190" oya="0" hai0="32,89,66,128,53,24,116,101,95,110,99,107,85" hai1="21,70,92,131,132,41,105,67,18,44,104,46,42" hai2="35,72,86,48,2,1,98,20,124,51,126,114,134" hai3="91,31,33,45,59,84,30,94,109,15,76,28,93"/><T122/><D122/><U13/><E131/><V49/><F72/><W22/><G33/><T73/><D128/><U88/><E70/><V7/><F114/><W19/><G109/><T80/><D110/><U102/><E67/><V25/><F35/><W11/><G76/><T8/><D116/><U108/><E108/><V82/><F7/><W135/><G135/><T60/><D8/><U119/><E132/><V106/><F98/><W26/><G45/><T65/><D65/><U77/><E119/><V68/><F106/><W37/><G37/><T40/><D40/><U56/><E56/><V36/><F36/><W3/><G3/><T117/><D117/><U14/><E77/><N who="2" m="46415" /><F68/><W52/><REACH who="3" step="1"/><G94/><REACH who="3" ten="613,7,190,180" step="2"/><T16/><D32/><U64/><E64/><V54/><F134/><W75/><G75/><T118/><D118/><U97/><E13/><V115/><F115/><W83/><G83/><T23/><D73/><U9/><E105/><V103/><F2/><W69/><G69/><T100/><D107/><U57/><E57/><N who="2" m="32967" /><F1/><W5/><G5/><T55/><D101/><U133/><E133/><V29/><F103/><W123/><G123/><T127/><D127/><AGARI ba="2,1" hai="20,25,29,49,51,124,126,127" m="32967,46415" machi="127" ten="30,1000,0" yaku="18,1" doraHai="112" who="2" fromWho="0" sc="613,-16,7,0,190,26,180,0" /><INIT seed="1,0,0,5,2,1" ten="597,7,216,180" oya="1" hai0="8,57,54,134,61,62,46,116,60,75,125,74,55" hai1="79,83,108,7,69,86,9,52,103,18,47,115,117" hai2="37,28,34,23,65,99,14,66,71,30,20,59,102" hai3="19,112,76,2,111,31,81,10,100,50,3,17,118"/><U36/><E115/><V133/><F37/><W135/><G112/><T68/><D75/><U91/><E117/><V63/><F133/><W77/><G118/><T67/><D74/><U72/><E69/><V35/><F14/><W109/><G135/><T101/><D116/><U128/><E128/><V29/><F65/><W94/><G31/><T129/><D101/><U104/><E108/><N who="3" m="41546" /><G50/><N who="0" m="29015" /><D8/><U80/><E18/><N who="3" m="6666" /><G10/><T32/><D32/><U53/><E103/><V64/><F71/><W27/><G27/><T58/><D134/><U38/><E104/><V130/><F130/><W21/><G21/><T97/><D97/><U106/><E106/><V78/><F35/><W93/><G77/><T126/><D129/><U40/><E36/><V70/><F78/><W84/><G100/><T12/><D12/><AGARI ba="0,0" hai="7,9,12,38,40,47,52,53,72,79,80,83,86,91" machi="12" ten="30,5800,0" yaku="7,1,52,1,54,1" doraHai="1" who="1" fromWho="0" sc="597,-58,7,58,216,0,180,0" /><INIT seed="1,1,0,3,0,56" ten="539,65,216,180" oya="1" hai0="1,102,83,129,59,52,48,134,84,126,87,50,9" hai1="61,120,111,112,91,100,7,95,17,76,34,93,49" hai2="13,107,132,47,82,28,133,27,99,72,130,88,127" hai3="90,39,124,24,25,44,68,110,60,54,109,115,29"/><U8/><E112/><V51/><F130/><W70/><G115/><T32/><D129/><U43/><E120/><V71/><F71/><W73/><G73/><T108/><D108/><N who="3" m="41577" /><G124/><T78/><D126/><U65/><E111/><V98/><F127/><W66/><G68/><T128/><D134/><N who="2" m="51818" /><F13/><W18/><G29/><T15/><D1/><U14/><E34/><N who="2" m="20767" /><F107/><W105/><G105/><T81/><D32/><U118/><E118/><V123/><F123/><W89/><G18/><T125/><D102/><U57/><E76/><N who="2" m="44295" /><F88/><N who="3" m="33899" /><G54/><AGARI ba="1,0" hai="47,51,54,98,99" m="44295,20767,51818" machi="54" ten="30,1000,0" yaku="20,1" doraHai="56" who="2" fromWho="3" sc="539,0,65,0,216,13,180,-13" /><INIT seed="2,0,0,2,0,117" ten="539,65,229,167" oya="2" hai0="61,63,56,6,130,83,132,105,121,41,81,51,54" hai1="14,38,135,57,87,73,112,78,103,4,5,84,3" hai2="53,35,129,101,20,108,8,95,60,75,22,104,64" hai3="31,19,23,120,110,9,13,118,48,44,115,119,128"/><V109/><F35/><W72/><G72/><T134/><D105/><U80/><E112/><V52/><F75/><W74/><G74/><T11/><D121/><U33/><E33/><V15/><F104/><W65/><G115/><T86/><D130/><U29/><E29/><V27/><F129/><W77/><G77/><T111/><D111/><N who="2" m="42570" /><F101/><W36/><G110/><T70/><D70/><U34/><E34/><V85/><F85/><W16/><G128/><T0/><D81/><U107/><E38/><V40/><F40/><W47/><G120/><T96/><D96/><U67/><E3/><V39/><F95/><W88/><G31/><T17/><D17/><U114/><E114/><V69/><F39/><W42/><G65/><T1/><D1/><U122/><E122/><V24/><F22/><W30/><G30/><T124/><D124/><U45/><E67/><V98/><F98/><W49/><G88/><N who="0" m="51295" /><D41/><U100/><E100/><V116/><F116/><W12/><REACH who="3" step="1"/><G36/><REACH who="3" ten="539,65,229,157" step="2"/><T68/><D68/><U10/><E78/><V18/><F27/><W92/><G92/><T93/><D93/><U55/><E73/><V50/><F50/><W43/><AGARI ba="0,1" hai="9,12,13,16,19,23,42,43,44,47,48,49,118,119" machi="43" ten="20,8000,1" yaku="1,1,0,1,7,1,9,1,54,1,53,0" doraHai="117" doraHaiUra="76" who="3" fromWho="3" sc="539,-20,65,-20,229,-40,157,90" /><INIT seed="3,0,0,3,3,14" ten="519,45,189,247" oya="3" hai0="33,115,31,70,43,18,96,32,37,69,41,131,57" hai1="22,127,8,52,27,34,28,129,106,94,63,75,38" hai2="125,103,21,88,1,54,29,84,3,20,101,72,53" hai3="93,85,76,24,130,104,97,99,17,58,80,50,15"/><W16/><G130/><T42/><D37/><U91/><E106/><V116/><F72/><W60/><G104/><T23/><D131/><U2/><E129/><V109/><F116/><W65/><G93/><T100/><D115/><U68/><E127/><V49/><F125/><W13/><G24/><T111/><D111/><U48/><E38/><V90/><F29/><W122/><G122/><T79/><D79/><U47/><E75/><V133/><F49/><W0/><G0/><T40/><D40/><U39/><E39/><V44/><F44/><W25/><G25/><T95/><D31/><U7/><E68/><V30/><F30/><W61/><G50/><T89/><D70/><U9/><E9/><V64/><F84/><W12/><G61/><T102/><D69/><U112/><E63/><V119/><F119/><W98/><AGARI ba="0,0" hai="12,13,15,16,17,58,60,65,76,80,85,97,98,99" machi="98" ten="30,12000,1" yaku="0,1,8,1,52,2,54,1" doraHai="14" who="3" fromWho="3" sc="519,-40,45,-40,189,-40,247,120" /><INIT seed="3,1,0,1,0,88" ten="479,5,149,367" oya="3" hai0="93,43,17,70,65,18,135,126,106,39,11,24,45" hai1="84,26,10,4,66,67,40,34,69,59,21,90,20" hai2="101,134,23,113,110,129,58,127,104,52,62,78,71" hai3="89,8,7,73,86,132,72,111,96,87,51,38,74"/><W5/><G38/><T54/><D106/><U94/><E69/><V19/><F113/><W100/><G132/><T128/><D135/><U63/><E34/><V46/><F134/><W119/><G119/><T76/><D126/><U53/><E40/><V35/><F35/><W92/><G111/><T120/><D120/><U130/><E130/><V48/><F110/><W95/><G51/><T131/><D76/><U80/><E80/><V82/><F127/><W118/><G118/><T116/><D116/><U125/><E125/><V98/><F71/><W0/><REACH who="3" step="1"/><G7/><REACH who="3" ten="479,5,149,357" step="2"/><T114/><D114/><U57/><E67/><V133/><F133/><W28/><G28/><T117/><D117/><U47/><E26/><V56/><F129/><W37/><G37/><T32/><D128/><U9/><E47/><V115/><F115/><W109/><G109/><T107/><D131/><U6/><E4/><V68/><F62/><W12/><G12/><T77/><D39/><U33/><E33/><V1/><F1/><W99/><AGARI ba="1,1" hai="0,5,8,72,73,74,86,87,89,92,95,96,99,100" machi="99" ten="40,12000,1" yaku="1,1,0,1,52,2,53,0" doraHai="88" doraHaiUra="27" who="3" fromWho="3" sc="479,-41,5,-41,149,-41,357,133" owari="438,24.0,-36,-54.0,108,-29.0,490,59.0" /></mjloggm>