<mjloggm ver="2.3"><GO type="225" lobby="0"/><UN n0="%E3%81%AF%E3%82%88%E3%81%8A%E3%81%98%E3%81%95%E3%82%93" n1="%E3%81%BE%E3%81%8D%E3%81%97%28%E6%9C%AC%E5%9E%A2%31%29" n2="%6B%69%6D%38" n3="%E3%81%A4%E3%81%AE%E3%81%A0%E2%98%86%E3%81%B2%E3%82%8D" dan="16,16,18,17" rate="2234.12,2183.25,2211.14,2251.64" sx="M,M,M,F"/><TAIKYOKU oya="0"/><INIT seed="0,0,0,1,1,85" ten="250,250,250,250" oya="0" hai0="100,122,133,89,95,83,6,25,56,3,120,26,130" hai1="91,43,66,45,103,73,42,50,36,5,24,70,64" hai2="82,127,18,129,123,9,37,90,102,104,59,17,96" hai3="30,44,72,98,113,135,125,131,87,13,97,75,71"/><T121/><D130/><U63/><E73/><V118/><F123/><W110/><G30/><T19/><D133/><U31/><E103/><V93/><F129/><W126/><G13/><T20/><D26/><U108/><E5/><V62/><F37/><W124/><G71/><T41/><D41/><U60/><E108/><V32/><F127/><W107/><G131/><T28/><D28/><U117/><E117/><V84/><F32/><W76/><G44/><T116/><D116/><U8/><E8/><V53/><F118/><W68/><G68/><T94/><D100/><U109/><E109/><V49/><F9/><W11/><G11/><T134/><D134/><U55/><E91/><V119/><F119/><W23/><G23/><T48/><D3/><U78/><E78/><V51/><REACH who="2" step="1"/><F104/><REACH who="2" ten="250,250,240,250" step="2"/><W106/><G135/><T77/><D6/><U16/><E36/><V46/><F46/><W67/><G110/><T111/><D111/><U14/><E70/><V33/><F33/><W80/><G113/><T35/><D35/><U112/><E112/><V38/><F38/><W88/><G67/><T52/><REACH who="0" step="1"/><D89/><REACH who="0" ten="240,250,240,250" step="2"/><U12/><E31/><V47/><F47/><W65/><G88/><T7/><D7/><U40/><E45/><V15/><F15/><W101/><G125/><T39/><D39/><U86/><E12/><V99/><F99/><W1/><G124/><T54/><D54/><U2/><E14/><V10/><F10/><W79/><G126/><T34/><D34/><U74/><E42/><V0/><F0/><W22/><G1/><T105/><D105/><U21/><E43/><RYUUKYOKU ba="0,2" sc="240,15,250,-15,240,15,250,-15" hai0="19,20,25,48,52,56,77,83,94,95,120,121,122" hai2="17,18,49,51,53,59,62,82,84,90,93,96,102" /><INIT seed="0,1,2,3,2,78" ten="255,235,255,235" oya="0" hai0="116,135,46,54,107,85,18,14,47,49,101,44,16" hai1="36,42,93,31,0,115,112,102,96,125,53,19,28" hai2="13,123,4,15,21,88,27,9,6,71,129,111,39" hai3="51,127,43,3,72,89,29,76,122,126,34,66,131"/><T52/><D116/><U75/><E0/><V86/><F123/><W8/><G66/><T20/><D135/><U80/><E125/><N who="3" m="47626" /><G122/><T106/><D101/><U117/><E117/><V32/><F111/><W45/><G131/><T98/><D98/><U68/><E68/><V130/><F39/><W55/><G89/><T124/><D124/><U81/><E75/><V104/><F104/><W105/><G105/><T119/><D119/><U58/><E19/><V84/><F71/><W74/><G76/><T99/><D99/><U91/><E42/><V134/><F32/><W2/><G55/><T56/><D54/><U133/><E36/><V50/><F50/><W121/><G121/><T38/><D38/><U25/><E133/><V94/><F134/><W10/><G29/><N who="1" m="11338" /><E25/><V17/><F86/><W64/><G64/><T22/><REACH who="0" step="1"/><D85/><REACH who="0" ten="245,235,255,235" step="2"/><N who="1" m="52463" /><E115/><V87/><F84/><W108/><G108/><T37/><D37/><U63/><E112/><V26/><F26/><AGARI ba="1,3" hai="14,16,18,20,22,26,44,46,47,49,52,56,106,107" machi="26" ten="40,7700,0" yaku="1,1,54,2,53,0" doraHai="78" doraHaiUra="77" who="0" fromWho="2" sc="245,110,235,0,255,-80,235,0" /><INIT seed="0,2,0,0,0,71" ten="355,235,175,235" oya="0" hai0="37,29,55,100,52,117,65,130,19,72,81,110,114" hai1="79,51,116,25,94,16,1,61,98,85,64,77,74" hai2="0,109,131,46,54,76,5,70,89,135,118,107,66" hai3="49,86,132,88,36,26,111,128,69,40,23,104,42"/><T73/><D117/><U108/><E1/><V11/><F109/><W28/><G104/><T41/><D114/><U127/><E116/><V9/><F118/><W112/><G112/><T3/><D3/><U62/><E74/><V2/><F131/><W83/><G69/><T102/><D130/><U120/><E120/><V21/><F135/><W122/><G128/><T57/><D65/><U10/><E108/><V27/><F107/><W103/><G111/><T82/><D110/><U17/><E127/><V12/><F76/><N who="1" m="29257" /><E85/><V129/><F89/><W31/><G103/><T24/><D19/><N who="1" m="7243" /><E10/><V14/><F129/><W75/><G132/><T91/><D73/><U121/><E121/><V60/><F21/><W13/><G122/><T84/><D81/><U47/><E25/><V80/><F27/><W39/><G75/><T134/><D72/><U99/><E64/><V119/><F80/><W59/><G28/><T4/><D4/><U22/><E22/><V63/><F119/><W35/><G23/><T20/><D134/><U125/><E125/><V87/><F87/><W30/><G30/><T33/><D20/><U38/><E38/><V50/><F0/><W58/><G13/><N who="2" m="5225" /><F11/><W7/><G7/><T96/><D96/><N who="1" m="36907" /><E94/><V15/><F2/><W123/><G123/><T106/><D106/><U90/><E90/><V48/><F70/><W126/><G126/><T67/><D102/><U45/><E51/><N who="2" m="19499" /><F66/><W68/><G68/><T105/><D100/><U6/><E6/><V34/><F34/><W18/><G18/><T43/><D105/><U53/><E45/><V95/><F95/><RYUUKYOKU ba="2,0" sc="355,-15,235,15,175,15,235,-15" hai1="47,53,61,62" hai2="5,9,15,46,54,60,63" /><INIT seed="1,3,0,0,5,101" ten="340,250,190,220" oya="1" hai0="48,46,103,22,53,96,82,133,95,44,59,3,56" hai1="41,99,29,109,42,45,62,24,70,20,119,74,35" hai2="14,49,47,63,108,28,77,23,126,50,16,106,92" hai3="81,26,131,54,30,111,93,61,134,89,9,80,10"/><U94/><E74/><V12/><F108/><W114/><G114/><T75/><D3/><U120/><E119/><V90/><F126/><W132/><G111/><T52/><D133/><N who="3" m="51305" /><G131/><T15/><D75/><U11/><E120/><V57/><F106/><W86/><G54/><T100/><D100/><U55/><E109/><V40/><F77/><W112/><G112/><T85/><D22/><U33/><E11/><N who="3" m="4106" /><G61/><N who="0" m="35975" /><D15/><U38/><E42/><V66/><F28/><W79/><G79/><AGARI ba="3,0" hai="44,46,48,53,59,79,82,85,95,96,103" m="35975" machi="79" ten="30,2000,0" yaku="8,1,54,1" doraHai="101" who="0" fromWho="3" sc="340,29,250,0,190,0,220,-29" /><INIT seed="2,0,0,5,4,63" ten="369,250,190,191" oya="2" hai0="130,32,72,15,7,74,114,110,89,116,67,62,86" hai1="61,16,125,105,108,38,66,54,12,118,65,71,133" hai2="46,69,104,24,34,26,28,126,91,87,60,50,129" hai3="44,128,111,25,97,55,5,30,9,23,22,95,106"/><V100/><F126/><W79/><G111/><T3/><D110/><U80/><E105/><V90/><F129/><W82/><G106/><T135/><D114/><U56/><E118/><V37/><F26/><W36/><G128/><T115/><D3/><U127/><E108/><V13/><F13/><W77/><G23/><T124/><D115/><U59/><E133/><V132/><F37/><W33/><G33/><T84/><D32/><U18/><E38/><V0/><F0/><W93/><G79/><T35/><D35/><U43/><E43/><V75/><F75/><W99/><G99/><T2/><D2/><U42/><E42/><V14/><F14/><W88/><G93/><T85/><D130/><U78/><E71/><V40/><F132/><W109/><G109/><T29/><D29/><U70/><E70/><V83/><F83/><W41/><G55/><T81/><D135/><U122/><E122/><V131/><F87/><N who="0" m="33354" /><D124/><N who="1" m="47691" /><E18/><V98/><REACH who="2" step="1"/><F131/><REACH who="2" ten="369,250,180,191" step="2"/><W120/><G120/><T31/><D15/><U112/><E80/><V121/><F121/><W52/><G82/><T94/><D81/><U119/><E119/><V113/><F113/><W76/><G5/><T64/><D7/><U48/><E112/><V20/><F20/><W123/><G123/><T10/><D116/><U51/><E78/><V47/><F47/><N who="3" m="23975" /><G9/><T73/><D10/><N who="1" m="6167" /><E48/><V19/><F19/><W45/><G45/><T68/><D31/><U17/><E17/><V53/><F53/><AGARI ba="0,1" hai="51,53,54,56,59,61,65,66" m="6167,47691" machi="53" ten="30,7700,0" yaku="18,1,52,2,54,1" doraHai="63" who="1" fromWho="2" sc="369,0,250,87,180,-77,191,0" /><INIT seed="3,0,0,1,5,33" ten="369,337,103,191" oya="3" hai0="27,97,30,99,52,50,117,98,119,96,4,124,91" hai1="112,51,72,101,23,58,36,0,79,57,80,71,22" hai2="102,70,44,85,81,111,67,38,89,24,123,65,47" hai3="110,15,104,6,105,107,77,100,64,132,14,82,46"/><W103/><G64/><T16/><D124/><U92/><E36/><V2/><F111/><W93/><G132/><T127/><D127/><U5/><E71/><V8/><F123/><W1/><G110/><T121/><D121/><U12/><E112/><V26/><F102/><W21/><G46/><T60/><D4/><U53/><E58/><V83/><F70/><W126/><G126/><T109/><D109/><U69/><E69/><V35/><F35/><W49/><G49/><T41/><D41/><U130/><E130/><V28/><F28/><W84/><G93/><N who="0" m="56383" /><D30/><U3/><E5/><V128/><F128/><W19/><G14/><T20/><D50/><U11/><E11/><V108/><F108/><W13/><REACH who="3" step="1"/><G13/><REACH who="3" ten="369,337,103,181" step="2"/><T135/><D135/><U48/><E12/><V129/><F129/><W75/><G75/><T54/><D54/><U43/><E48/><V55/><F55/><W32/><G32/><T61/><D61/><U45/><E23/><V37/><F8/><AGARI ba="0,1" hai="1,6,8,15,19,21,77,82,84,100,103,104,105,107" machi="8" ten="40,3900,0" yaku="1,1,52,1,53,0" doraHai="33" doraHaiUra="88" who="3" fromWho="2" sc="369,0,337,0,103,-39,181,49" /><INIT seed="3,1,0,1,0,100" ten="369,337,64,230" oya="3" hai0="86,114,82,37,4,97,107,72,64,13,53,30,61" hai1="98,18,92,35,108,46,1,28,39,88,33,10,122" hai2="8,14,16,55,44,12,62,69,135,94,60,25,52" hai3="23,57,120,77,85,109,11,134,130,31,41,106,71"/><W87/><G71/><T7/><D37/><U26/><E122/><V99/><F135/><W110/><G120/><T42/><D42/><U21/><E108/><N who="3" m="41578" /><G130/><T123/><D123/><U131/><E131/><V133/><F133/><W68/><G68/><T117/><D117/><U50/><E39/><V22/><F69/><W81/><G41/><T95/><D53/><U6/><REACH who="1" step="1"/><E28/><REACH who="1" ten="369,327,64,230" step="2"/><V101/><F14/><W124/><G124/><T20/><D30/><U9/><E9/><V24/><F24/><N who="3" m="16799" /><G134/><T59/><D13/><U78/><E78/><V84/><F84/><N who="3" m="48175" /><G57/><T49/><D59/><U0/><E0/><V74/><F74/><W43/><G43/><AGARI ba="1,1" hai="1,6,10,18,21,26,33,35,43,46,50,88,92,98" machi="43" ten="30,7700,0" yaku="1,1,7,1,54,1,53,1" doraHai="100" doraHaiUra="40" who="1" fromWho="3" sc="369,0,327,90,64,0,230,-80" owari="369,17.0,417,52.0,64,-44.0,150,-25.0" /></mjloggm>