<mjloggm ver="2.3"><GO type="169" lobby="0"/><UN n0="%E3%81%B2%E3%81%A3%E3%81%93%E3%82%8D%32%36" n1="%E7%AD%89%E3%80%85%E5%8A%9B%E5%8A%87%E5%A0%B4" n2="%E9%95%B7%E5%B2%A1" n3="%E3%83%8A%E3%82%B4%E3%83%A0" dan="16,16,16,16" rate="2116.68,2068.46,2094.21,2145.77" sx="M,M,M,M"/><TAIKYOKU oya="0"/><INIT seed="0,0,0,0,2,8" ten="250,250,250,250" oya="0" hai0="135,81,49,89,72,76,79,125,33,37,69,38,67" hai1="118,70,84,35,56,32,127,9,55,50,104,68,58" hai2="133,17,7,1,74,53,130,103,123,40,92,42,128" hai3="29,24,20,13,106,51,98,88,120,85,16,113,41"/><T114/><D114/><U36/><E118/><V82/><F123/><W48/><G113/><T126/><D33/><U78/><E36/><V73/><F133/><W132/><G132/><T101/><D135/><U116/><E116/><V115/><F115/><W21/><G120/><T117/><D117/><U61/><E104/><V111/><F111/><W102/><REACH who="3" step="1"/><G41/><REACH who="3" ten="250,250,250,240" step="2"/><T18/><D126/><U11/><E127/><V110/><F40/><W124/><G124/><T59/><D125/><U107/><E107/><V4/><F42/><W26/><G26/><T83/><D38/><U97/><E35/><V62/><F110/><W46/><G46/><T30/><D37/><U14/><E32/><V65/><F128/><W77/><G77/><T109/><D79/><U91/><E78/><V22/><F130/><W71/><G71/><T86/><D69/><U66/><E70/><V121/><F121/><W31/><G31/><T39/><D39/><U43/><E68/><V45/><F45/><W25/><G25/><T19/><D109/><U6/><E43/><V108/><F108/><W60/><G60/><T12/><D30/><U47/><E47/><V93/><F62/><W3/><G3/><T63/><D49/><U54/><E50/><V80/><F1/><W44/><G44/><T100/><REACH who="0" step="1"/><D18/><REACH who="0" ten="240,250,250,240" step="2"/><U90/><E61/><V10/><F17/><W112/><G112/><T95/><D95/><AGARI ba="0,2" hai="13,16,20,21,24,29,48,51,85,88,95,98,102,106" machi="95" ten="30,12000,2" yaku="1,1,7,1,52,1,54,2,53,1" doraHai="8" doraHaiUra="87" who="3" fromWho="0" sc="240,-120,250,0,250,0,240,140" /><INIT seed="1,0,0,4,1,101" ten="120,250,250,380" oya="1" hai0="125,34,122,44,35,100,71,66,70,129,1,59,10" hai1="86,118,126,14,114,3,47,82,36,31,124,21,94" hai2="38,131,87,110,48,103,5,107,2,93,24,113,104" hai3="16,42,121,75,46,76,90,92,91,30,120,28,84"/><U134/><E114/><V37/><F5/><W119/><G119/><T96/><D122/><U26/><E118/><V52/><F2/><W27/><G121/><T108/><D108/><U62/><E3/><V12/><F12/><W23/><G120/><T111/><D111/><U127/><E134/><V56/><F110/><W43/><G43/><T132/><D132/><U22/><E94/><V80/><F131/><W13/><G75/><T112/><D59/><U57/><E47/><V39/><F113/><W41/><G76/><T79/><D79/><U68/><E36/><V7/><F7/><W128/><G128/><T135/><D129/><U19/><E68/><V105/><F24/><W8/><G30/><T29/><D135/><U4/><E4/><V6/><F6/><W123/><G123/><T33/><D10/><U18/><E31/><V89/><REACH who="2" step="1"/><F80/><REACH who="2" ten="120,250,240,380" step="2"/><W64/><G28/><T0/><D112/><U85/><REACH who="1" step="1"/><E82/><REACH who="1" ten="120,240,240,380" step="2"/><V53/><F53/><AGARI ba="0,2" hai="14,18,19,21,22,26,53,57,62,85,86,124,126,127" machi="53" ten="40,7700,0" yaku="1,1,2,1,18,1,53,0" doraHai="101" doraHaiUra="97" who="1" fromWho="2" sc="120,0,240,97,240,-77,380,0" /><INIT seed="1,1,0,0,0,89" ten="120,337,163,380" oya="1" hai0="128,103,115,20,38,102,124,37,113,92,13,62,19" hai1="33,76,9,85,72,39,35,16,121,118,105,29,46" hai2="134,96,30,119,28,106,114,7,27,109,111,135,104" hai3="71,101,5,133,49,25,110,0,17,65,21,55,97"/><U26/><E118/><V80/><F7/><W61/><G110/><N who="2" m="41993" /><F119/><W45/><G133/><N who="2" m="50697" /><F114/><W75/><G75/><T107/><D128/><U34/><E72/><V117/><F117/><W64/><G64/><T93/><D124/><U67/><E121/><V88/><F30/><W100/><G100/><T120/><D120/><U8/><E105/><V22/><F80/><W60/><G60/><T36/><D107/><U73/><E73/><V68/><F68/><W4/><REACH who="3" step="1"/><G0/><REACH who="3" ten="120,337,163,370" step="2"/><T99/><REACH who="0" step="1"/><D62/><REACH who="0" ten="110,337,163,370" step="2"/><U23/><E67/><V129/><F129/><W48/><G48/><T53/><D53/><U69/><E39/><V95/><AGARI ba="1,2" hai="22,27,28,88,95,96,104,106" m="50697,41993" machi="95" ten="40,8000,1" yaku="14,1,20,1,52,1,54,1" doraHai="89" who="2" fromWho="2" sc="110,-21,337,-41,163,103,370,-21" /><INIT seed="2,0,0,1,2,104" ten="89,296,266,349" oya="2" hai0="82,99,84,18,75,60,16,46,42,49,118,117,8" hai1="134,33,30,89,113,108,47,132,20,105,32,54,72" hai2="22,17,9,122,131,76,96,115,48,43,4,57,36" hai3="29,38,114,11,120,12,86,23,106,28,21,25,92"/><V133/><F115/><W80/><G120/><T79/><D99/><U100/><E113/><V24/><F122/><W70/><G106/><T91/><D60/><U85/><E108/><V7/><F131/><W45/><G70/><T37/><D37/><U128/><E128/><V56/><F133/><N who="1" m="51305" /><E100/><V62/><F36/><W63/><G63/><T52/><D42/><U130/><E105/><V59/><F62/><W51/><G38/><T98/><D98/><U135/><E130/><V97/><F76/><W77/><G92/><T50/><D50/><N who="1" m="29023" /><E30/><V94/><F9/><W125/><G125/><T119/><D8/><U64/><E64/><V71/><F71/><W14/><G114/><T65/><D65/><U78/><E20/><N who="3" m="7754" /><G25/><T74/><D74/><U90/><N who="1" m="51313" /><U40/><DORA hai="1" /><E40/><V93/><F97/><W107/><G14/><T124/><REACH who="0" step="1"/><D124/><REACH who="0" ten="79,296,266,349" step="2"/><U112/><E112/><V35/><F96/><W31/><G107/><T41/><D41/><U39/><E39/><V61/><F61/><W73/><G73/><T101/><D101/><U44/><E72/><V129/><F129/><W2/><G11/><T102/><D102/><U81/><E85/><V0/><F0/><W19/><G2/><T69/><D69/><U6/><E6/><N who="2" m="2091" /><F35/><W95/><G51/><T121/><D121/><U123/><E123/><V83/><F43/><W26/><G86/><T116/><N who="0" m="29696" /><DORA hai="87" /><T13/><D13/><U55/><E32/><V66/><F66/><W10/><G12/><T103/><D103/><U110/><E33/><V27/><F48/><W15/><G10/><T53/><D53/><RYUUKYOKU ba="0,1" sc="79,30,296,-10,266,-10,349,-10" hai0="16,18,46,49,52,75,79,82,84,91" /><INIT seed="3,1,1,1,4,1" ten="109,286,256,339" oya="3" hai0="94,21,28,52,85,32,106,107,102,82,33,122,64" hai1="15,74,117,91,96,20,116,98,47,105,46,120,97" hai2="99,37,112,87,61,8,27,24,50,86,100,77,132" hai3="39,114,29,75,5,36,119,133,18,55,68,73,104"/><W48/><G119/><N who="1" m="45642" /><E120/><V19/><F37/><W12/><G114/><T59/><D122/><U49/><E74/><V67/><F112/><W124/><G104/><T81/><D107/><U35/><E35/><V92/><F132/><W63/><G124/><T111/><D111/><U7/><E105/><V108/><F108/><W6/><G133/><T54/><D106/><U23/><E91/><V45/><F8/><W80/><G29/><T26/><D33/><U103/><E103/><V2/><F2/><W113/><G39/><T58/><D32/><U70/><E70/><V3/><F3/><W34/><G36/><T89/><D102/><U22/><E49/><V135/><F135/><W0/><G0/><T88/><D64/><U62/><E62/><V43/><F19/><W60/><G34/><T69/><D69/><U71/><E71/><V83/><REACH who="2" step="1"/><F87/><REACH who="2" ten="109,286,246,339" step="2"/><W130/><G113/><T30/><D30/><U129/><E129/><V44/><F44/><N who="3" m="28039" /><G75/><T53/><REACH who="0" step="1"/><D81/><REACH who="0" ten="99,286,246,339" step="2"/><U110/><E110/><V121/><F121/><W31/><G31/><T115/><D115/><U65/><E65/><V127/><F127/><W17/><G130/><T128/><D128/><U76/><E47/><V79/><F79/><W66/><G80/><T16/><D16/><U134/><E76/><V125/><F125/><W126/><G126/><T72/><D72/><U11/><E134/><V40/><F40/><W42/><G42/><T38/><D38/><U14/><E46/><V118/><F118/><W84/><G73/><T123/><D123/><U41/><E41/><V109/><F109/><W90/><G18/><AGARI ba="1,3" hai="7,11,14,15,18,20,22,23,96,97,98" m="45642" machi="18" ten="30,3900,0" yaku="6,1,12,1,52,1" doraHai="1" who="1" fromWho="3" sc="99,0,286,72,246,0,339,-42" /><INIT seed="4,0,0,1,0,29" ten="99,358,246,297" oya="0" hai0="129,33,16,133,38,31,124,101,53,46,94,100,89" hai1="115,42,59,47,80,105,135,41,6,10,37,73,91" hai2="14,60,20,71,116,61,66,9,69,109,28,107,32" hai3="15,106,52,65,84,30,45,126,12,83,55,77,18"/><T123/><D123/><U2/><E105/><V85/><F109/><W39/><G126/><T86/><D124/><U108/><E108/><V48/><F116/><W131/><G131/><T87/><D129/><U114/><E42/><V1/><F107/><W119/><G106/><T120/><D120/><U26/><E135/><V44/><F1/><W13/><G119/><T63/><D133/><U23/><E59/><V95/><F20/><W117/><G117/><T4/><D4/><U51/><E51/><V104/><F104/><W43/><G18/><T90/><D38/><U27/><E91/><V7/><F61/><W134/><G134/><T81/><D16/><N who="1" m="12647" /><E27/><V118/><F118/><W99/><G99/><T35/><D31/><U74/><E80/><V128/><F128/><W36/><G36/><T67/><D53/><U17/><E17/><V122/><F122/><W62/><REACH who="3" step="1"/><G30/><REACH who="3" ten="99,358,246,287" step="2"/><T103/><REACH who="0" step="1"/><D46/><REACH who="0" ten="89,358,246,287" step="2"/><U93/><E47/><V92/><F28/><W98/><G98/><T58/><AGARI ba="0,2" hai="33,35,58,63,67,81,86,87,89,90,94,100,101,103" machi="58" ten="30,18000,2" yaku="1,1,2,1,0,1,52,2,53,1" doraHai="29" doraHaiUra="78" who="0" fromWho="0" sc="89,200,358,-60,246,-60,287,-60" /><INIT seed="4,1,0,0,4,46" ten="289,298,186,227" oya="0" hai0="112,57,49,32,59,62,124,104,51,120,18,118,55" hai1="65,3,132,110,98,115,58,14,103,105,41,71,9" hai2="8,25,13,72,52,70,20,47,33,87,27,133,67" hai3="74,82,66,81,135,64,37,0,111,123,38,108,61"/><T77/><D120/><U29/><E110/><V5/><F72/><W68/><G123/><T42/><D118/><U2/><E71/><V119/><F133/><W91/><G91/><T16/><D32/><U44/><E132/><V73/><F73/><W11/><G135/><T15/><D104/><U21/><E115/><V12/><F119/><W97/><G97/><T94/><D77/><U30/><E2/><V109/><F109/><W107/><G74/><T121/><D121/><U6/><E3/><V95/><F33/><W36/><G107/><T60/><D60/><U45/><E45/><V31/><F25/><W88/><G66/><T99/><D124/><U76/><E76/><V92/><F13/><W127/><G127/><T130/><D130/><U54/><E65/><V126/><F126/><W96/><G82/><T125/><D42/><U39/><REACH who="1" step="1"/><E21/><REACH who="1" ten="289,288,186,227" step="2"/><V122/><F122/><W114/><G114/><T106/><D112/><U100/><E100/><V26/><F67/><W53/><G108/><T7/><D59/><U83/><E83/><V63/><F70/><W34/><G81/><T48/><D125/><U93/><E93/><V40/><F95/><N who="3" m="56423" /><G34/><T101/><D106/><U23/><E23/><N who="2" m="15839" /><F92/><W1/><G111/><T89/><D101/><U128/><E128/><V50/><F20/><W28/><G1/><T129/><D129/><U79/><E79/><V134/><F134/><W85/><G0/><T35/><D35/><U69/><E69/><V75/><F75/><W10/><G68/><T86/><D99/><U113/><E113/><V56/><F87/><W102/><G85/><RYUUKYOKU ba="1,1" sc="289,10,288,10,186,10,227,-30" hai0="7,15,16,18,48,49,51,55,57,62,86,89,94" hai1="6,9,14,29,30,39,41,44,54,58,98,103,105" hai2="5,8,12,27,40,47,50,52,56,63" /><INIT seed="4,2,1,3,3,73" ten="299,298,196,197" oya="0" hai0="12,133,72,109,26,60,86,98,82,88,49,75,48" hai1="40,31,83,32,20,58,43,77,7,110,41,18,59" hai2="11,81,35,56,85,21,93,2,51,23,101,64,66" hai3="92,71,134,30,62,53,108,114,113,54,80,29,123"/><T90/><D133/><U24/><E110/><V10/><F35/><W126/><G108/><T91/><D109/><U55/><E7/><V130/><F130/><W6/><G134/><T105/><D26/><U84/><REACH who="1" step="1"/><E55/><REACH who="1" ten="299,288,196,197" step="2"/><N who="2" m="31871" /><F2/><W120/><G6/><T25/><D25/><AGARI ba="2,2" hai="18,20,24,25,31,32,40,41,43,58,59,77,83,84" machi="25" ten="40,2600,0" yaku="1,1,52,1,53,0" doraHai="73" doraHaiUra="115" who="1" fromWho="0" sc="299,-32,288,52,196,0,197,0" /><INIT seed="5,0,0,1,4,87" ten="267,340,196,197" oya="1" hai0="91,119,44,2,56,127,50,106,48,60,67,124,6" hai1="93,78,69,0,113,116,3,7,92,130,43,41,13" hai2="12,132,32,39,76,52,73,112,86,103,29,1,22" hai3="36,8,27,24,70,121,17,84,83,81,42,37,14"/><U62/><E116/><V98/><F39/><W75/><G121/><T9/><D119/><U100/><E113/><V54/><F1/><W120/><G120/><T51/><D106/><U94/><E130/><V74/><F32/><W117/><G70/><T88/><REACH who="0" step="1"/><D44/><REACH who="0" ten="257,340,196,197" step="2"/><U108/><E108/><V68/><F112/><W114/><G114/><T133/><D133/><U23/><E100/><V38/><F132/><W33/><G117/><T104/><D104/><U135/><E135/><V80/><F68/><W31/><G75/><T65/><D65/><U99/><E69/><V109/><F109/><W79/><G42/><T55/><D55/><N who="2" m="21034" /><F74/><W71/><G71/><T53/><D53/><U19/><E43/><V57/><F73/><W131/><G131/><T46/><D46/><U96/><E41/><V34/><F57/><W118/><G118/><T64/><D64/><U21/><E62/><V101/><F101/><W77/><G37/><T16/><D16/><U15/><E19/><N who="2" m="10599" /><F38/><W126/><G36/><T18/><D18/><U4/><E4/><V97/><F103/><W59/><G59/><T107/><D107/><U45/><E7/><V11/><F11/><W63/><G63/><T129/><D129/><U82/><E45/><V28/><F34/><W111/><G111/><T5/><D5/><U123/><E123/><V102/><F102/><W125/><G27/><T115/><D115/><U10/><E10/><V30/><AGARI ba="0,1" hai="28,29,30,76,80,86,97,98" m="10599,21034" machi="30" ten="30,2000,0" yaku="8,1,54,1" doraHai="87" who="2" fromWho="2" sc="257,-5,340,-10,196,30,197,-5" /><INIT seed="6,0,0,1,1,48" ten="252,330,226,192" oya="2" hai0="127,34,114,27,35,112,92,46,51,84,29,81,50" hai1="30,6,72,125,76,37,52,5,111,8,82,118,22" hai2="98,104,115,134,86,121,107,70,74,41,49,56,12" hai3="122,15,96,89,106,83,77,10,126,117,100,33,58"/><V78/><F70/><W65/><G126/><T24/><D127/><U3/><E125/><V42/><F121/><W132/><G132/><T67/><D67/><U103/><E111/><V133/><F74/><W19/><G117/><T79/><D92/><U119/><E37/><V39/><F39/><W101/><G122/><T109/><D109/><U9/><E103/><N who="2" m="62583" /><F107/><W66/><G33/><T2/><D2/><U38/><E38/><V69/><F12/><W99/><G89/><T85/><D85/><U108/><E108/><V57/><F69/><W44/><G44/><T13/><D13/><U73/><E73/><V61/><F49/><W26/><G26/><T7/><D7/><U131/><E6/><V124/><F124/><W0/><G0/><T23/><D35/><U63/><E9/><V95/><F115/><N who="0" m="44074" /><D46/><U87/><E72/><V60/><F95/><W123/><G123/><T54/><D54/><U94/><E94/><V130/><F57/><W68/><G68/><T28/><AGARI ba="0,0" hai="23,24,27,28,29,34,50,51,79,81,84" m="44074" machi="28" ten="30,1100,0" yaku="15,1" doraHai="48" who="0" fromWho="0" sc="252,11,330,-3,226,-5,192,-3" /><INIT seed="7,0,0,4,0,44" ten="263,327,221,189" oya="3" hai0="8,61,32,19,91,125,20,73,114,82,23,21,67" hai1="29,42,0,81,43,96,109,28,4,41,112,92,108" hai2="53,102,103,87,121,126,69,133,74,33,34,70,3" hai3="22,2,117,18,71,89,135,97,106,40,26,64,15"/><W49/><G117/><T124/><D32/><U131/><E112/><V55/><F74/><W130/><G2/><T94/><D114/><U56/><E131/><V100/><F87/><W58/><G130/><T122/><D122/><U72/><E4/><V119/><F3/><W86/><G135/><T14/><D82/><U17/><E0/><V77/><F77/><W54/><G40/><T50/><D73/><U132/><E132/><V35/><F133/><W11/><G71/><N who="2" m="27145" /><F119/><W110/><G64/><T65/><D61/><U104/><E104/><V59/><F59/><W107/><G97/><T75/><D75/><U99/><E99/><V113/><F113/><W63/><G63/><T118/><D118/><U120/><E120/><V10/><F10/><W78/><G78/><T66/><D50/><U37/><E37/><V68/><F68/><W30/><REACH who="3" step="1"/><G110/><REACH who="3" ten="263,327,221,179" step="2"/><T7/><D125/><U36/><E42/><V76/><F126/><W80/><AGARI ba="0,1" hai="11,15,18,22,26,30,49,54,58,80,86,89,106,107" machi="80" ten="20,12000,1" yaku="1,1,2,1,0,1,7,1,52,1,53,0" doraHai="44" doraHaiUra="111" who="3" fromWho="3" sc="263,-40,327,-40,221,-40,179,130" owari="223,-18.0,287,9.0,181,-32.0,309,41.0" /></mjloggm>