<mjloggm ver="2.3"><GO type="169" lobby="0"/><UN n0="%E9%A2%A8%E6%B4%A5%E9%81%93" n1="%E7%AB%B9%E4%BA%95%E4%B9%85%EF%BC%A0%E9%83%A8%E9%95%B7" n2="%E3%83%97%E3%83%AC%E3%82%B9%E3%83%97" n3="%51%6F%6F%50%65%65" dan="16,16,17,16" rate="2101.68,2170.29,2184.80,2167.09" sx="M,F,M,M"/><TAIKYOKU oya="0"/><INIT seed="0,0,0,1,3,48" ten="250,250,250,250" oya="0" hai0="41,130,131,4,109,33,74,132,89,44,36,13,34" hai1="108,83,68,107,29,124,21,102,18,61,8,58,12" hai2="104,59,116,15,5,55,92,22,38,96,120,99,75" hai3="106,101,64,52,77,84,117,114,43,26,103,123,119"/><T51/><D74/><U95/><E107/><V86/><F120/><W3/><G114/><T85/><D132/><U47/><E68/><V88/><F116/><W53/><G123/><T50/><D109/><U121/><E121/><V28/><F75/><W57/><G3/><T7/><D50/><U129/><E108/><V80/><F38/><W1/><G1/><T49/><D49/><U133/><E133/><V71/><F71/><W112/><G112/><T60/><D60/><U73/><E124/><V110/><F110/><W20/><G43/><T93/><D36/><U10/><E129/><N who="0" m="49161" /><D13/><U69/><E69/><V90/><F28/><N who="3" m="17479" /><G106/><T11/><D11/><U134/><E29/><V17/><F5/><AGARI ba="0,0" hai="4,5,7,33,34,41,44,51,85,89,93" m="49161" machi="5" ten="30,1500,0" yaku="19,1" doraHai="48" who="0" fromWho="2" sc="250,15,250,0,250,-15,250,0" /><INIT seed="0,1,0,2,1,25" ten="265,250,235,250" oya="0" hai0="83,31,54,32,67,126,59,134,10,70,76,128,41" hai1="45,127,95,110,73,51,71,85,74,6,52,13,1" hai2="57,121,92,11,122,2,26,46,90,23,130,105,21" hai3="80,88,103,84,35,5,3,37,30,89,40,44,132"/><T87/><D128/><U36/><E1/><V61/><F105/><W114/><G114/><T91/><D134/><U55/><E71/><V50/><F130/><W56/><G132/><T15/><D126/><U112/><E127/><V49/><F2/><W96/><G56/><T34/><D41/><U101/><E112/><V104/><F104/><W63/><G63/><T135/><D135/><U69/><E69/><V99/><F11/><W19/><G3/><T12/><D12/><U20/><E36/><V60/><F49/><W62/><G62/><T119/><D119/><U82/><E110/><V38/><F38/><W7/><G19/><T58/><D70/><U131/><E131/><V4/><F4/><W115/><G115/><T94/><D67/><U48/><E95/><V28/><F21/><W47/><G47/><T72/><D31/><U18/><E101/><V124/><F124/><W17/><G17/><T68/><D68/><U97/><E97/><V93/><F93/><W116/><G116/><T33/><REACH who="0" step="1"/><D54/><REACH who="0" ten="255,250,235,250" step="2"/><U129/><E129/><V117/><F117/><W29/><G35/><T66/><D66/><U39/><E55/><V100/><F121/><W78/><G30/><T79/><D79/><U86/><E52/><V81/><F122/><W22/><G29/><T111/><D111/><U107/><E13/><V8/><F28/><W77/><G77/><T102/><D102/><U109/><E109/><V113/><F100/><W75/><G22/><T125/><D125/><U24/><E20/><V53/><F23/><W42/><G42/><T16/><AGARI ba="1,1" hai="10,15,16,32,33,34,58,59,72,76,83,87,91,94" machi="16" ten="30,6000,0" yaku="1,1,0,1,54,1,53,0" doraHai="25" doraHaiUra="120" who="0" fromWho="0" sc="255,73,250,-21,235,-21,250,-21" /><INIT seed="0,2,0,5,3,84" ten="328,229,214,229" oya="0" hai0="121,72,4,21,54,128,124,42,50,132,114,2,112" hai1="0,52,46,48,123,13,7,53,71,78,105,58,69" hai2="17,40,115,32,116,122,57,65,119,83,96,29,3" hai3="51,111,9,12,126,6,14,59,127,134,38,74,92"/><T129/><D72/><U102/><E0/><V73/><F122/><W100/><G38/><T103/><D103/><U117/><E117/><V47/><F115/><N who="0" m="44074" /><D21/><U61/><E123/><V133/><F133/><W25/><G74/><T118/><D4/><U108/><E108/><V31/><F3/><W34/><G111/><T35/><D35/><U26/><E78/><V101/><F17/><W15/><G134/><T33/><D33/><U28/><E105/><V36/><F57/><W76/><G76/><T62/><D2/><U5/><E102/><V82/><F65/><W10/><G59/><N who="0" m="35191" /><D132/><U131/><E131/><N who="0" m="50249" /><D121/><U88/><E7/><V41/><F82/><W44/><G92/><T70/><D124/><N who="3" m="47657" /><G100/><T135/><D135/><U23/><REACH who="1" step="1"/><E88/><REACH who="1" ten="328,219,214,229" step="2"/><V107/><F107/><W99/><G99/><T45/><D118/><U56/><E56/><V20/><F96/><W106/><G106/><T66/><D66/><U80/><E80/><V39/><F101/><W30/><G6/><T86/><D86/><U110/><E110/><V79/><F116/><W8/><G8/><AGARI ba="2,1" hai="5,8,13,23,26,28,46,48,52,53,58,61,69,71" machi="8" ten="40,2600,0" yaku="1,1,54,1,53,0" doraHai="84" doraHaiUra="91" who="1" fromWho="3" sc="328,0,219,42,214,0,229,-32" /><INIT seed="1,0,0,1,5,15" ten="328,261,214,197" oya="1" hai0="53,63,135,100,22,89,10,28,122,49,41,18,78" hai1="86,72,65,112,69,131,116,115,47,107,97,36,99" hai2="75,113,114,12,120,4,7,88,8,93,52,123,37" hai3="98,26,102,91,57,61,2,48,34,85,13,103,83"/><U60/><E116/><V118/><F37/><W110/><G110/><T59/><D135/><U66/><E72/><V67/><F118/><W9/><G2/><T80/><D122/><U46/><E131/><V24/><F75/><W17/><G48/><T134/><D134/><U130/><E130/><V3/><F67/><W70/><G70/><T11/><D28/><U117/><E117/><V101/><F101/><W16/><G34/><T14/><D100/><N who="3" m="38441" /><G98/><T5/><D89/><U129/><E107/><V126/><F126/><W30/><G30/><T92/><D92/><U38/><E86/><V95/><F95/><W33/><G33/><T105/><D105/><U0/><E129/><V73/><F73/><W45/><G45/><N who="0" m="25775" /><D5/><U68/><E60/><V56/><F24/><W106/><G106/><T32/><D32/><U79/><E79/><V119/><F119/><W62/><G57/><T25/><D25/><U1/><AGARI ba="0,0" hai="0,1,36,38,46,47,65,66,68,69,97,99,112,115" machi="1" ten="25,4800,0" yaku="0,1,22,2" doraHai="15" who="1" fromWho="1" sc="328,-16,261,48,214,-16,197,-16" /><INIT seed="1,1,0,5,4,124" ten="312,309,198,181" oya="1" hai0="8,69,41,64,132,9,104,24,117,45,48,36,68" hai1="114,1,80,3,28,50,26,74,71,10,122,16,79" hai2="103,110,119,14,42,133,95,4,23,37,33,38,59" hai3="105,106,66,134,82,75,56,7,32,83,60,35,84"/><U108/><E114/><V123/><F123/><W44/><G134/><T115/><D104/><U67/><E122/><V90/><F119/><W113/><G113/><T118/><D115/><U116/><E116/><N who="0" m="44649" /><D24/><U127/><E127/><V55/><F33/><W20/><G7/><T94/><D94/><U77/><E108/><V135/><F110/><W49/><G75/><T70/><D8/><U63/><E77/><V46/><F103/><W5/><G5/><T54/><D9/><U87/><E74/><V85/><F37/><W125/><G125/><T131/><D132/><U19/><E50/><V6/><F6/><W51/><G51/><T18/><D18/><U111/><E111/><V98/><F98/><W121/><G121/><T57/><D131/><U88/><E79/><V62/><F4/><W52/><G20/><T58/><D58/><U27/><E27/><V47/><F47/><W73/><G73/><T43/><D43/><U34/><REACH who="1" step="1"/><E10/><REACH who="1" ten="312,299,198,181" step="2"/><V107/><F133/><W22/><G22/><T21/><D21/><U15/><E15/><V31/><F14/><W53/><G35/><T13/><D13/><U39/><E39/><V128/><F135/><W99/><G32/><T112/><D112/><U93/><E93/><V86/><F23/><W61/><G82/><T17/><D17/><AGARI ba="1,1" hai="1,3,16,17,19,26,28,34,63,67,71,80,87,88" machi="17" ten="40,7700,0" yaku="1,1,54,2,53,0" doraHai="124" doraHaiUra="97" who="1" fromWho="0" sc="312,-80,299,90,198,0,181,0" /><INIT seed="1,2,0,1,1,61" ten="232,389,198,181" oya="1" hai0="22,87,124,72,4,12,123,60,29,56,58,24,91" hai1="53,47,114,54,39,90,83,119,5,30,3,101,88" hai2="89,42,37,26,100,104,16,40,8,121,35,7,28" hai3="127,122,132,65,50,32,102,115,23,76,112,52,85"/><U129/><E114/><V6/><F121/><W68/><G122/><T130/><D123/><U109/><E119/><V41/><F37/><W66/><G32/><T116/><D116/><U71/><E129/><V19/><F7/><W2/><G2/><T55/><D124/><U111/><E71/><V126/><F126/><W36/><G36/><T14/><D130/><U9/><E101/><V45/><F45/><W78/><G127/><T18/><D72/><U93/><E30/><V46/><F46/><N who="3" m="27735" /><G68/><T74/><D74/><U92/><E83/><V134/><F134/><W48/><G132/><T86/><D4/><U98/><E39/><V106/><F89/><W82/><G115/><T31/><D31/><U75/><E75/><V125/><F125/><W21/><G102/><T128/><D128/><U62/><E47/><V110/><F110/><N who="1" m="41993" /><E62/><V15/><REACH who="2" step="1"/><F100/><REACH who="2" ten="232,389,188,181" step="2"/><W69/><G112/><T13/><D91/><U80/><E80/><V107/><AGARI ba="2,1" hai="6,8,15,16,19,26,28,35,40,41,42,104,106,107" machi="107" ten="40,8000,1" yaku="1,1,2,1,0,1,54,1,53,1" doraHai="61" doraHaiUra="1" who="2" fromWho="2" sc="232,-22,389,-42,188,96,181,-22" /><INIT seed="2,0,0,3,4,101" ten="210,347,284,159" oya="2" hai0="51,61,125,7,116,105,17,42,45,108,119,93,27" hai1="79,82,130,96,86,97,26,75,89,64,126,12,16" hai2="29,122,21,73,65,40,25,99,19,112,43,66,34" hai3="87,8,117,104,52,50,47,30,38,63,85,84,91"/><V102/><F122/><W131/><G117/><N who="0" m="45131" /><D108/><U114/><E114/><V67/><F112/><W53/><G131/><T103/><D125/><U33/><E64/><V100/><F73/><W6/><G104/><T1/><D93/><U48/><E130/><V127/><F127/><W118/><G118/><T72/><D72/><U115/><E115/><V121/><F121/><W49/><G38/><T62/><D7/><U3/><E3/><V98/><F99/><W128/><G30/><T5/><D5/><U35/><E48/><V0/><F0/><W37/><G37/><T68/><D68/><U15/><E15/><V13/><REACH who="2" step="1"/><F100/><REACH who="2" ten="210,347,274,159" step="2"/><W77/><G128/><T22/><D1/><U57/><E126/><V55/><F55/><W95/><G77/><T14/><D14/><U23/><E96/><AGARI ba="0,1" hai="17,22,27,42,45,51,61,62,96,103,105" m="45131" machi="96" ten="30,2000,0" yaku="12,1,52,1" doraHai="101" who="0" fromWho="1" sc="210,30,347,-20,274,0,159,0" /><INIT seed="3,0,0,0,0,22" ten="240,327,274,159" oya="3" hai0="38,14,108,3,128,64,113,13,126,94,111,119,78" hai1="125,92,82,75,43,101,51,63,59,70,29,60,103" hai2="134,112,46,95,110,90,41,55,81,120,24,130,76" hai3="109,127,87,88,37,40,91,57,33,71,44,96,30"/><W116/><G116/><T107/><D107/><U34/><E125/><V9/><F112/><W86/><G127/><T65/><D126/><U61/><E70/><V39/><F110/><N who="0" m="42026" /><D119/><U124/><E124/><V20/><F130/><W121/><G121/><T6/><D128/><U84/><E75/><V129/><F129/><W16/><G109/><T133/><D133/><U25/><E92/><V66/><F134/><W85/><G71/><T26/><D38/><U28/><E29/><V1/><F66/><N who="0" m="25706" /><D78/><U2/><E2/><V5/><F55/><W105/><G57/><T58/><D58/><U68/><E68/><V83/><F76/><W4/><G4/><T0/><D113/><U106/><E106/><V114/><F120/><W47/><G47/><T23/><D94/><U19/><E19/><V15/><F1/><N who="0" m="586" /><D6/><U73/><E73/><V8/><F8/><W35/><G35/><T123/><D123/><U52/><REACH who="1" step="1"/><E43/><REACH who="1" ten="240,317,274,159" step="2"/><V97/><F114/><W67/><G16/><AGARI ba="0,1" hai="13,14,16,23,26" m="586,25706,42026" machi="16" ten="30,3900,0" yaku="14,1,52,1,54,1" doraHai="22" who="0" fromWho="3" sc="240,49,317,0,274,0,159,-39" /><AGARI ba="0,0" hai="5,9,15,16,20,24,39,41,46,81,83,90,95,97" machi="16" ten="30,3900,0" yaku="7,1,52,1,54,1" doraHai="22" who="2" fromWho="3" sc="289,0,317,0,274,39,120,-39" /><INIT seed="4,0,0,0,5,111" ten="289,317,313,81" oya="0" hai0="91,14,66,12,100,53,33,89,93,132,92,123,99" hai1="21,80,78,74,7,30,29,8,79,107,76,96,27" hai2="131,87,85,129,94,59,121,25,55,127,5,128,68" hai3="122,16,15,24,82,35,56,133,17,106,50,52,77"/><T23/><D123/><U67/><E67/><V73/><F121/><W34/><G122/><T22/><D33/><U114/><E30/><V98/><F68/><W20/><G106/><T54/><D66/><U86/><E74/><V40/><F127/><W0/><G0/><T38/><D38/><U115/><E96/><V6/><F73/><W31/><G133/><T103/><REACH who="0" step="1"/><D99/><REACH who="0" ten="279,317,313,81" step="2"/><U135/><E135/><AGARI ba="0,1" hai="12,14,22,23,53,54,89,91,92,93,100,103,132,135" machi="135" ten="25,18000,2" yaku="1,1,2,1,22,2,53,2" doraHai="111" doraHaiUra="9" who="0" fromWho="1" sc="279,190,317,-180,313,0,81,0" /><INIT seed="4,1,0,0,5,99" ten="469,137,313,81" oya="0" hai0="54,94,42,119,78,82,1,53,124,79,9,103,28" hai1="49,83,117,31,65,4,88,125,62,132,50,75,32" hai2="108,40,41,20,81,36,26,85,6,106,114,43,39" hai3="76,87,17,45,21,37,15,84,0,116,23,122,73"/><T38/><D119/><U10/><E117/><V55/><F108/><W101/><G116/><T25/><D124/><U91/><E125/><V80/><F114/><W69/><G122/><T120/><D120/><U100/><E132/><V48/><F106/><W113/><G113/><T86/><D79/><U68/><E100/><V30/><F6/><W105/><G69/><T126/><D126/><U47/><E31/><V134/><F134/><W67/><G67/><T3/><D42/><U71/><E32/><V93/><F39/><W129/><G129/><T74/><D38/><U123/><E71/><V29/><F36/><W130/><G130/><T7/><D1/><U5/><E5/><V57/><F30/><W22/><G0/><T97/><REACH who="0" step="1"/><D74/><REACH who="0" ten="459,137,313,81" step="2"/><U56/><E123/><V46/><F43/><W109/><G109/><T16/><D16/><U63/><E75/><V12/><F41/><W70/><G73/><T121/><D121/><U107/><E4/><V77/><F40/><W112/><G112/><T104/><D104/><U66/><E107/><V95/><F77/><W27/><G76/><T11/><D11/><U96/><E10/><V35/><F29/><W58/><G27/><T118/><D118/><U52/><E50/><V44/><F48/><W128/><G128/><T64/><D64/><U133/><E133/><V89/><F26/><W14/><G14/><T2/><D2/><U24/><E24/><V98/><F12/><W111/><G111/><T72/><D72/><U90/><E65/><V135/><F135/><W8/><G8/><T110/><D110/><U61/><E66/><RYUUKYOKU ba="1,1" sc="459,30,137,-10,313,-10,81,-10" hai0="3,7,9,25,28,53,54,78,82,86,94,97,103" /><INIT seed="4,2,1,4,2,120" ten="489,127,303,71" oya="0" hai0="14,15,109,92,52,81,132,43,114,56,19,20,95" hai1="40,22,65,125,130,78,26,35,82,58,33,106,60" hai2="85,25,115,131,70,28,79,121,90,67,116,112,5" hai3="18,99,91,76,88,53,104,101,39,66,23,44,102"/><T47/><D114/><N who="2" m="43562" /><F121/><W129/><G129/><T84/><D132/><U24/><E106/><V54/><F5/><W4/><G66/><T119/><D119/><U68/><E130/><V111/><F79/><W98/><G76/><T127/><D127/><U9/><E125/><V2/><F2/><W37/><G4/><T12/><D109/><U107/><E107/><V29/><F111/><W36/><G53/><T73/><D73/><U55/><E9/><V93/><F131/><W94/><REACH who="3" step="1"/><G44/><REACH who="3" ten="489,127,303,61" step="2"/><T8/><D47/><U42/><E65/><V11/><F54/><W27/><AGARI ba="2,2" hai="18,23,27,36,37,39,88,91,94,98,99,101,102,104" machi="27" ten="30,7900,0" yaku="1,1,2,1,0,1,54,1,53,0" doraHai="120" doraHaiUra="113" who="3" fromWho="3" sc="489,-41,127,-22,303,-22,61,105" /><INIT seed="5,0,0,5,2,70" ten="448,105,281,166" oya="1" hai0="103,65,104,57,109,133,44,135,113,36,11,108,67" hai1="101,124,118,127,30,129,78,106,110,31,79,90,10" hai2="6,80,37,66,9,126,61,8,20,112,97,72,15" hai3="134,38,130,35,33,14,48,105,102,115,51,17,71"/><U128/><E10/><V91/><F126/><N who="1" m="48169" /><E31/><V120/><F120/><W56/><G71/><T28/><D28/><U74/><E30/><V114/><F37/><W42/><G105/><T125/><D125/><U111/><E118/><V43/><F43/><W54/><G115/><N who="2" m="44073" /><F20/><W60/><G130/><N who="1" m="50282" /><E90/><V5/><F72/><W88/><G134/><T45/><D135/><U73/><E101/><V116/><F116/><W4/><G102/><T0/><D133/><U34/><E106/><V68/><F80/><W76/><G76/><N who="1" m="29226" /><E34/><V26/><F26/><W85/><G4/><N who="2" m="1641" /><F15/><W58/><G51/><T94/><D113/><U50/><E50/><V49/><F49/><W40/><G38/><T47/><D36/><U107/><E107/><V32/><F32/><W119/><G119/><T75/><D104/><U132/><E132/><V16/><F16/><W100/><G100/><T3/><D103/><U63/><E63/><V22/><F22/><N who="3" m="11575" /><G33/><T82/><D11/><U89/><E89/><V7/><F7/><W123/><G35/><T2/><D2/><U19/><E19/><V46/><F46/><W27/><G27/><T18/><D45/><U24/><E24/><V93/><AGARI ba="0,0" hai="8,9,61,66,68,91,93,97" m="1641,44073" machi="93" ten="30,2000,0" yaku="15,1,11,1" doraHai="70" who="2" fromWho="2" sc="448,-5,105,-10,281,20,166,-5" /><INIT seed="6,0,0,3,2,17" ten="443,95,301,161" oya="2" hai0="67,130,48,24,34,89,113,9,103,5,7,39,53" hai1="68,79,45,42,72,29,57,31,2,69,33,78,52" hai2="59,28,11,6,102,27,110,95,97,94,30,44,50" hai3="46,63,134,3,119,104,128,126,51,92,99,93,106"/><V116/><F116/><W80/><G119/><T75/><D39/><U47/><E2/><V121/><F121/><W84/><G128/><T18/><D75/><U0/><E0/><V74/><F74/><W77/><G126/><T85/><D113/><U43/><E72/><V120/><F120/><W10/><G134/><T83/><D67/><U132/><E57/><V23/><F110/><W122/><G63/><T98/><D130/><U38/><E38/><V66/><F30/><W60/><G60/><T32/><D18/><U86/><E86/><V131/><F131/><W19/><G122/><T100/><D24/><U108/><E52/><N who="2" m="29767" /><F94/><W107/><G99/><T16/><D98/><U12/><E12/><N who="2" m="5239" /><F59/><W87/><G87/><T135/><D85/><U114/><E33/><V71/><F71/><W73/><G73/><T123/><D32/><U1/><E1/><V20/><F66/><W101/><G101/><T22/><D103/><U35/><E35/><V118/><F118/><W8/><G8/><T13/><D9/><U117/><E117/><V76/><F76/><W61/><G61/><T25/><D135/><U55/><E132/><V4/><F4/><N who="3" m="1311" /><G19/><T111/><D111/><U15/><E108/><V124/><F124/><W133/><G133/><T49/><D34/><U14/><REACH who="1" step="1"/><E55/><REACH who="1" ten="443,85,301,161" step="2"/><V96/><F96/><W81/><G81/><T112/><D83/><U90/><E90/><V109/><F109/><W36/><G36/><T64/><D123/><U56/><E56/><V21/><AGARI ba="0,1" hai="20,21,23,27,28,95,97,102" m="5239,29767" machi="21" ten="30,12000,1" yaku="8,1,52,3,54,1" doraHai="17" who="2" fromWho="2" sc="443,-40,85,-40,301,130,161,-40" /><INIT seed="6,1,0,0,4,129" ten="403,45,431,121" oya="2" hai0="14,99,98,78,35,38,128,103,96,31,32,61,37" hai1="100,22,131,34,123,119,85,68,110,124,42,112,28" hai2="9,10,50,44,6,46,88,77,116,114,81,41,121" hai3="16,134,13,135,90,63,113,79,106,58,27,130,133"/><V52/><F121/><W105/><G130/><T73/><D128/><U75/><RYUUKYOKU type="yao9" ba="1,0" sc="403,0,45,0,431,0,121,0" hai1="22,28,34,42,68,75,85,100,110,112,119,123,124,131" /><INIT seed="6,2,0,1,1,16" ten="403,45,431,121" oya="2" hai0="112,44,130,49,96,13,37,98,60,42,128,95,90" hai1="114,94,132,54,46,78,52,12,50,111,102,71,45" hai2="82,34,66,73,38,36,6,68,120,7,113,70,115" hai3="32,27,77,65,124,86,58,108,122,43,92,69,59"/><V9/><F120/><W23/><G122/><T109/><D109/><U110/><E71/><N who="2" m="27179" /><F34/><W17/><G108/><T99/><D112/><N who="2" m="43082" /><F66/><W62/><G124/><T67/><D37/><N who="2" m="14442" /><F9/><W121/><G121/><T10/><D60/><U84/><E114/><V30/><F30/><W20/><G32/><T47/><D67/><U28/><E28/><V87/><F73/><W117/><G117/><T11/><D47/><U4/><E46/><V19/><F19/><W103/><G43/><T80/><D11/><U104/><E45/><V24/><F24/><W88/><G103/><T33/><D33/><U55/><E102/><V125/><F125/><W31/><G77/><AGARI ba="2,0" hai="6,7,77,82,87" m="14442,43082,27179" machi="77" ten="40,2000,0" yaku="15,1" doraHai="16" who="2" fromWho="3" sc="403,0,45,0,431,26,121,-26" /><INIT seed="6,3,0,1,3,102" ten="403,45,457,95" oya="2" hai0="90,104,28,124,111,6,3,131,93,115,122,47,42" hai1="36,78,85,13,33,12,2,135,59,117,38,74,84" hai2="99,72,41,40,100,101,15,46,35,62,82,76,26" hai3="70,106,9,27,20,67,51,23,81,48,11,57,128"/><V130/><F130/><W127/><G70/><T77/><D111/><U49/><E117/><V103/><F15/><W10/><G128/><T132/><D131/><U14/><E33/><V54/><F41/><W7/><G106/><T16/><D122/><U30/><E2/><V118/><F118/><W91/><G127/><T123/><D123/><U61/><E30/><V66/><F54/><W129/><G129/><T121/><D121/><U79/><E74/><V44/><F26/><W120/><G120/><T17/><D124/><U133/><E49/><N who="3" m="19018" /><G7/><T45/><D115/><U88/><E59/><V69/><F35/><W60/><G27/><T112/><D112/><U63/><REACH who="1" step="1"/><E14/><REACH who="1" ten="403,35,457,95" step="2"/><V34/><F34/><W107/><G107/><T114/><D3/><U19/><E19/><V5/><F5/><W80/><G91/><AGARI ba="3,1" hai="12,13,36,38,61,63,78,79,84,85,88,91,133,135" machi="91" ten="25,6400,0" yaku="1,1,22,2,54,1,53,0" doraHai="102" doraHaiUra="39" who="1" fromWho="3" sc="403,0,35,83,457,0,95,-73" /><INIT seed="7,0,0,3,3,122" ten="403,118,457,22" oya="3" hai0="125,66,47,31,67,113,72,26,74,119,37,73,134" hai1="63,100,1,2,131,41,18,71,116,64,105,88,14" hai2="4,77,107,85,98,53,114,23,43,93,40,76,91" hai3="92,69,70,17,39,82,104,130,3,60,19,65,128"/><W121/><G104/><T68/><D119/><U35/><E116/><V124/><F114/><W5/><G121/><T86/><D134/><U56/><E131/><N who="3" m="50218" /><G39/><T135/><D135/><U11/><E35/><V94/><F107/><W6/><G92/><T28/><D125/><U61/><E41/><N who="2" m="15947" /><F124/><W99/><G99/><T51/><D37/><U89/><E100/><N who="2" m="60495" /><F4/><N who="3" m="1643" /><G3/><T58/><D113/><U33/><E33/><V27/><F53/><W29/><G29/><AGARI ba="0,0" hai="23,27,29,76,77,85,91,94" m="60495,15947" machi="29" ten="30,1000,0" yaku="8,1" doraHai="122" who="2" fromWho="3" sc="403,0,118,0,457,10,22,-10" owari="403,20.0,118,-28.0,467,57.0,12,-49.0" /></mjloggm>