<mjloggm ver="2.3"><GO type="169" lobby="0"/><UN n0="%4B%69%74%61%6D%75%72%61" n1="%E8%AA%89%E6%9C%89%E5%B7%9E%E8%B9%B4" n2="%EF%BC%88%E3%83%BB%EF%BC%88%E3%83%B1%EF%BC%89%E3%83%BB%EF%BC%89" n3="%6B%61%69%74%75" dan="16,16,16,16" rate="2091.27,2023.18,2098.17,2107.93" sx="F,M,M,M"/><TAIKYOKU oya="0"/><INIT seed="0,0,0,2,4,127" ten="250,250,250,250" oya="0" hai0="90,103,117,111,130,64,98,106,19,96,16,45,36" hai1="9,51,71,81,94,60,132,102,10,115,91,12,65" hai2="70,14,68,18,41,2,86,83,27,21,24,54,0" hai3="23,6,73,22,4,118,84,30,63,61,5,124,134"/><T13/><D117/><U74/><E132/><V122/><F122/><W11/><G118/><T131/><D111/><U76/><E115/><V125/><F125/><W99/><G124/><T67/><D36/><U31/><E31/><V33/><F41/><W47/><G73/><T8/><D45/><U57/><E102/><V95/><F95/><W123/><G123/><T126/><D126/><U59/><E51/><V116/><F116/><W26/><G134/><T28/><D28/><U107/><E107/><V44/><F68/><W43/><G23/><T52/><D52/><U78/><E78/><V29/><F70/><W50/><G99/><T128/><D19/><U38/><E10/><V62/><F27/><W120/><G120/><T92/><AGARI ba="0,0" hai="8,13,16,64,67,90,92,96,98,103,106,128,130,131" machi="92" ten="40,18000,2" yaku="0,1,19,1,52,3,54,1" doraHai="127" who="0" fromWho="0" sc="250,180,250,-60,250,-60,250,-60" /><INIT seed="0,1,0,3,2,68" ten="430,190,190,190" oya="0" hai0="121,93,12,89,66,99,4,97,65,71,27,111,41" hai1="39,60,115,52,8,69,22,58,81,40,11,0,64" hai2="110,114,56,70,120,94,108,88,116,62,72,129,6" hai3="34,55,128,96,9,119,42,73,37,24,106,104,122"/><T26/><D121/><U87/><E115/><V2/><F114/><W43/><G122/><T75/><D75/><U124/><E124/><V57/><F72/><W79/><G119/><T23/><D111/><N who="2" m="42538" /><F120/><W80/><G55/><T45/><D71/><U1/><E1/><V123/><F123/><W48/><G48/><T113/><D113/><U100/><E100/><V130/><F116/><W13/><G128/><N who="2" m="49257" /><F6/><W29/><G96/><T31/><D99/><U47/><E22/><V3/><F70/><W38/><G104/><T83/><D83/><U133/><E0/><N who="2" m="43" /><F62/><W36/><REACH who="3" step="1"/><G106/><REACH who="3" ten="430,190,190,180" step="2"/><T61/><D61/><U126/><E126/><V134/><F134/><W105/><G105/><T74/><D97/><AGARI ba="1,1" hai="56,57,88,94,97" m="43,49257,42538" machi="97" ten="40,5200,0" yaku="14,1,19,1,54,1" doraHai="68" who="2" fromWho="0" sc="430,-55,190,0,190,65,180,0" /><INIT seed="1,0,0,5,3,104" ten="375,190,255,180" oya="1" hai0="30,62,111,135,103,50,113,48,76,49,38,60,118" hai1="81,40,0,70,98,72,4,79,101,134,112,29,51" hai2="2,97,129,96,7,115,8,22,132,92,120,124,12" hai3="77,25,18,122,78,90,100,5,26,52,125,43,24"/><U15/><E112/><V108/><F108/><W114/><G122/><T64/><D113/><U86/><E134/><V85/><F120/><W69/><G114/><T56/><D118/><U44/><E70/><V31/><F115/><W21/><G69/><T46/><D103/><U11/><E0/><V74/><F129/><W68/><G68/><N who="0" m="41991" /><D76/><U107/><REACH who="1" step="1"/><E29/><REACH who="1" ten="375,180,255,180" step="2"/><V117/><F132/><W102/><G125/><T91/><D30/><U27/><E27/><V14/><F124/><W110/><G25/><T106/><D135/><U93/><E93/><V131/><F117/><W65/><G26/><T55/><D106/><U105/><E105/><V3/><F3/><W127/><G127/><T89/><D111/><U9/><E9/><V33/><F2/><W71/><G110/><T99/><D99/><U54/><E54/><V126/><F97/><W23/><G52/><T66/><D55/><U41/><E41/><V87/><F96/><W109/><G43/><T67/><D67/><U119/><E119/><V83/><F8/><W45/><G65/><T84/><D66/><U47/><E47/><V133/><F31/><W13/><G45/><T88/><D46/><U123/><E123/><V28/><F28/><W16/><G71/><T17/><D56/><U53/><E53/><V36/><F133/><W128/><G109/><T73/><D62/><U63/><E63/><V130/><F126/><W32/><G128/><T82/><D82/><U59/><E59/><V1/><F130/><W35/><G24/><T20/><D20/><U94/><E94/><V95/><F131/><W80/><G21/><RYUUKYOKU ba="0,1" sc="375,-10,180,30,255,-10,180,-10" hai1="4,11,15,40,44,51,72,79,81,86,98,101,107" /><INIT seed="1,1,1,0,5,134" ten="365,210,245,170" oya="1" hai0="108,117,15,82,73,83,64,2,30,57,39,11,102" hai1="56,46,107,22,96,0,121,95,77,87,65,133,25" hai2="90,5,85,3,48,9,17,8,125,53,37,76,42" hai3="47,104,31,10,1,72,67,12,18,33,21,113,6"/><U60/><E121/><V109/><F125/><W35/><G104/><T129/><D117/><U105/><E133/><V71/><F71/><W124/><G72/><T58/><D2/><U78/><E0/><V40/><F109/><W55/><G67/><T70/><D39/><U112/><E112/><V106/><F76/><W118/><G113/><T14/><D108/><U50/><E87/><V28/><F28/><W75/><G75/><T32/><D102/><U62/><E62/><V19/><F106/><W34/><G118/><T119/><D70/><U26/><E26/><V127/><F127/><W126/><REACH who="3" step="1"/><G31/><REACH who="3" ten="365,210,245,160" step="2"/><T4/><D64/><U114/><E107/><V69/><F69/><W43/><G43/><T101/><D30/><N who="1" m="17719" /><E105/><V94/><F37/><W54/><G54/><T98/><D73/><U41/><E114/><V20/><F42/><W7/><G7/><T81/><D4/><U13/><E13/><V123/><F40/><W103/><G103/><AGARI ba="1,2" hai="41,46,50,56,60,65,77,78,95,96,103" m="17719" machi="103" ten="30,2900,0" yaku="25,1,8,1" doraHai="134" who="1" fromWho="3" sc="365,0,210,52,245,0,160,-32" /><INIT seed="1,2,0,2,3,117" ten="365,262,245,128" oya="1" hai0="12,25,131,101,22,125,10,86,36,82,87,92,55" hai1="119,11,61,74,103,72,38,97,58,56,93,37,26" hai2="8,96,85,40,108,59,94,83,107,68,64,128,99" hai3="69,62,23,73,135,84,113,109,134,105,126,122,79"/><U88/><E119/><V16/><F108/><W30/><G30/><T3/><D3/><U67/><E58/><V44/><F128/><W6/><G6/><T34/><D131/><U27/><E74/><V50/><F68/><W121/><G23/><T35/><D36/><U43/><E72/><V81/><F107/><W91/><G109/><T90/><D125/><U114/><E114/><V0/><F0/><W7/><G7/><T65/><D65/><U41/><E38/><V77/><F83/><N who="3" m="45551" /><G113/><T28/><D55/><U9/><E103/><V71/><F71/><W53/><G53/><T1/><D1/><U4/><E9/><V106/><F106/><W70/><G126/><T104/><D104/><U132/><E132/><N who="3" m="50730" /><G105/><T39/><D39/><U51/><E37/><V21/><F8/><W123/><G62/><T80/><D101/><U66/><E66/><V17/><F17/><W19/><G19/><T98/><D35/><U52/><E67/><V100/><F64/><W2/><G2/><T102/><D34/><U133/><E133/><V127/><F59/><W18/><G18/><T130/><D130/><U116/><E116/><V45/><F45/><W14/><G14/><T124/><D124/><U42/><E61/><V129/><F129/><W49/><G49/><T29/><D29/><U57/><E57/><V120/><F127/><W112/><G112/><T48/><D48/><U75/><E75/><V24/><F50/><W115/><G115/><T63/><D63/><U111/><E111/><V33/><F33/><W95/><AGARI ba="2,0" hai="69,70,84,91,95,121,122,123" m="50730,45551" machi="95" ten="40,8000,1" yaku="20,1,52,3" doraHai="117" who="3" fromWho="3" sc="365,-22,262,-42,245,-22,128,86" /><INIT seed="2,0,0,5,0,15" ten="343,220,223,214" oya="2" hai0="91,94,10,12,61,113,105,4,101,110,106,107,49" hai1="42,50,54,11,44,93,102,5,51,77,125,81,115" hai2="23,119,43,130,103,88,55,116,53,36,70,73,114" hai3="90,111,63,134,60,129,132,39,118,0,6,33,104"/><V29/><F114/><W31/><G118/><T75/><D113/><U17/><E115/><V32/><F73/><W76/><G129/><T64/><D110/><U82/><E125/><V128/><F32/><W7/><G111/><T57/><D75/><U89/><E102/><V21/><F70/><W19/><G104/><T58/><D101/><U26/><E5/><V35/><F35/><W2/><G39/><T8/><D8/><U124/><E124/><V117/><F103/><W109/><G90/><T37/><D37/><U20/><E11/><V74/><F74/><W3/><G76/><T126/><D126/><U131/><E77/><V13/><F43/><W16/><G33/><T40/><D40/><U83/><E131/><N who="2" m="50219" /><F36/><W86/><G86/><T30/><D30/><U133/><E133/><N who="3" m="51306" /><G31/><T71/><REACH who="0" step="1"/><D49/><REACH who="0" ten="333,220,223,214" step="2"/><U85/><REACH who="1" step="1"/><E82/><REACH who="1" ten="333,210,223,214" step="2"/><V1/><F117/><W108/><G108/><T25/><D25/><U24/><E24/><V127/><F119/><W48/><G109/><T121/><D121/><U14/><E14/><V47/><F13/><W87/><G48/><T66/><D66/><U68/><E68/><V38/><F116/><W18/><G87/><AGARI ba="0,2" hai="4,10,12,57,58,61,64,71,87,91,94,105,106,107" machi="87" ten="40,1300,0" yaku="1,1,53,0" doraHai="15" doraHaiUra="96" who="0" fromWho="3" sc="333,33,210,0,223,0,214,-13" /><INIT seed="3,0,0,0,1,66" ten="366,210,223,201" oya="3" hai0="8,30,86,101,74,121,129,61,31,109,11,77,97" hai1="124,23,53,83,95,117,0,70,50,59,65,18,85" hai2="93,119,26,75,82,33,17,91,127,9,89,6,14" hai3="103,52,45,40,120,58,105,4,34,102,73,69,27"/><W135/><G120/><T3/><D121/><U63/><E124/><V15/><F127/><W49/><G73/><T132/><D74/><U7/><E117/><V5/><F119/><W72/><G72/><T54/><D109/><U104/><E104/><V57/><F33/><W13/><G105/><T35/><D132/><U99/><E7/><V42/><F26/><W24/><G135/><T46/><D129/><U16/><E0/><V111/><F111/><W20/><G69/><T76/><D35/><U112/><E112/><V22/><F75/><W96/><G34/><T78/><D86/><U37/><E37/><V38/><F42/><W107/><G103/><T25/><D25/><U21/><E21/><V116/><F38/><W114/><G114/><T47/><D47/><U2/><E23/><V36/><F36/><W55/><G55/><T51/><D61/><U32/><E2/><V28/><F28/><N who="0" m="10794" /><D3/><U29/><E29/><V39/><F39/><W123/><G123/><T48/><D48/><U130/><E130/><V71/><F71/><W122/><G122/><T98/><D101/><U81/><E32/><V88/><F82/><W126/><G126/><T1/><D1/><U79/><REACH who="1" step="1"/><E83/><REACH who="1" ten="366,200,223,201" step="2"/><V125/><F116/><W43/><G4/><T41/><D11/><U12/><E12/><V106/><F106/><W80/><G80/><T100/><D8/><U90/><AGARI ba="0,1" hai="16,18,50,53,59,63,65,70,79,81,85,90,95,99" machi="90" ten="20,12000,2" yaku="1,1,0,1,7,1,52,1,54,1,53,1" doraHai="66" doraHaiUra="56" who="1" fromWho="1" sc="366,-30,200,130,223,-30,201,-60" /><INIT seed="4,0,0,0,4,7" ten="336,330,193,141" oya="0" hai0="110,46,75,94,1,21,115,47,38,77,29,97,118" hai1="4,22,34,85,24,106,101,93,117,104,9,15,89" hai2="48,63,53,113,57,81,129,67,103,125,73,52,123" hai3="105,116,111,107,95,25,19,58,71,33,65,23,51"/><T6/><D118/><U66/><E117/><V3/><F123/><W90/><G116/><T62/><D115/><U126/><E34/><V112/><F3/><W131/><G131/><T83/><D110/><U134/><E126/><V76/><F129/><W0/><G111/><T32/><D32/><U43/><E134/><V122/><F125/><W54/><G0/><T84/><D75/><U102/><E43/><V16/><F122/><W55/><G33/><T92/><D38/><U2/><E66/><V18/><F103/><W11/><G71/><T26/><D94/><U36/><E36/><V120/><F53/><W61/><G65/><T88/><REACH who="0" step="1"/><D62/><REACH who="0" ten="326,330,193,141" step="2"/><U56/><E104/><V79/><F120/><W124/><G124/><T128/><D128/><U98/><E102/><V127/><F127/><W45/><REACH who="3" step="1"/><G11/><AGARI ba="0,1" hai="1,6,11,21,26,29,46,47,77,83,84,88,92,97" machi="11" ten="40,7700,0" yaku="1,1,52,1,54,1,53,0" doraHai="7" doraHaiUra="8" who="0" fromWho="3" sc="326,87,330,0,193,0,141,-77" /><INIT seed="4,1,0,1,2,2" ten="413,330,193,64" oya="0" hai0="73,55,63,13,35,56,129,41,72,68,9,81,80" hai1="44,51,92,33,104,29,76,10,83,27,99,90,86" hai2="39,18,96,78,89,54,23,14,91,87,57,119,113" hai3="40,67,34,123,100,59,37,85,53,45,66,130,38"/><T95/><D35/><U4/><E104/><V28/><F119/><W22/><G123/><T8/><D129/><U125/><E125/><V93/><F113/><W42/><G130/><T105/><D105/><U69/><E69/><V121/><F39/><W116/><G116/><T101/><D68/><U30/><E27/><V64/><F121/><W88/><G34/><T25/><D41/><U98/><E98/><V132/><F132/><W61/><G100/><T77/><D25/><U0/><REACH who="1" step="1"/><E33/><REACH who="1" ten="413,320,193,64" step="2"/><V50/><F28/><W102/><G102/><T71/><D71/><U7/><E7/><V17/><F17/><W124/><G124/><T94/><D101/><U5/><E5/><V110/><F110/><W134/><G134/><T118/><D118/><U21/><E21/><V49/><F78/><W62/><G22/><T133/><D133/><U16/><E16/><V3/><F3/><W114/><G114/><T97/><D97/><U127/><E127/><V122/><F122/><W128/><G128/><T15/><D15/><U36/><E36/><V26/><F14/><W126/><G126/><T20/><D20/><U32/><E32/><V6/><F6/><W65/><G38/><T1/><D1/><U111/><E111/><V58/><F18/><W75/><G37/><T108/><D108/><U103/><E103/><V11/><F23/><W46/><G75/><T115/><D115/><U47/><E47/><N who="3" m="17930" /><G85/><T107/><D107/><U70/><E70/><V135/><F87/><W117/><G117/><T112/><D112/><U43/><AGARI ba="1,1" hai="0,4,10,29,30,43,44,51,76,83,86,90,92,99" machi="43" ten="20,5200,0" yaku="1,1,0,1,7,1,52,1,53,0" doraHai="2" doraHaiUra="106" who="1" fromWho="1" sc="413,-27,320,65,193,-14,64,-14" /><INIT seed="5,0,0,4,5,133" ten="386,385,179,50" oya="1" hai0="102,56,135,37,58,57,73,22,87,72,38,96,35" hai1="95,47,121,122,60,27,61,43,74,79,85,44,126" hai2="68,21,117,66,36,49,109,92,42,76,115,26,17" hai3="3,62,2,81,20,91,13,103,78,31,101,41,70"/><U114/><E74/><V8/><F117/><W71/><G41/><T11/><D35/><U55/><E114/><V84/><F109/><W98/><G91/><T30/><D135/><U89/><E79/><V14/><F115/><W108/><G108/><T120/><D120/><U15/><E122/><V67/><F36/><W4/><G103/><T107/><D11/><U124/><E121/><V125/><F125/><N who="1" m="48233" /><E55/><V29/><F68/><W69/><G62/><N who="1" m="24170" /><E43/><V63/><F63/><W46/><G46/><N who="1" m="17450" /><E15/><V6/><F67/><W23/><G13/><T110/><D73/><U75/><E75/><V65/><F66/><W45/><G78/><T82/><D72/><U50/><E27/><V132/><F65/><W113/><G113/><T16/><D110/><U100/><E100/><V106/><F14/><W112/><G112/><T48/><D102/><U39/><E50/><V97/><F49/><W0/><G81/><T111/><D82/><U34/><E34/><V129/><F26/><W18/><G70/><T123/><D48/><U118/><E118/><V64/><F64/><W7/><G101/><T28/><D123/><U1/><E39/><V105/><F42/><W25/><G71/><T51/><D51/><U10/><E10/><V99/><F8/><W94/><G69/><T32/><D32/><U5/><E5/><V40/><F6/><W54/><G54/><T134/><D111/><U90/><E90/><V80/><F76/><W33/><G45/><T119/><D38/><U83/><E83/><V116/><F80/><W86/><G33/><T52/><D37/><U59/><E59/><RYUUKYOKU ba="0,0" sc="386,-10,385,30,179,-10,50,-10" hai1="1,85,89,95" /><INIT seed="5,1,0,1,3,128" ten="376,415,169,40" oya="1" hai0="44,34,51,103,83,135,22,96,18,72,49,17,124" hai1="57,79,46,9,0,117,4,2,42,19,120,109,99" hai2="61,53,68,127,75,129,97,107,32,133,7,119,8" hai3="102,114,5,23,59,21,50,43,104,95,118,35,131"/><U76/><E120/><V13/><F133/><W67/><G104/><T47/><D34/><U90/><E117/><V1/><F129/><W14/><G131/><T28/><D124/><U80/><E109/><V54/><F127/><W66/><G114/><T112/><D112/><U58/><E2/><V20/><F119/><W126/><G126/><T134/><D28/><U41/><E41/><V69/><F75/><W48/><G118/><T82/><D72/><U60/><E19/><V16/><F32/><W81/><G35/><T63/><D63/><U24/><E24/><V55/><REACH who="2" step="1"/><F61/><REACH who="2" ten="376,415,159,40" step="2"/><W113/><G113/><T3/><D135/><U98/><E60/><V12/><F12/><W77/><G67/><T33/><D134/><U123/><E0/><V30/><F30/><W94/><G66/><T40/><D3/><U31/><E31/><V106/><F106/><W122/><G122/><T111/><D33/><U6/><E123/><V73/><F73/><W26/><G14/><T74/><D74/><U11/><E6/><V100/><AGARI ba="1,1" hai="1,7,8,13,16,20,53,54,55,68,69,97,100,107" machi="100" ten="30,4000,0" yaku="1,1,0,1,54,1,53,0" doraHai="128" doraHaiUra="45" who="2" fromWho="2" sc="376,-11,415,-21,159,53,40,-11" /><INIT seed="6,0,0,5,0,104" ten="365,394,212,29" oya="2" hai0="133,16,5,9,79,6,86,116,12,80,76,92,13" hai1="34,3,58,49,27,77,94,42,63,28,107,117,93" hai2="119,111,64,114,108,33,125,98,39,115,22,127,14" hai3="102,109,35,43,131,45,60,85,2,26,66,95,118"/><V31/><F64/><W75/><G118/><T47/><D116/><U40/><E117/><V84/><F84/><W91/><G109/><N who="2" m="42057" /><F98/><W69/><G131/><T8/><D133/><U120/><E107/><V15/><F39/><W74/><G2/><T122/><D122/><U10/><E120/><V57/><F57/><W67/><G67/><T121/><D121/><U37/><E37/><V78/><F78/><W123/><G102/><T90/><D5/><U135/><E135/><V0/><F0/><W55/><G55/><T54/><D92/><U61/><E77/><V68/><F68/><W23/><G35/><T50/><AGARI ba="0,0" hai="6,8,9,12,13,16,47,50,54,76,79,80,86,90" machi="50" ten="30,8000,1" yaku="0,1,25,2,8,1,54,1" doraHai="104" who="0" fromWho="0" sc="365,80,394,-20,212,-40,29,-20" /><INIT seed="7,0,0,4,1,23" ten="445,374,172,9" oya="3" hai0="120,75,36,46,100,77,67,126,26,54,30,31,80" hai1="14,29,122,1,63,105,134,125,65,124,93,117,74" hai2="12,85,9,16,58,43,42,11,94,33,129,56,79" hai3="116,35,15,38,55,64,87,48,49,32,51,0,3"/><W44/><G116/><T7/><D120/><U34/><E122/><V86/><F33/><N who="3" m="12875" /><G64/><T111/><D111/><U127/><E117/><V76/><F129/><W123/><G123/><T68/><D126/><U95/><E134/><V82/><F94/><W104/><G15/><T24/><D100/><U135/><E135/><V52/><F58/><W107/><G87/><T40/><D54/><U96/><E1/><N who="3" m="586" /><G55/><T53/><D7/><U133/><E74/><V18/><F76/><W66/><G66/><T4/><D4/><U72/><E72/><V81/><F81/><W110/><G110/><T70/><D53/><U102/><E14/><N who="2" m="7247" /><F86/><W20/><G20/><T28/><REACH who="0" step="1"/><D67/><REACH who="0" ten="435,374,172,9" step="2"/><U109/><E109/><V88/><F79/><W37/><G44/><T99/><D99/><U61/><E133/><V69/><F69/><AGARI ba="0,1" hai="24,26,28,30,31,36,40,46,68,69,70,75,77,80" machi="69" ten="40,8000,1" yaku="1,1,52,2,53,1" doraHai="23" doraHaiUra="106" who="0" fromWho="2" sc="435,90,374,0,172,-80,9,0" owari="525,63.0,374,17.0,92,-31.0,9,-49.0" /></mjloggm>