<mjloggm ver="2.3"><GO type="169" lobby="0"/><UN n0="%E3%83%95%E3%82%A3%E3%83%AD%E3%82%BD%E3%83%95%E3%82%A3%E3%82%A2" n1="%7A%65%52%6F" n2="%74%61%6B%65%33" n3="%54%6F%72%75" dan="17,17,16,17" rate="2103.92,2206.34,2138.53,2138.95" sx="M,M,M,M"/><TAIKYOKU oya="0"/><INIT seed="0,0,0,4,4,79" ten="250,250,250,250" oya="0" hai0="27,82,21,0,76,6,38,69,44,5,43,19,121" hai1="75,70,122,115,11,111,67,16,34,94,47,60,33" hai2="71,2,22,52,31,46,133,91,26,57,112,61,84" hai3="72,17,56,18,51,74,100,131,109,37,132,93,3"/><T65/><D121/><U97/><E122/><V78/><F133/><W106/><G37/><T85/><REACH who="0" step="1"/><D0/><REACH who="0" ten="240,250,250,250" step="2"/><U88/><E115/><V104/><F2/><W113/><G3/><T86/><D86/><U105/><E75/><V9/><F112/><W1/><G1/><T125/><D125/><U59/><E111/><V127/><F127/><W114/><G72/><T68/><D68/><U24/><E70/><V135/><F71/><W12/><G74/><T118/><D118/><U66/><E34/><V50/><F135/><W10/><G109/><T8/><D8/><U124/><E33/><V45/><F9/><W130/><G132/><T102/><D102/><U110/><E110/><V55/><F104/><W53/><G106/><T30/><D30/><U90/><E124/><V40/><F78/><W99/><G114/><T54/><D54/><U129/><E105/><V120/><F120/><W83/><G113/><T103/><D103/><U119/><E119/><V13/><F55/><W123/><G123/><T81/><D81/><U87/><E11/><V39/><F31/><W36/><G83/><T20/><D20/><U15/><E87/><V32/><F32/><W28/><G28/><T134/><D134/><U80/><E80/><V49/><F84/><W77/><G77/><T96/><D96/><U107/><E97/><V95/><F22/><W116/><G116/><T108/><D108/><U101/><E101/><V126/><F126/><W14/><G17/><T29/><D29/><U58/><E16/><V63/><F52/><W73/><G73/><T42/><D42/><U41/><E41/><RYUUKYOKU ba="0,1" sc="240,30,250,-10,250,-10,250,-10" hai0="5,6,19,21,27,38,43,44,65,69,76,82,85" /><INIT seed="0,1,1,1,4,108" ten="270,240,240,240" oya="0" hai0="119,94,68,50,75,104,114,87,96,105,36,85,64" hai1="120,109,54,52,129,102,13,98,12,127,100,92,53" hai2="45,57,26,10,24,99,134,42,9,60,66,130,126" hai3="111,113,18,14,61,59,123,38,70,0,67,17,72"/><T20/><D36/><U128/><E120/><V71/><F126/><W115/><G0/><T89/><D119/><U125/><E109/><V90/><F130/><N who="1" m="50281" /><E102/><V34/><F134/><W112/><G111/><T43/><D75/><U124/><AGARI ba="1,1" hai="12,13,52,53,54,92,98,100,124,125,127" m="50281" machi="124" ten="40,5200,0" yaku="18,1,19,1,54,1" doraHai="108" who="1" fromWho="1" sc="270,-27,240,65,240,-14,240,-14" /><INIT seed="1,0,0,1,3,34" ten="243,305,226,226" oya="1" hai0="92,80,23,31,50,127,116,60,81,51,67,0,53" hai1="101,49,74,93,56,108,117,115,55,1,104,24,10" hai2="13,63,37,132,6,17,52,94,78,21,19,61,18" hai3="133,45,119,97,32,86,106,83,129,96,12,107,47"/><U84/><E115/><V39/><F132/><W25/><G129/><T103/><D116/><U16/><E117/><V87/><F39/><W98/><G133/><T126/><D0/><U135/><E74/><V114/><F37/><W131/><G131/><T30/><D30/><U20/><E135/><V68/><F68/><W79/><G119/><T69/><D50/><U4/><E108/><V122/><F122/><W22/><G32/><T109/><D109/><U82/><E104/><V85/><F6/><W15/><G106/><T123/><D123/><U64/><E64/><V62/><F114/><W73/><G73/><T112/><D112/><U99/><E84/><V71/><F71/><W35/><G35/><T41/><D41/><U65/><REACH who="1" step="1"/><E65/><REACH who="1" ten="243,295,226,226" step="2"/><V89/><F85/><W90/><G107/><T95/><D67/><U2/><E2/><V100/><F78/><W44/><REACH who="3" step="1"/><G79/><REACH who="3" ten="243,295,226,216" step="2"/><T124/><D124/><U128/><E128/><V11/><F87/><W42/><G42/><T130/><D130/><U33/><E33/><V29/><F21/><W5/><G5/><T43/><D23/><U120/><E120/><V38/><F11/><W36/><G36/><T58/><D127/><U72/><E72/><V75/><F38/><W9/><G9/><T134/><D134/><U105/><E105/><V46/><F75/><W70/><G70/><T7/><D69/><U40/><E40/><V118/><F118/><W102/><G102/><T57/><D103/><U8/><E8/><V26/><F100/><W110/><G110/><T121/><D43/><U27/><E27/><V88/><F26/><RYUUKYOKU ba="0,2" sc="243,-15,295,15,226,-15,216,15" hai1="1,4,10,16,20,24,49,55,56,82,93,99,101" hai3="12,15,22,25,44,45,47,83,86,90,96,97,98" /><INIT seed="1,1,2,3,5,84" ten="228,310,211,231" oya="1" hai0="40,19,69,103,93,52,29,30,71,44,21,77,41" hai1="75,53,128,102,7,15,125,9,108,13,31,2,73" hai2="63,4,123,106,74,43,126,94,134,46,67,117,127" hai3="55,14,82,6,111,113,33,23,47,130,16,26,100"/><U34/><E102/><V78/><F106/><W91/><G113/><T83/><D71/><U50/><E125/><V58/><F117/><W64/><G100/><T86/><D69/><U109/><E128/><V18/><F123/><W132/><G130/><T51/><D103/><U110/><E31/><N who="0" m="11785" /><D93/><U5/><E34/><V57/><F4/><W0/><G0/><T90/><D77/><U104/><E104/><V27/><F134/><W129/><G129/><T61/><D61/><U36/><E36/><V62/><F78/><W122/><G122/><T116/><D116/><U88/><E88/><V37/><F74/><N who="1" m="28169" /><E7/><V119/><F119/><W8/><G132/><T65/><D65/><U131/><E131/><V118/><F118/><W35/><G64/><T124/><D124/><U79/><E79/><V3/><F94/><W68/><G68/><T38/><D38/><U1/><E1/><V45/><F3/><W60/><G35/><T96/><D96/><U133/><E133/><V20/><REACH who="2" step="1"/><F46/><AGARI ba="1,2" hai="2,5,9,13,15,46,50,53,108,109,110" m="28169" machi="46" ten="40,3900,0" yaku="14,1,10,1" doraHai="84" who="1" fromWho="2" sc="228,0,310,62,211,-42,231,0" /><INIT seed="1,2,0,2,4,70" ten="228,372,169,231" oya="1" hai0="123,10,16,116,20,118,17,130,76,56,37,83,82" hai1="80,99,25,72,48,15,112,108,101,19,97,102,84" hai2="6,13,34,120,36,73,115,122,95,28,54,57,53" hai3="128,58,8,79,107,111,94,59,50,91,106,62,67"/><U100/><E112/><V124/><F73/><W3/><G111/><T5/><D130/><U60/><E108/><V7/><F115/><W47/><G128/><T129/><D129/><U131/><E131/><V96/><F124/><W45/><G79/><T49/><D37/><U1/><E1/><V9/><F6/><W121/><G121/><T74/><D123/><U33/><E72/><V89/><F53/><W46/><G3/><T29/><D83/><U55/><E60/><V109/><F109/><W114/><G114/><T66/><D29/><U63/><E63/><V31/><F36/><W30/><G30/><T35/><D35/><U44/><E25/><V75/><F75/><W2/><G58/><T0/><D17/><U26/><E26/><V4/><F4/><W21/><G50/><T78/><D76/><U22/><REACH who="1" step="1"/><E33/><REACH who="1" ten="228,362,169,231" step="2"/><V86/><F34/><W71/><G2/><T69/><D0/><U32/><E32/><V132/><F122/><W39/><G62/><T125/><D74/><U85/><E85/><V113/><F120/><W24/><G24/><T110/><D110/><U61/><E61/><N who="2" m="36023" /><F113/><W87/><G71/><T38/><D69/><U14/><E14/><V51/><F86/><W23/><G87/><T77/><D66/><U41/><E41/><V134/><F51/><W93/><G67/><T103/><D49/><U42/><E42/><V105/><F13/><W40/><G40/><T127/><D38/><U117/><E117/><V27/><F27/><W68/><G68/><T90/><D118/><U11/><E11/><V92/><F9/><W104/><G39/><RYUUKYOKU ba="2,1" sc="228,-10,362,30,169,-10,231,-10" hai1="15,19,22,44,48,55,80,84,97,99,100,101,102" /><INIT seed="1,3,1,2,0,112" ten="218,392,159,221" oya="1" hai0="89,0,113,14,133,27,12,80,56,104,122,78,81" hai1="90,48,98,117,123,20,28,19,121,61,127,101,108" hai2="13,45,6,2,53,42,79,88,96,69,85,76,52" hai3="15,71,115,124,25,46,67,8,4,92,65,82,1"/><U57/><E117/><V118/><F69/><W33/><G115/><T131/><D0/><U40/><E127/><V75/><F96/><W64/><G124/><T130/><D104/><U74/><E74/><V9/><F118/><W91/><G82/><T47/><D113/><U23/><E90/><V109/><F109/><W26/><G71/><T93/><D47/><U102/><E102/><V55/><F2/><W83/><G33/><T103/><D103/><U59/><E23/><V87/><F87/><W43/><G1/><T51/><D78/><U24/><E19/><V44/><F75/><W58/><G58/><T70/><D70/><U107/><E108/><V22/><F22/><W94/><G83/><T116/><D27/><U110/><E110/><V73/><F73/><W39/><REACH who="3" step="1"/><G92/><REACH who="3" ten="218,392,159,211" step="2"/><T125/><D93/><U72/><E59/><V84/><F84/><AGARI ba="3,2" hai="4,8,15,25,26,39,43,46,64,65,67,84,91,94" machi="84" ten="40,5200,0" yaku="1,1,2,1,53,1" doraHai="112" doraHaiUra="7" who="3" fromWho="2" sc="218,0,392,0,159,-61,211,81" /><INIT seed="2,0,0,5,1,101" ten="218,392,98,292" oya="2" hai0="102,77,90,66,89,85,113,98,46,13,95,111,81" hai1="38,105,106,73,64,128,15,52,115,36,40,18,32" hai2="55,54,69,118,39,25,8,68,61,53,50,35,121" hai3="57,78,60,99,96,124,42,97,24,65,28,56,107"/><V47/><F118/><W74/><G124/><T92/><D111/><U6/><E115/><V29/><F121/><W2/><G2/><T82/><D113/><U45/><E73/><V16/><F39/><W63/><G42/><T20/><D46/><U70/><E32/><V83/><F83/><W48/><G48/><T119/><D66/><U3/><E38/><V110/><F110/><W84/><G74/><N who="0" m="43191" /><D13/><U37/><E37/><V126/><F126/><W76/><G84/><N who="0" m="52263" /><D20/><U79/><E79/><V34/><F34/><W104/><G78/><N who="0" m="46295" /><D119/><U133/><E6/><V67/><REACH who="2" step="1"/><F69/><REACH who="2" ten="218,392,88,292" step="2"/><W10/><G76/><T88/><AGARI ba="0,1" hai="88,90,95,98,102" m="46295,52263,43191" machi="88" ten="30,12000,2" yaku="35,5,54,1" doraHai="101" who="0" fromWho="0" sc="218,130,392,-30,88,-60,292,-30" /><INIT seed="3,0,0,1,1,80" ten="348,362,28,262" oya="3" hai0="1,89,74,4,25,99,29,110,5,40,55,8,78" hai1="95,66,118,42,126,70,109,96,71,50,37,18,98" hai2="120,76,112,113,64,23,30,79,115,21,61,84,103" hai3="45,16,85,31,130,100,102,56,2,127,82,22,133"/><W57/><G2/><T121/><D110/><U122/><E122/><V68/><F120/><W48/><G130/><T60/><D121/><U47/><E109/><V131/><F131/><W94/><G31/><T117/><D117/><U81/><E126/><V54/><F103/><W10/><G133/><T27/><D40/><U106/><E118/><V132/><F132/><W86/><G10/><T44/><D5/><U7/><E7/><V129/><F129/><W73/><G73/><T36/><D99/><U34/><E34/><V59/><F30/><W20/><G22/><T24/><D89/><U88/><E66/><V114/><N who="2" m="28672" /><DORA hai="26" /><V75/><F75/><W38/><G38/><T13/><D1/><U67/><E67/><V9/><F9/><W62/><G82/><T49/><D36/><U3/><E3/><V53/><F53/><N who="3" m="29839" /><G127/><T128/><D74/><U39/><E39/><V108/><F108/><W77/><G77/><T28/><D78/><U134/><E81/><V104/><F104/><W58/><G62/><T12/><D60/><U90/><E134/><V111/><F111/><W0/><G0/><T43/><D8/><U51/><E18/><V14/><F14/><N who="0" m="5738" /><D4/><U19/><E19/><V41/><F41/><W116/><G116/><T6/><D6/><U124/><E124/><V17/><F17/><W32/><G32/><T33/><D33/><U93/><E106/><V119/><F119/><W87/><G94/><T35/><D35/><U69/><AGARI ba="0,0" hai="37,42,47,50,51,69,70,71,88,90,93,95,96,98" machi="69" ten="30,4000,0" yaku="0,1,9,1,54,1" doraHai="80,26" who="1" fromWho="1" sc="348,-10,362,40,28,-10,262,-20" /><INIT seed="4,0,0,5,1,66" ten="338,402,18,242" oya="0" hai0="24,22,101,40,1,63,91,117,4,96,33,123,21" hai1="12,121,71,126,32,70,100,60,0,119,73,111,125" hai2="124,48,103,86,50,20,44,47,39,78,80,67,42" hai3="10,94,77,102,25,127,49,110,75,15,106,46,115"/><T118/><D123/><U34/><E119/><V5/><F124/><N who="1" m="47721" /><E121/><V97/><F39/><W128/><G110/><T62/><D40/><U41/><E0/><V54/><F67/><W45/><G106/><T81/><D33/><N who="1" m="12907" /><E111/><V2/><F2/><W27/><G127/><T87/><D118/><U113/><E113/><V134/><F134/><W16/><G128/><T19/><D117/><U133/><E133/><V58/><F20/><W17/><G115/><T83/><D83/><U84/><E73/><V85/><F5/><W56/><G77/><T131/><D131/><U28/><E28/><V88/><F58/><W7/><G75/><T3/><D3/><U26/><E26/><V105/><REACH who="2" step="1"/><F85/><REACH who="2" ten="338,402,8,242" step="2"/><W69/><G56/><T18/><D4/><U30/><E84/><V6/><F6/><W53/><G46/><T79/><D1/><U72/><E72/><V116/><F116/><W95/><G7/><T122/><D122/><U9/><E30/><V55/><F55/><W93/><G17/><T59/><D59/><U52/><E41/><V65/><F65/><W92/><REACH who="3" step="1"/><G69/><REACH who="3" ten="338,402,8,232" step="2"/><T132/><D132/><U31/><E31/><V130/><F130/><W36/><G36/><T57/><D57/><N who="1" m="34855" /><E71/><V107/><F107/><W129/><G129/><T99/><D19/><U37/><E70/><V13/><F13/><W135/><G135/><T64/><D18/><N who="1" m="8463" /><E37/><V38/><F38/><W14/><G14/><T68/><D68/><U23/><E23/><V8/><F8/><W76/><G76/><AGARI ba="0,2" hai="42,44,47,48,50,54,76,78,80,86,88,97,103,105" machi="76" ten="40,2600,0" yaku="1,1,54,1,53,0" doraHai="66" doraHaiUra="114" who="2" fromWho="3" sc="338,0,402,0,8,46,232,-26" /><INIT seed="5,0,0,4,5,134" ten="338,402,54,206" oya="1" hai0="52,118,135,56,0,21,46,90,6,33,32,100,69" hai1="89,13,7,105,101,4,65,67,11,71,68,95,72" hai2="91,51,129,109,113,23,97,14,15,121,73,87,18" hai3="34,122,37,94,30,10,39,96,19,29,79,3,132"/><U44/><E72/><V126/><F73/><W17/><G132/><T98/><D118/><U55/><E7/><V70/><F70/><W50/><G34/><T59/><D69/><U99/><E71/><V81/><F121/><W66/><G122/><T110/><D110/><U107/><E107/><V38/><F109/><W86/><G3/><T106/><D135/><U123/><E123/><V75/><F38/><W36/><G66/><T64/><D46/><U104/><E104/><V127/><F75/><W62/><G62/><T40/><D40/><U41/><E55/><V20/><F129/><W114/><G50/><T45/><D45/><U43/><E43/><V116/><F116/><W108/><G114/><T16/><D90/><U57/><E57/><V103/><F113/><W88/><G108/><T85/><D85/><U60/><E67/><V93/><F51/><W80/><G19/><AGARI ba="0,0" hai="14,15,18,19,20,23,81,87,91,93,97,103,126,127" machi="19" ten="40,5200,0" yaku="9,1,52,2" doraHai="134" who="2" fromWho="3" sc="338,0,402,0,54,52,206,-52" /><INIT seed="6,0,0,4,2,91" ten="338,402,106,154" oya="2" hai0="100,16,3,86,65,127,106,122,47,131,35,117,132" hai1="33,30,55,52,6,32,118,28,123,13,66,26,135" hai2="89,92,41,20,9,129,121,108,37,93,111,4,60" hai3="102,80,40,119,58,48,103,25,11,120,1,70,113"/><V83/><F121/><W38/><G70/><T71/><RYUUKYOKU type="yao9" ba="0,0" sc="338,0,402,0,106,0,154,0" hai0="3,16,35,47,65,71,86,100,106,117,122,127,131,132" /><INIT seed="6,1,0,1,5,113" ten="338,402,106,154" oya="2" hai0="53,94,112,95,34,44,37,80,17,109,77,70,31" hai1="20,119,114,68,76,124,111,39,126,38,105,52,54" hai2="98,88,8,100,61,90,115,122,127,12,135,66,21" hai3="51,131,87,72,92,132,59,129,10,86,36,33,71"/><V11/><F122/><W85/><G71/><T96/><D109/><U1/><E111/><V2/><F115/><W125/><G36/><N who="1" m="13866" /><E105/><V3/><F21/><W57/><G33/><T49/><D37/><U99/><E114/><V58/><F127/><N who="1" m="48681" /><E1/><V47/><F135/><W32/><G32/><T60/><D31/><U30/><E68/><V134/><F134/><W24/><G132/><T22/><D34/><U55/><E76/><V73/><F73/><W103/><G72/><T27/><D112/><U91/><E119/><V41/><F2/><W116/><G116/><T89/><D70/><U42/><E42/><V78/><F78/><W128/><G125/><T117/><D94/><N who="1" m="56799" /><E20/><V63/><F63/><W45/><G103/><T75/><REACH who="0" step="1"/><D60/><REACH who="0" ten="328,402,106,154" step="2"/><U5/><E30/><V19/><F3/><W35/><G92/><T82/><D82/><U118/><E118/><AGARI ba="1,1" hai="17,22,27,44,49,53,75,77,80,89,95,96,117,118" machi="118" ten="40,8000,1" yaku="1,1,52,2,53,1" doraHai="113" doraHaiUra="16" who="0" fromWho="1" sc="328,93,402,-83,106,0,154,0" /><INIT seed="7,0,0,4,0,133" ten="421,319,106,154" oya="3" hai0="106,6,30,95,24,9,94,18,73,2,57,17,46" hai1="70,68,134,89,67,55,28,82,56,105,88,3,7" hai2="96,110,63,102,31,48,129,27,98,116,42,119,75" hai3="69,122,44,127,53,108,121,15,20,38,79,80,84"/><W65/><G127/><T107/><D95/><U39/><E39/><V76/><F110/><W37/><G37/><T126/><D126/><U74/><E105/><V93/><F129/><W22/><G108/><T51/><D57/><U103/><E103/><V16/><F119/><W118/><G118/><T33/><D73/><U111/><E111/><V36/><F36/><W47/><G22/><T0/><D0/><U41/><E41/><V66/><F116/><W35/><G35/><T21/><D18/><U83/><E28/><V115/><F115/><W101/><G101/><T34/><D94/><U97/><E7/><V130/><F130/><W50/><G15/><N who="0" m="9407" /><D33/><U64/><E3/><V26/><F98/><W125/><G53/><AGARI ba="0,0" hai="2,6,9,24,30,34,46,51,53,106,107" m="9407" machi="53" ten="30,1000,0" yaku="24,1" doraHai="133" who="0" fromWho="3" sc="421,10,319,0,106,0,154,-10" owari="431,53.0,319,12.0,106,-39.0,144,-26.0" /></mjloggm>