<mjloggm ver="2.3"><GO type="169" lobby="0"/><UN n0="%6B%61%74%65%72%69%6E%61" n1="%E3%81%B9%E3%81%BB%E3%81%84%E3%81%BF" n2="%69%74%61%2D%70" n3="%E9%81%8A%E8%B5%B0" dan="17,16,16,16" rate="2220.35,2105.81,2162.94,2164.36" sx="M,F,M,F"/><TAIKYOKU oya="0"/><INIT seed="0,0,0,1,3,63" ten="250,250,250,250" oya="0" hai0="135,33,92,35,109,129,17,104,20,99,24,90,111" hai1="100,4,39,122,37,88,107,80,9,79,53,61,3" hai2="36,45,82,32,102,7,86,48,13,112,125,134,116" hai3="28,120,0,115,43,72,130,2,85,76,60,18,64"/><T44/><D135/><U133/><E122/><V101/><F112/><W19/><G115/><T131/><D104/><U75/><E133/><V69/><F32/><W55/><G120/><T70/><D70/><U22/><E107/><V132/><F116/><W89/><G130/><N who="0" m="49675" /><D44/><U94/><E100/><V34/><F34/><AGARI ba="0,0" hai="17,20,24,33,34,35,90,92,99,109,111" m="49675" machi="34" ten="40,2000,0" yaku="19,1" doraHai="63" who="0" fromWho="2" sc="250,20,250,0,250,-20,250,0" /><INIT seed="0,1,0,2,0,102" ten="270,250,230,250" oya="0" hai0="6,31,107,78,88,68,131,109,61,81,122,130,22" hai1="133,4,76,100,95,7,103,59,55,92,120,72,33" hai2="19,48,121,125,43,119,117,58,21,86,14,57,5" hai3="99,20,47,24,135,87,23,27,91,28,13,9,108"/><T0/><D122/><U54/><E120/><V63/><F121/><W38/><G108/><T60/><D109/><U30/><E59/><V77/><F125/><W94/><G135/><T36/><D36/><U106/><E76/><V115/><F5/><W73/><G73/><T39/><D39/><U80/><E80/><N who="2" m="47375" /><F115/><W35/><G27/><N who="0" m="16887" /><D6/><U112/><E72/><V93/><F93/><W97/><G99/><T104/><D0/><U114/><E30/><V49/><F43/><W62/><G62/><N who="0" m="24171" /><D68/><U124/><E33/><V42/><F57/><W101/><G47/><T111/><D88/><U71/><E71/><V96/><F42/><W127/><G38/><T118/><D118/><N who="2" m="45066" /><F96/><W18/><REACH who="3" step="1"/><G127/><REACH who="3" ten="270,250,230,240" step="2"/><T51/><D111/><U90/><E124/><V41/><F41/><W75/><G75/><T32/><D78/><U11/><E133/><V65/><AGARI ba="1,1" hai="14,19,21,48,49,58,63,65" m="45066,47375" machi="65" ten="30,1100,0" yaku="12,1" doraHai="102" who="2" fromWho="2" sc="270,-6,250,-4,230,24,240,-4" /><INIT seed="1,0,0,3,2,49" ten="264,246,254,236" oya="1" hai0="64,78,119,86,134,110,70,21,94,3,126,97,12" hai1="82,73,42,112,115,47,11,69,128,35,43,101,57" hai2="7,4,41,132,117,34,109,106,99,95,68,105,29" hai3="60,116,124,24,15,32,37,130,54,61,79,88,16"/><U100/><E69/><V30/><F117/><W2/><G116/><T8/><D110/><U28/><E35/><V55/><F109/><W45/><G2/><T121/><D121/><U127/><E28/><V56/><F41/><W111/><G111/><T114/><D114/><U5/><E43/><V85/><F68/><W62/><G130/><T71/><D126/><U22/><E127/><V33/><F85/><W27/><G124/><T20/><D3/><U19/><E128/><V25/><F132/><W104/><G104/><T118/><D134/><U107/><E107/><V91/><F106/><W135/><G135/><T18/><D119/><U58/><E101/><V75/><F75/><W1/><G1/><T10/><D71/><U92/><E92/><V74/><F74/><W84/><G79/><T0/><D118/><U67/><E100/><V80/><F80/><N who="3" m="49159" /><G37/><T72/><D72/><U122/><E122/><V40/><F40/><W123/><G32/><T14/><D0/><N who="1" m="423" /><E67/><V31/><F105/><W59/><G45/><T102/><D64/><U46/><E46/><V36/><F36/><W39/><G39/><T133/><D70/><U38/><E115/><V50/><F31/><W96/><G96/><T13/><D133/><U108/><E108/><V26/><AGARI ba="0,0" hai="4,7,25,26,29,30,33,34,50,55,56,91,95,99" machi="26" ten="30,4000,0" yaku="0,1,9,1,52,1" doraHai="49" who="2" fromWho="2" sc="264,-10,246,-20,254,40,236,-10" /><INIT seed="2,0,0,5,5,6" ten="254,226,294,226" oya="2" hai0="8,28,128,51,15,30,78,88,106,74,122,54,131" hai1="127,134,22,135,18,109,55,117,27,47,118,3,33" hai2="67,45,38,60,59,75,25,7,61,108,76,104,29" hai3="11,92,42,114,107,43,20,69,101,39,17,57,84"/><V111/><F104/><W4/><G69/><T85/><D122/><U53/><E47/><V40/><F60/><W99/><G114/><T73/><D74/><U71/><E71/><V89/><F89/><W0/><G39/><T90/><D73/><U66/><E66/><V48/><F7/><W112/><G112/><T19/><D78/><U126/><E53/><V31/><F38/><W103/><G57/><T58/><D106/><U12/><E3/><V121/><F121/><W1/><G1/><T72/><D90/><U13/><E55/><V105/><F105/><W24/><G84/><T65/><D72/><U97/><E97/><V9/><F9/><W115/><REACH who="3" step="1"/><G115/><REACH who="3" ten="254,226,294,216" step="2"/><T100/><D65/><U64/><E64/><V34/><REACH who="2" step="1"/><F31/><REACH who="2" ten="254,226,284,216" step="2"/><W93/><G93/><N who="0" m="54415" /><D100/><U2/><E117/><V91/><F91/><W36/><G36/><T10/><D30/><U70/><E118/><V5/><F5/><W32/><G32/><T116/><D28/><U81/><E33/><V132/><F132/><W124/><G124/><T80/><D116/><U23/><E135/><V49/><F49/><W79/><G79/><T50/><D50/><U77/><E134/><V96/><F96/><AGARI ba="0,2" hai="0,4,11,17,20,24,42,43,92,96,99,101,103,107" machi="96" ten="40,2600,0" yaku="1,1,52,1,53,0" doraHai="6" doraHaiUra="130" who="3" fromWho="2" sc="254,0,226,0,284,-26,216,46" /><INIT seed="3,0,0,5,1,9" ten="254,226,258,262" oya="3" hai0="50,93,126,8,131,24,46,127,12,49,115,40,7" hai1="100,5,125,128,111,84,78,53,103,87,94,2,134" hai2="69,98,122,119,48,70,113,23,11,52,129,96,21" hai3="32,105,91,35,99,121,83,57,17,116,88,39,109"/><W77/><G116/><T25/><D131/><U120/><E2/><V112/><F119/><W36/><G121/><T47/><D115/><U4/><E53/><V19/><F122/><W30/><G109/><T86/><D93/><U54/><E54/><V42/><F42/><W43/><G57/><T14/><D86/><U110/><E5/><V3/><F129/><W66/><G66/><T90/><D90/><N who="1" m="53575" /><E4/><V76/><F76/><W67/><G67/><T75/><D75/><U31/><E31/><V72/><F72/><W68/><G68/><T18/><D127/><U89/><E120/><V16/><F11/><W41/><G17/><T37/><D126/><U56/><E56/><V65/><F65/><W29/><G99/><T71/><D71/><U45/><E45/><V92/><F92/><W107/><G83/><T33/><D33/><U59/><E59/><V28/><F28/><W73/><G73/><T82/><D82/><N who="1" m="47575" /><E125/><V118/><F118/><W51/><G77/><T130/><D37/><U117/><E117/><V135/><F3/><W108/><G108/><N who="1" m="41514" /><E128/><V38/><F38/><W102/><REACH who="3" step="1"/><G51/><REACH who="3" ten="254,226,258,252" step="2"/><T85/><D130/><U55/><E134/><V124/><F135/><W123/><G123/><T81/><D50/><U10/><E103/><AGARI ba="0,1" hai="29,30,32,35,36,39,41,43,88,91,102,103,105,107" machi="103" ten="25,9600,0" yaku="1,1,22,2,54,1,53,0" doraHai="9" doraHaiUra="133" who="3" fromWho="1" sc="254,0,226,-96,258,0,252,106" /><INIT seed="3,1,0,0,5,123" ten="254,130,258,358" oya="3" hai0="56,128,64,74,22,46,70,24,32,84,133,89,16" hai1="81,45,113,15,72,62,125,55,77,10,25,98,68" hai2="37,63,106,48,7,71,21,53,85,43,104,101,58" hai3="117,67,87,20,105,26,80,97,0,109,60,17,134"/><W126/><G117/><T39/><D74/><U92/><E125/><V112/><F112/><W78/><G126/><T95/><D133/><U110/><E113/><V6/><F85/><W18/><G134/><T36/><D128/><U29/><E68/><V107/><F101/><W116/><G116/><T130/><D130/><U100/><E45/><N who="2" m="23791" /><F21/><W86/><G0/><T2/><D70/><U120/><E120/><V57/><F57/><W34/><G34/><T27/><D2/><U52/><E62/><V119/><F119/><W51/><G51/><T8/><D8/><U91/><E100/><V132/><F132/><W129/><G129/><T102/><D102/><U90/><E90/><V11/><F11/><W61/><G87/><T12/><D46/><U14/><E110/><V47/><F47/><W40/><G109/><T121/><D121/><U4/><REACH who="1" step="1"/><E15/><REACH who="1" ten="254,120,258,358" step="2"/><V23/><F71/><W9/><G61/><T31/><D12/><U69/><E69/><V103/><F63/><W73/><G60/><T5/><D64/><U94/><E94/><V65/><F65/><W41/><G67/><T127/><D56/><U54/><E54/><V79/><F103/><W115/><G115/><T122/><D127/><U96/><E96/><V13/><F79/><W83/><G41/><T75/><D122/><U49/><E49/><V111/><F111/><W82/><G40/><T38/><D38/><U50/><E50/><V76/><F76/><N who="3" m="46343" /><G97/><T118/><D118/><U3/><E3/><V93/><F93/><W88/><G78/><T114/><D114/><U108/><E108/><V124/><F124/><RYUUKYOKU ba="1,1" sc="254,-15,120,15,258,15,358,-15" hai1="4,10,14,25,29,52,55,72,77,81,91,92,98" hai2="6,7,13,23,48,53,58,104,106,107" /><INIT seed="4,2,1,4,3,119" ten="239,135,273,343" oya="0" hai0="76,114,64,127,79,96,29,19,41,49,17,115,13" hai1="40,94,107,44,26,9,56,102,113,74,51,129,116" hai2="100,4,21,78,75,84,83,132,47,61,12,34,7" hai3="43,134,109,38,85,6,101,23,121,57,91,11,93"/><T60/><D29/><U22/><E116/><V81/><F34/><W135/><G121/><T73/><D127/><U3/><E74/><V72/><F72/><W126/><G109/><T14/><D96/><U122/><E107/><V133/><F100/><W131/><G126/><T105/><D105/><U24/><E24/><V68/><F47/><W45/><G131/><T15/><D49/><U66/><E129/><V55/><F21/><W123/><G123/><T0/><D0/><U92/><E122/><V27/><F27/><W10/><G101/><T99/><D99/><U63/><E113/><N who="0" m="43017" /><D41/><U53/><E3/><V95/><F12/><W2/><G11/><T111/><D111/><U70/><E9/><V124/><F95/><W108/><G108/><T58/><D73/><U130/><E102/><V20/><F20/><W71/><G71/><T97/><D97/><U54/><E54/><V128/><F128/><W25/><REACH who="3" step="1"/><G57/><REACH who="3" ten="239,135,273,333" step="2"/><T82/><D82/><U48/><E130/><V33/><F124/><W36/><G36/><T118/><D118/><U8/><E8/><V77/><F68/><W31/><AGARI ba="2,2" hai="2,6,10,23,25,31,38,43,45,85,91,93,134,135" machi="31" ten="30,4000,0" yaku="1,1,0,1,53,1" doraHai="119" doraHaiUra="39" who="3" fromWho="3" sc="239,-22,135,-12,273,-12,333,66" /><INIT seed="5,0,0,3,0,114" ten="217,123,261,399" oya="1" hai0="28,35,0,36,74,4,115,73,90,108,120,26,20" hai1="25,75,109,82,37,96,93,106,110,46,77,42,63" hai2="130,125,107,62,128,14,127,84,133,101,85,45,21" hai3="56,19,94,89,97,38,32,105,98,11,7,47,131"/><U67/><E93/><V70/><F45/><W76/><G32/><T132/><D108/><U48/><E48/><V50/><F21/><W121/><G121/><T92/><D36/><U58/><E58/><V95/><F14/><W81/><G131/><N who="2" m="50217" /><F50/><W12/><G56/><T104/><D104/><U72/><E25/><V100/><F62/><W49/><G38/><T124/><D115/><U39/><E39/><V1/><F1/><W80/><G76/><T55/><D132/><U33/><E33/><V6/><F6/><W44/><G44/><T123/><D124/><N who="2" m="47690" /><F70/><W8/><G98/><T3/><D55/><U60/><E72/><V122/><F122/><N who="0" m="46634" /><D20/><U69/><REACH who="1" step="1"/><E63/><REACH who="1" ten="217,113,261,399" step="2"/><V61/><F61/><W15/><G105/><T53/><D74/><U16/><E16/><V119/><F107/><W31/><G31/><T17/><D17/><U51/><E51/><V86/><F95/><W40/><AGARI ba="0,1" hai="7,8,11,12,15,19,40,47,49,80,81,89,94,97" machi="40" ten="20,2700,0" yaku="0,1,7,1,8,1" doraHai="114" who="3" fromWho="3" sc="217,-7,113,-13,261,-7,399,37" /><INIT seed="6,0,0,5,0,27" ten="210,100,254,436" oya="2" hai0="126,12,14,49,38,67,19,26,43,116,92,15,87" hai1="75,10,83,4,108,11,8,20,7,100,77,71,101" hai2="119,46,122,102,57,74,129,39,125,5,58,86,99" hai3="18,111,78,1,95,88,40,90,55,22,73,72,6"/><V117/><F122/><W109/><G40/><T31/><D116/><U70/><E108/><V82/><F74/><W41/><G41/><T134/><D134/><U24/><E71/><V28/><F39/><W61/><G6/><T34/><D38/><U89/><E70/><V114/><F5/><W53/><G1/><T52/><D43/><U35/><E35/><V76/><F46/><W9/><G9/><T131/><D67/><U69/><E69/><V115/><F125/><W105/><G105/><T16/><D131/><U37/><E37/><V50/><F129/><W65/><G55/><T51/><D51/><U62/><E62/><V64/><F28/><W30/><G53/><T112/><D112/><U59/><E59/><V110/><F50/><W93/><G30/><T68/><D68/><U63/><E63/><N who="2" m="37999" /><F58/><W132/><G132/><T3/><D3/><U123/><E123/><V36/><F36/><W120/><G120/><T106/><D106/><U97/><E89/><V94/><F110/><W44/><G44/><T23/><D34/><U81/><E81/><V0/><F0/><W135/><G135/><T104/><D104/><N who="1" m="63503" /><E101/><V121/><F121/><W48/><G48/><T130/><D130/><U133/><E133/><V124/><F124/><W128/><G128/><T17/><D126/><U13/><E7/><V79/><F79/><W91/><G78/><T85/><D92/><U80/><E80/><V56/><F56/><AGARI ba="0,0" hai="12,14,15,16,17,19,23,26,31,49,52,56,85,87" machi="56" ten="40,8000,1" yaku="8,1,52,1,54,2" doraHai="27" who="0" fromWho="2" sc="210,80,100,0,254,-80,436,0" /><INIT seed="7,0,0,1,1,10" ten="290,100,174,436" oya="3" hai0="67,37,94,5,133,53,125,79,120,92,130,84,99" hai1="40,90,51,44,65,108,62,83,32,48,58,4,121" hai2="114,89,25,61,6,12,3,70,52,73,13,16,69" hai3="104,22,45,63,42,18,95,36,105,100,111,46,50"/><W82/><G63/><T132/><D37/><U1/><E108/><V127/><F73/><W122/><G122/><T98/><D53/><U102/><E32/><V77/><F114/><W76/><G111/><T56/><D56/><U87/><E1/><V119/><F119/><W124/><G124/><T134/><D67/><U24/><E121/><V33/><F127/><W71/><G71/><T113/><D5/><U30/><E102/><V129/><F77/><W81/><G95/><T109/><D120/><U28/><E48/><V11/><F129/><W93/><G93/><T115/><D109/><U96/><E4/><V20/><F89/><W9/><G9/><T64/><D64/><U27/><E30/><N who="2" m="19663" /><F12/><W128/><G128/><T0/><D0/><U106/><E106/><V112/><F112/><N who="0" m="43082" /><D130/><U110/><E110/><V131/><F131/><W74/><G82/><N who="0" m="47199" /><D125/><U72/><E72/><V66/><F66/><W118/><G118/><T41/><D41/><U103/><REACH who="1" step="1"/><E28/><REACH who="1" ten="290,90,174,436" step="2"/><V88/><F6/><W47/><G47/><T57/><D134/><U123/><E123/><V23/><F3/><W117/><G117/><T60/><D133/><U135/><E135/><V116/><F116/><W101/><G105/><T43/><D132/><U97/><E97/><V55/><F61/><W26/><G104/><T59/><D60/><U80/><E80/><V75/><F75/><W15/><G26/><T38/><D99/><U34/><E34/><V107/><F107/><W17/><G17/><T78/><D98/><U21/><E21/><V2/><F2/><W85/><G74/><T29/><D29/><RYUUKYOKU ba="0,1" sc="290,-15,90,15,174,-15,436,15" hai1="24,27,40,44,51,58,62,65,83,87,90,96,103" hai3="15,18,22,36,42,45,46,50,76,81,85,100,101" owari="275,8.0,105,-39.0,159,-24.0,461,55.0" /></mjloggm>