<mjloggm ver="2.3"><GO type="169" lobby="0"/><UN n0="%E5%85%AC%E5%8B%99%E5%93%A1%E3%81%8F%E3%82%93" n1="%E8%87%B3%E5%AE%9D%E3%81%99%E3%81%8E" n2="%E3%81%A7%E3%81%97%EF%BC%96" n3="%E3%82%B3%E3%83%9E%E3%83%84%E3%83%9E%E3%83%84%E3%82%B3" dan="17,17,17,17" rate="2143.67,2197.03,2105.86,2175.85" sx="F,M,M,M"/><TAIKYOKU oya="0"/><INIT seed="0,0,0,5,3,29" ten="250,250,250,250" oya="0" hai0="92,120,97,126,81,61,17,135,90,49,40,66,116" hai1="28,93,77,15,14,83,63,118,56,113,18,69,95" hai2="101,39,53,122,88,57,109,68,128,11,4,45,134" hai3="37,64,51,21,59,76,106,115,23,87,91,70,19"/><T79/><D126/><U62/><E118/><V16/><F122/><W26/><G115/><T124/><D124/><U72/><E113/><V60/><F101/><W78/><G106/><T27/><D135/><U107/><E107/><V73/><F109/><W105/><G37/><T5/><D120/><U47/><E69/><V111/><F111/><W121/><G121/><T48/><D5/><U117/><E117/><V24/><F73/><W2/><G2/><T35/><D40/><U3/><E3/><V75/><F75/><W85/><G105/><T41/><D41/><U52/><E63/><V13/><F68/><W86/><G70/><T104/><D104/><U36/><E28/><V103/><F103/><W43/><G91/><T12/><D116/><U30/><E30/><V82/><F39/><W123/><G123/><T67/><D27/><U34/><E34/><V114/><F114/><W58/><G64/><N who="0" m="24619" /><D61/><U96/><E36/><V100/><F100/><W25/><G43/><T131/><D35/><U132/><E47/><V6/><F128/><W133/><G133/><T7/><D7/><N who="2" m="2602" /><F45/><W127/><G127/><T46/><D46/><U94/><E132/><V84/><F134/><W38/><G38/><T54/><D54/><U129/><E129/><V112/><F112/><W125/><G125/><T22/><D131/><U32/><E32/><V9/><F24/><W31/><G51/><T130/><D130/><U99/><REACH who="1" step="1"/><E15/><REACH who="1" ten="250,240,250,250" step="2"/><V110/><F110/><W98/><G31/><T44/><D44/><U108/><E108/><V89/><F9/><AGARI ba="0,1" hai="9,14,18,52,56,62,72,77,83,93,94,95,96,99" machi="9" ten="40,2600,0" yaku="1,1,54,1,53,0" doraHai="29" doraHaiUra="71" who="1" fromWho="2" sc="250,0,240,36,250,-26,250,0" /><INIT seed="1,0,0,0,0,111" ten="250,276,224,250" oya="1" hai0="44,86,133,18,52,91,45,17,49,120,51,114,89" hai1="132,42,23,69,11,78,41,106,15,38,71,102,26" hai2="8,16,82,5,50,46,80,9,79,24,10,3,33" hai3="134,67,72,37,61,0,75,131,94,115,123,59,60"/><U76/><E132/><V54/><F33/><W1/><G123/><T13/><D133/><U109/><E109/><V119/><F119/><W35/><G134/><T62/><D120/><U14/><E102/><V81/><REACH who="2" step="1"/><F79/><REACH who="2" ten="250,276,214,250" step="2"/><W64/><G35/><T95/><D114/><U85/><E78/><V103/><F103/><W135/><G115/><T73/><D73/><U122/><E76/><V112/><F112/><W108/><G135/><T25/><D25/><U100/><E100/><V2/><F2/><W21/><G0/><T6/><D62/><U107/><E26/><V20/><AGARI ba="0,1" hai="3,5,8,9,10,16,20,24,46,50,54,80,81,82" machi="20" ten="30,4000,0" yaku="1,1,0,1,54,1,53,0" doraHai="111" doraHaiUra="56" who="2" fromWho="2" sc="250,-10,276,-20,214,50,250,-10" /><INIT seed="2,0,0,5,4,99" ten="240,256,264,240" oya="2" hai0="40,112,113,121,26,33,77,51,64,59,94,133,115" hai1="98,24,105,81,91,22,17,27,122,70,53,66,102" hai2="7,34,42,63,55,0,52,18,130,95,54,86,2" hai3="47,74,5,124,10,123,80,69,37,41,73,56,97"/><V60/><F34/><W45/><G123/><T16/><D121/><U35/><E122/><V84/><F42/><W38/><G69/><T125/><D133/><U79/><E91/><V111/><F130/><W104/><G124/><T12/><D125/><U20/><E35/><V19/><F95/><W36/><G56/><T108/><D108/><U110/><E110/><V106/><F106/><W1/><G47/><T88/><D77/><U11/><E11/><V87/><F7/><W116/><G116/><T120/><D120/><U92/><E105/><V57/><F111/><W118/><G118/><T103/><D103/><U78/><E53/><V32/><F32/><W49/><G49/><T119/><D119/><U4/><E4/><V29/><F29/><W129/><G129/><T46/><D26/><U126/><E126/><V9/><F9/><W96/><G96/><T101/><D101/><U107/><E107/><V61/><F57/><W128/><G128/><T134/><D33/><U44/><E44/><V50/><F50/><W100/><G74/><T131/><D131/><U8/><E8/><V114/><F114/><W75/><G75/><T14/><D134/><U67/><E70/><V117/><F117/><W3/><G3/><AGARI ba="0,0" hai="0,2,3,18,19,52,54,55,60,61,63,84,86,87" machi="3" ten="50,12000,1" yaku="29,2,28,2,54,1" doraHai="99" who="2" fromWho="3" sc="240,0,256,0,264,120,240,-120" /><INIT seed="2,1,0,4,1,53" ten="240,256,384,120" oya="2" hai0="10,80,19,134,22,101,88,97,47,102,120,37,117" hai1="75,45,35,104,14,112,54,86,3,78,38,51,66" hai2="128,24,52,65,122,87,36,72,60,73,92,113,59" hai3="18,49,74,111,43,33,23,115,0,58,81,1,90"/><V84/><F122/><W95/><G33/><T56/><D134/><U103/><E112/><V99/><F36/><W17/><G115/><T98/><D120/><U127/><E127/><V85/><F113/><W64/><G111/><T31/><D47/><U110/><E110/><V44/><F128/><W27/><G43/><T109/><D37/><U11/><E3/><V100/><REACH who="2" step="1"/><F24/><REACH who="2" ten="240,256,374,120" step="2"/><W21/><G27/><N who="0" m="16887" /><D109/><U126/><E38/><V39/><F39/><W79/><G0/><T118/><D118/><U89/><E126/><V28/><F28/><W2/><G2/><T114/><D114/><U13/><E35/><V94/><F94/><W93/><G1/><T130/><D130/><U26/><E26/><V20/><F20/><W83/><G23/><T108/><D108/><U77/><E14/><V9/><F9/><W132/><G21/><T76/><D117/><U57/><E13/><V32/><F32/><W7/><G95/><T71/><D10/><U69/><E11/><V48/><AGARI ba="1,1" hai="44,48,52,59,60,65,72,73,84,85,87,92,99,100" machi="48" ten="30,11700,0" yaku="1,1,0,1,52,1,54,1,53,0" doraHai="53" doraHaiUra="25" who="2" fromWho="2" sc="240,-40,256,-40,374,130,120,-40" /><INIT seed="2,2,0,0,5,39" ten="200,216,504,80" oya="2" hai0="7,25,46,68,81,83,18,26,102,93,135,53,110" hai1="49,75,97,125,90,91,82,51,78,128,79,92,61" hai2="2,15,116,104,34,43,117,76,6,59,98,112,13" hai3="100,57,129,63,69,23,85,31,10,109,33,45,54"/><V35/><F76/><W47/><G109/><T27/><D68/><U71/><E128/><V89/><F59/><W72/><G72/><T108/><D135/><U0/><E125/><V3/><F89/><W87/><G69/><T22/><D7/><U103/><E0/><N who="2" m="43" /><F98/><W127/><G33/><N who="2" m="12297" /><F104/><W62/><G129/><T64/><D64/><U30/><E30/><V56/><F56/><N who="3" m="35095" /><G10/><T67/><D67/><U74/><E61/><V113/><F43/><W5/><G5/><T41/><D53/><U66/><E66/><V24/><F24/><N who="0" m="9322" /><D93/><U130/><E130/><V133/><F133/><W32/><G127/><T106/><D102/><U70/><E70/><V124/><F6/><W122/><G32/><T44/><D44/><N who="3" m="16969" /><G122/><T88/><D88/><U118/><E71/><V8/><F8/><W20/><G100/><T121/><D106/><U11/><E11/><V132/><F132/><W134/><G134/><T111/><D121/><U114/><E91/><V99/><F99/><W126/><G126/><T119/><D119/><N who="2" m="45642" /><F124/><W55/><G31/><T48/><AGARI ba="2,0" hai="18,22,27,41,46,48,81,83,108,110,111" m="9322" machi="48" ten="40,2700,0" yaku="14,1,52,1" doraHai="39" who="0" fromWho="0" sc="200,33,216,-9,504,-15,80,-9" /><INIT seed="3,0,0,1,0,99" ten="233,207,489,71" oya="3" hai0="121,78,46,54,100,6,8,74,63,12,71,87,110" hai1="79,47,116,21,18,107,9,7,60,50,57,52,76" hai2="13,132,88,101,102,84,51,68,128,4,124,20,15" hai3="129,38,122,61,114,115,2,67,69,106,45,26,58"/><W32/><G122/><T43/><D121/><U133/><E133/><V120/><F68/><W59/><G2/><T3/><D110/><U82/><E107/><V81/><F120/><W70/><G106/><T37/><D87/><U130/><E130/><V109/><F109/><W89/><G89/><T90/><D90/><U72/><E116/><V53/><F124/><W105/><G105/><T85/><D85/><U0/><E79/><V22/><F128/><W14/><G14/><N who="2" m="5129" /><F4/><W30/><G129/><T96/><D12/><U41/><E21/><N who="2" m="8299" /><F132/><W42/><REACH who="3" step="1"/><G58/><AGARI ba="0,0" hai="51,53,58,81,84,88,101,102" m="8299,5129" machi="58" ten="30,7700,0" yaku="8,1,52,2,54,1" doraHai="99" who="2" fromWho="3" sc="233,0,207,0,489,77,71,-77" owari="233,3.0,207,-19.0,566,67.0,-6,-51.0" /></mjloggm>