<mjloggm ver="2.3"><GO type="169" lobby="0"/><UN n0="%58%4B%58%54%4C%50" n1="%E8%B5%A4%E5%9F%8E%E7%9C%9F%E5%AD%90" n2="%E3%81%A8%E3%81%B3%E3%81%BE%E3%81%93" n3="%E3%81%A8%E3%82%89%E3%81%8D%E3%81%A1%E3%81%B5%E3%81%8F" dan="16,17,16,16" rate="2081.87,2201.55,2133.25,2078.29" sx="M,F,M,M"/><TAIKYOKU oya="0"/><INIT seed="0,0,0,5,5,33" ten="250,250,250,250" oya="0" hai0="17,10,119,90,84,23,132,2,110,53,104,87,79" hai1="93,74,105,20,12,135,78,26,62,88,130,65,51" hai2="29,7,114,60,11,91,35,99,16,133,124,72,19" hai3="6,103,34,5,50,18,57,125,83,68,81,46,0"/><T76/><D119/><U67/><E105/><V37/><F72/><W112/><G68/><T63/><D104/><U55/><E130/><V24/><F37/><W95/><G34/><T122/><D122/><U80/><E12/><V1/><F114/><W41/><G112/><T43/><D43/><U28/><E62/><V61/><F124/><W54/><G125/><T92/><D132/><U21/><E21/><V42/><F42/><W115/><G115/><T49/><D63/><U134/><E134/><V31/><F31/><W113/><G113/><T48/><D48/><U32/><E32/><V106/><F133/><W96/><G18/><T85/><D110/><U15/><E15/><V14/><F19/><W102/><G102/><T36/><D36/><U101/><E101/><V22/><F91/><W44/><G46/><T58/><D2/><U69/><E69/><V3/><REACH who="2" step="1"/><F1/><REACH who="2" ten="250,250,240,250" step="2"/><W39/><REACH who="3" step="1"/><G5/><REACH who="3" ten="250,250,240,240" step="2"/><T75/><D17/><U4/><E4/><V120/><F120/><W123/><G123/><T94/><D23/><U66/><E135/><V108/><F108/><W111/><G111/><T47/><D10/><AGARI ba="0,2" hai="0,6,10,39,41,44,50,54,57,81,83,95,96,103" machi="10" ten="40,5200,0" yaku="1,1,52,1,53,1" doraHai="33" doraHaiUra="71" who="3" fromWho="0" sc="250,-52,250,0,240,0,240,72" /><INIT seed="1,0,0,3,4,94" ten="198,250,240,312" oya="1" hai0="46,71,102,28,134,121,34,15,80,128,17,51,45" hai1="24,108,22,113,36,67,110,66,107,103,69,2,16" hai2="70,35,106,57,84,85,120,60,44,1,125,47,86" hai3="55,117,33,122,82,21,9,81,133,74,23,56,10"/><U20/><E113/><V13/><F1/><W0/><G33/><T12/><D71/><U123/><E123/><V54/><F120/><W91/><G122/><T100/><D121/><U42/><E2/><V75/><F75/><W78/><G117/><T87/><D134/><U64/><E69/><V5/><F35/><W130/><G130/><T77/><D128/><U79/><E79/><V32/><F32/><W39/><G39/><T7/><D46/><U96/><REACH who="1" step="1"/><E20/><REACH who="1" ten="198,240,240,312" step="2"/><V68/><F68/><W116/><G21/><T111/><D34/><U114/><E114/><V73/><F70/><W97/><G23/><T30/><D77/><U58/><E58/><V19/><F57/><W31/><G0/><T118/><D118/><U65/><N who="1" m="16384" /><DORA hai="124" /><U88/><E88/><V53/><F125/><W95/><G116/><T50/><D102/><U26/><E26/><V48/><F73/><W62/><G78/><T119/><D100/><U98/><E98/><V8/><F8/><W135/><G74/><T43/><D119/><U14/><E14/><V104/><F13/><W40/><G10/><N who="0" m="6391" /><D12/><U52/><E52/><V99/><F54/><W112/><G112/><T27/><D27/><U83/><E83/><V18/><F53/><W59/><G56/><T72/><D72/><U92/><E92/><V127/><F127/><W132/><G9/><T6/><D80/><U89/><E89/><V3/><F3/><W37/><G81/><T131/><D131/><U63/><E63/><V49/><F60/><W41/><G82/><T129/><D129/><U90/><E90/><V4/><F85/><RYUUKYOKU ba="0,1" sc="198,-15,240,15,240,15,312,-15" hai1="16,22,24,36,42,96,103,107,108,110" hai2="4,5,18,19,44,47,48,49,84,86,99,104,106" /><INIT seed="1,1,1,2,2,63" ten="183,255,255,297" oya="1" hai0="80,15,22,100,37,98,93,57,84,78,48,51,65" hai1="132,60,52,102,110,53,20,41,125,36,7,83,74" hai2="25,112,71,101,28,13,17,77,81,119,69,21,32" hai3="90,111,114,104,79,26,10,67,128,70,88,55,129"/><U14/><E132/><V68/><F119/><W61/><G114/><T75/><D37/><U45/><E125/><V106/><F112/><W99/><G111/><T31/><D75/><U39/><E110/><V72/><F101/><N who="3" m="62527" /><G10/><T11/><D31/><U64/><E36/><V130/><REACH who="2" step="1"/><F106/><REACH who="2" ten="183,255,245,297" step="2"/><W96/><G129/><AGARI ba="1,2" hai="13,17,21,25,28,32,68,69,71,72,77,81,129,130" machi="129" ten="50,6400,0" yaku="1,1,2,1,53,1" doraHai="63" doraHaiUra="76" who="2" fromWho="3" sc="183,0,255,0,245,87,297,-67" /><INIT seed="2,0,0,4,1,109" ten="183,255,332,230" oya="2" hai0="3,93,76,10,117,67,13,102,88,43,110,132,70" hai1="44,113,134,135,61,16,80,77,128,59,51,15,131" hai2="65,29,72,11,35,121,12,90,14,118,108,127,112" hai3="18,27,47,74,107,45,133,103,122,28,91,9,111"/><V123/><F118/><W106/><G74/><T114/><D110/><U105/><E105/><V57/><F108/><W94/><G122/><T82/><D3/><U1/><E1/><V31/><F72/><W6/><G111/><T124/><D117/><U40/><E113/><V55/><F65/><W49/><G133/><N who="1" m="50698" /><E59/><V79/><F79/><W98/><G18/><T46/><D132/><U89/><E89/><V92/><F112/><W30/><G47/><T115/><D102/><U22/><E61/><V83/><F83/><W8/><G8/><T95/><D95/><U99/><E99/><V69/><F69/><W17/><G17/><T25/><D25/><U58/><E58/><V85/><F127/><W84/><G27/><T34/><D34/><U7/><E7/><V96/><F96/><W66/><G66/><T86/><D124/><U5/><E5/><N who="2" m="3183" /><F35/><W33/><G33/><T71/><D67/><U125/><E125/><V42/><F42/><W37/><G107/><T19/><D70/><U97/><E97/><V68/><F68/><W60/><G60/><T36/><D71/><U64/><E64/><V48/><F123/><W87/><G84/><AGARI ba="0,0" hai="10,13,19,36,43,46,76,82,84,86,88,93,114,115" machi="84" ten="30,7700,0" yaku="7,1,52,2,54,1" doraHai="109" who="0" fromWho="3" sc="183,77,255,0,332,0,230,-77" /><AGARI ba="0,0" hai="15,16,22,40,44,51,77,80,84,128,131" m="50698" machi="84" ten="30,2000,0" yaku="20,1,54,1" doraHai="109" who="1" fromWho="3" sc="260,0,255,20,332,0,153,-20" /><INIT seed="3,0,0,3,1,132" ten="260,275,332,133" oya="3" hai0="23,128,73,74,108,86,26,101,96,60,16,82,75" hai1="124,114,81,65,66,63,8,110,17,40,104,90,71" hai2="70,37,91,78,13,61,18,103,46,129,123,112,106" hai3="77,135,4,64,89,27,47,48,105,55,22,9,79"/><W20/><G105/><T54/><D128/><U35/><E114/><V24/><F112/><W31/><G135/><T93/><D108/><U39/><E65/><V59/><F70/><W36/><G36/><T21/><D23/><U52/><E35/><V5/><F129/><W50/><G64/><T0/><D0/><U122/><E122/><V10/><F78/><W68/><G68/><T69/><D69/><U92/><E104/><V33/><F123/><W12/><G89/><T133/><D133/><U43/><E81/><V15/><F91/><W62/><G62/><T76/><D60/><U119/><E119/><V87/><F87/><W30/><REACH who="3" step="1"/><G48/><REACH who="3" ten="260,275,332,123" step="2"/><T83/><REACH who="0" step="1"/><D54/><REACH who="0" ten="250,275,332,123" step="2"/><U28/><E52/><V38/><F61/><W14/><G14/><T51/><D51/><U109/><E71/><V95/><F13/><W117/><G117/><T125/><D125/><U32/><E124/><V99/><F15/><W118/><G118/><T11/><D11/><U34/><E63/><V94/><F10/><W1/><G1/><T107/><D107/><U25/><E66/><V7/><F106/><W130/><G130/><T126/><D126/><U6/><E39/><V111/><F38/><W29/><G29/><T58/><D58/><U56/><E56/><V115/><F59/><W49/><G49/><T134/><D134/><U121/><E28/><V120/><F37/><W116/><G116/><T100/><D100/><U84/><E121/><V45/><F120/><W3/><G3/><T127/><D127/><U2/><E109/><V19/><F103/><W85/><G85/><T113/><D113/><RYUUKYOKU ba="0,2" sc="250,15,275,-15,332,-15,123,15" hai0="16,21,26,73,74,75,76,82,83,86,93,96,101" hai3="4,9,12,20,22,27,30,31,47,50,55,77,79" /><INIT seed="3,1,2,3,0,63" ten="265,260,317,138" oya="3" hai0="111,101,79,13,67,0,22,90,19,76,112,53,113" hai1="33,52,8,9,95,108,109,35,75,130,47,123,92" hai2="78,120,94,86,100,114,103,91,62,134,58,10,56" hai3="32,124,43,106,132,81,121,102,87,119,49,5,80"/><W59/><G121/><T73/><D0/><U38/><E75/><V24/><F114/><N who="0" m="44138" /><D111/><N who="1" m="42571" /><E123/><V117/><F134/><W27/><G119/><T64/><D101/><U97/><E130/><V42/><F117/><W122/><G132/><T60/><D90/><N who="1" m="55447" /><E95/><V15/><F42/><W98/><G122/><T126/><D126/><U48/><E38/><V110/><F58/><W118/><G118/><T28/><D28/><U46/><E46/><V131/><F131/><W20/><G124/><T17/><D17/><U55/><E55/><V14/><F24/><W4/><G32/><AGARI ba="1,2" hai="8,9,32,33,35,47,48,52" m="55447,42571" machi="32" ten="30,2000,0" yaku="14,1,54,1" doraHai="63" who="1" fromWho="3" sc="265,0,260,43,317,0,138,-23" /><INIT seed="4,0,0,1,2,126" ten="265,303,317,115" oya="0" hai0="72,92,50,26,111,99,30,39,88,117,108,101,16" hai1="20,19,52,35,58,122,47,135,5,74,51,131,97" hai2="84,27,87,49,65,18,114,128,22,10,14,25,79" hai3="45,129,132,40,105,75,3,110,17,54,32,103,113"/><T104/><D117/><U120/><E135/><V42/><F114/><W24/><G132/><T61/><D39/><U66/><E131/><V9/><F128/><W68/><G3/><T21/><D72/><U134/><E134/><V28/><F65/><W130/><G68/><T8/><D61/><U53/><E35/><V11/><F79/><W15/><G113/><T107/><D50/><U1/><E74/><V62/><F62/><W98/><G110/><N who="0" m="42027" /><D101/><U90/><E66/><V37/><F37/><W4/><G75/><T118/><D118/><U23/><E23/><N who="2" m="15423" /><F27/><W29/><G54/><T86/><D86/><N who="2" m="32810" /><F49/><W89/><G4/><T121/><D121/><U31/><E31/><V73/><F73/><W77/><G77/><T95/><D92/><U123/><E97/><V69/><F69/><W106/><G105/><T7/><D30/><U48/><E90/><V63/><F63/><W102/><G103/><T93/><D95/><U133/><E133/><V127/><F127/><W100/><G89/><T94/><D93/><U70/><E70/><V82/><F42/><W0/><G102/><T109/><D109/><U38/><E38/><V12/><F12/><AGARI ba="0,0" hai="7,8,12,16,21,26,88,94,99,104,107" m="42027" machi="12" ten="30,5800,0" yaku="10,1,54,2" doraHai="126" who="0" fromWho="2" sc="265,58,303,0,317,-58,115,0" /><INIT seed="4,1,0,0,4,45" ten="323,303,259,115" oya="0" hai0="63,108,89,119,39,125,14,102,133,128,130,8,50" hai1="1,107,56,2,21,41,116,58,64,105,47,101,68" hai2="12,115,29,129,44,114,13,57,80,84,86,22,62" hai3="104,67,106,76,123,34,118,122,48,42,103,10,124"/><T96/><D119/><U59/><E116/><V28/><F129/><N who="0" m="49770" /><D39/><U111/><E111/><V53/><F86/><W78/><G34/><T40/><D108/><U31/><E31/><V26/><F29/><W71/><G118/><T6/><D125/><U69/><E21/><V132/><F132/><W97/><G124/><T49/><D133/><U99/><E105/><V36/><F36/><W82/><G67/><T117/><D40/><U9/><E9/><V61/><F44/><N who="3" m="25623" /><G71/><T3/><D117/><U131/><E131/><V65/><F115/><W93/><G10/><N who="0" m="2399" /><D63/><U27/><E27/><V112/><F114/><W74/><G78/><T15/><D89/><U77/><E77/><V73/><F73/><W83/><G83/><T66/><D66/><U94/><E107/><V0/><F0/><W126/><G126/><T17/><D15/><U24/><E69/><V91/><F112/><W16/><G104/><AGARI ba="1,0" hai="8,14,17,49,50,96,102,104" m="2399,49770" machi="104" ten="30,5800,0" yaku="19,1,52,2" doraHai="45" who="0" fromWho="3" sc="323,61,303,0,259,0,115,-61" /><INIT seed="4,2,0,3,2,51" ten="384,303,259,54" oya="0" hai0="60,110,44,40,31,29,5,75,114,46,86,93,67" hai1="43,56,102,120,74,81,79,91,65,52,64,26,8" hai2="76,121,106,72,78,17,68,127,82,105,89,109,101" hai3="34,42,69,2,73,88,90,85,49,124,58,47,87"/><T98/><D114/><U54/><E120/><V122/><F68/><W132/><G34/><T66/><D75/><U13/><E102/><V16/><F109/><W22/><G2/><T84/><D5/><U23/><E91/><V108/><F108/><W133/><G69/><T94/><D110/><U63/><E43/><V27/><F127/><W131/><G124/><T83/><D98/><U12/><E65/><N who="0" m="24585" /><D60/><U117/><E117/><V62/><F62/><W115/><G115/><T6/><D6/><U28/><E12/><V48/><F89/><W14/><G73/><T25/><D25/><U15/><E13/><V71/><F78/><W96/><G131/><T92/><D40/><U4/><AGARI ba="2,0" hai="4,8,15,23,26,28,52,54,56,63,64,74,79,81" machi="4" ten="20,8000,1" yaku="0,1,7,1,52,2,54,1" doraHai="51" who="1" fromWho="1" sc="384,-42,303,86,259,-22,54,-22" /><INIT seed="5,0,0,5,4,11" ten="342,389,237,32" oya="1" hai0="4,41,6,58,107,102,130,47,24,61,2,17,124" hai1="118,115,1,31,117,96,95,51,0,55,36,131,92" hai2="12,43,125,13,67,19,62,57,100,101,77,66,35" hai3="26,53,122,114,105,134,90,69,83,99,70,80,22"/><U59/><E115/><V121/><F35/><W48/><G114/><T78/><D130/><U93/><E131/><V116/><F116/><W38/><G38/><T126/><D78/><U10/><E36/><V111/><F111/><W3/><G3/><T54/><D102/><N who="2" m="39530" /><F121/><W14/><G122/><T84/><D84/><U135/><E96/><V28/><F28/><W64/><G134/><T129/><D107/><U52/><E135/><V108/><F108/><W72/><G72/><T109/><D129/><U88/><E31/><V21/><F77/><W39/><G39/><T44/><D109/><U56/><E1/><V40/><F67/><W25/><G105/><T60/><D2/><U113/><E113/><V85/><F85/><W75/><G75/><T82/><D82/><N who="3" m="31273" /><G64/><T23/><D126/><U9/><E9/><N who="2" m="6543" /><F125/><W127/><G127/><T30/><D124/><U81/><E81/><V16/><AGARI ba="0,0" hai="13,16,21,40,43,57,62,66" m="6543,39530" machi="16" ten="30,7900,0" yaku="8,1,52,2,54,1" doraHai="11" who="2" fromWho="2" sc="342,-20,389,-39,237,79,32,-20" /><INIT seed="6,0,0,3,0,127" ten="322,350,316,12" oya="2" hai0="77,73,102,125,10,95,99,8,37,115,57,45,12" hai1="75,27,72,133,131,52,135,90,105,92,21,108,18" hai2="49,79,114,101,30,103,31,107,20,29,64,38,51" hai3="106,54,44,116,122,104,53,19,119,100,68,74,41"/><V132/><F38/><W28/><G74/><T66/><D125/><U4/><E105/><V76/><F107/><W13/><G68/><T43/><D115/><U96/><E108/><V86/><F114/><W42/><G28/><T61/><D73/><U109/><E109/><V82/><F132/><N who="1" m="50761" /><E131/><V80/><F64/><W24/><G24/><T124/><D124/><U130/><E130/><V9/><F9/><W36/><G122/><T60/><D77/><N who="2" m="29770" /><F20/><W16/><G44/><T39/><D39/><U84/><E4/><V14/><F14/><W78/><G78/><T40/><D43/><U17/><E96/><V33/><F33/><W70/><G36/><T67/><REACH who="0" step="1"/><D12/><REACH who="0" ten="312,350,316,12" step="2"/><U1/><E72/><V98/><F98/><W71/><REACH who="3" step="1"/><G13/><REACH who="3" ten="312,350,316,2" step="2"/><T3/><D3/><U134/><E1/><V11/><F31/><W7/><G7/><T26/><D26/><U93/><E75/><V129/><F30/><W117/><G117/><T88/><D88/><U25/><E134/><V65/><F29/><W123/><G123/><T5/><D5/><U121/><E121/><V112/><F112/><W22/><G22/><T91/><D91/><U34/><E25/><V110/><F110/><W83/><G83/><T15/><D15/><U89/><E18/><V118/><F118/><W62/><G62/><T85/><D85/><N who="1" m="52271" /><E34/><V35/><F35/><W46/><G46/><T2/><D2/><U81/><E81/><V59/><F80/><W50/><G50/><T120/><D120/><U87/><E87/><V0/><F86/><W113/><G113/><T58/><AGARI ba="0,2" hai="8,10,37,40,45,57,58,60,61,66,67,95,99,102" machi="58" ten="20,12000,2" yaku="1,1,0,1,7,1,9,1,53,2" doraHai="127" doraHaiUra="6" who="0" fromWho="0" sc="312,140,350,-30,316,-60,2,-30" owari="452,55.0,320,12.0,256,-14.0,-28,-53.0" /></mjloggm>