<mjloggm ver="2.3"><GO type="169" lobby="0"/><UN n0="%E5%AE%9D%E5%90%8A%E5%AE%9D" n1="%E3%82%B3%E3%81%98%E3%81%95%E3%82%93%EF%BC%9F" n2="%E3%81%98%E3%83%BC%E3%81%8A%E3%83%BC" n3="%E3%81%84%E3%81%97%E3%81%A5%E3%81%8B" dan="16,18,16,17" rate="2125.37,2217.58,2148.34,2168.63" sx="M,M,M,M"/><TAIKYOKU oya="0"/><INIT seed="0,0,0,3,2,105" ten="250,250,250,250" oya="0" hai0="126,9,129,46,101,107,124,31,86,91,41,85,83" hai1="47,113,68,84,131,56,94,108,10,36,13,35,77" hai2="62,61,93,92,80,111,88,75,66,100,14,15,130" hai3="133,11,30,50,3,5,59,116,82,4,52,23,21"/><T24/><D129/><U48/><E68/><V134/><F130/><W74/><G133/><T99/><D9/><U87/><E131/><V98/><F134/><W32/><G116/><T63/><D63/><U65/><E35/><V6/><F111/><W28/><G5/><T90/><D46/><U54/><E108/><V20/><F61/><W26/><REACH who="3" step="1"/><G30/><REACH who="3" ten="250,250,250,240" step="2"/><T25/><D31/><U51/><E113/><V60/><F6/><W118/><G118/><T67/><D67/><U121/><E121/><V40/><F40/><W95/><G95/><N who="0" m="54735" /><D41/><U2/><E94/><V96/><F20/><W122/><G122/><T22/><D22/><U117/><E65/><V17/><F66/><W112/><G112/><T109/><D109/><U27/><E117/><V33/><F93/><W69/><G69/><T72/><D24/><U125/><E2/><V8/><F92/><W19/><G19/><T102/><D25/><U55/><E27/><V89/><F17/><W16/><G16/><T29/><D29/><U18/><E36/><V120/><F33/><W39/><G39/><T38/><D38/><U81/><REACH who="1" step="1"/><E125/><REACH who="1" ten="250,240,250,240" step="2"/><N who="0" m="48233" /><D101/><U7/><E7/><V115/><F100/><W58/><G58/><T127/><D127/><U45/><E45/><V97/><F120/><W104/><G104/><T49/><D107/><U12/><E12/><V0/><F0/><W106/><G106/><T123/><D102/><U79/><E79/><AGARI ba="0,2" hai="3,4,11,21,23,26,28,32,50,52,59,74,79,82" machi="79" ten="40,8000,1" yaku="1,1,52,1,54,1,53,1" doraHai="105" doraHaiUra="73" who="3" fromWho="1" sc="250,0,240,-80,250,0,240,100" /><INIT seed="1,0,0,1,3,128" ten="250,160,250,340" oya="1" hai0="126,51,114,24,124,7,100,31,117,29,53,64,121" hai1="71,135,16,79,96,69,4,21,48,5,120,92,72" hai2="99,61,130,1,9,60,132,36,40,14,103,65,32" hai3="49,63,46,107,101,0,88,35,6,52,113,8,73"/><U127/><E120/><V91/><F130/><W86/><G113/><T68/><D114/><U85/><E127/><N who="0" m="48681" /><D121/><U75/><E75/><V18/><F1/><W98/><G35/><T54/><D117/><U82/><E72/><V50/><F36/><W67/><G73/><T109/><D109/><U106/><E106/><V129/><F32/><W77/><G77/><T131/><D7/><U70/><E135/><V17/><F91/><W76/><G76/><T95/><D131/><U116/><E48/><V74/><F74/><W110/><G110/><T122/><D122/><U115/><E116/><V22/><F129/><W19/><G19/><T28/><D64/><U104/><E104/><V42/><F132/><W102/><G98/><N who="0" m="59487" /><D68/><U30/><E30/><N who="0" m="11881" /><D51/><U81/><E115/><V37/><F37/><W38/><G107/><T3/><D3/><U87/><E96/><V55/><F99/><W44/><G44/><T80/><D80/><U23/><E92/><V58/><F103/><W43/><G43/><N who="2" m="16425" /><F65/><W123/><G123/><T41/><D41/><U118/><E118/><V56/><F56/><W119/><G119/><T15/><D15/><AGARI ba="0,0" hai="9,14,15,17,18,22,50,55,58,60,61" m="16425" machi="15" ten="30,1000,0" yaku="8,1" doraHai="128" who="2" fromWho="0" sc="250,-10,160,0,250,10,340,0" /><INIT seed="2,0,0,5,1,104" ten="240,160,260,340" oya="2" hai0="125,39,10,93,56,8,77,45,113,68,40,54,117" hai1="30,132,123,37,85,31,116,34,129,43,17,133,114" hai2="100,20,88,103,52,120,32,126,0,35,59,81,128" hai3="1,119,15,130,60,82,46,127,28,48,67,76,97"/><V112/><F112/><W90/><G127/><T5/><D113/><U111/><E114/><V61/><F0/><W108/><G108/><T9/><D117/><U50/><E116/><V19/><F120/><W16/><G130/><T131/><D125/><U42/><E111/><V110/><F110/><W86/><G28/><T70/><D131/><U65/><E129/><V124/><F128/><W57/><G1/><T12/><D68/><U107/><E107/><V53/><F126/><W18/><G119/><T121/><D70/><U78/><E37/><V14/><F32/><W134/><G134/><T94/><D77/><U41/><E123/><V36/><F35/><W21/><G18/><T13/><D121/><U99/><E99/><V72/><F36/><W69/><G69/><T83/><D83/><N who="1" m="47351" /><E65/><V4/><F4/><W118/><G118/><T84/><D84/><U29/><E17/><V96/><F124/><W49/><G46/><T55/><D54/><U58/><E58/><N who="2" m="35015" /><F72/><W106/><G106/><T101/><D101/><U79/><E34/><V92/><F81/><W115/><G115/><T47/><D47/><N who="1" m="25967" /><E79/><V33/><F33/><W25/><REACH who="3" step="1"/><G25/><REACH who="3" ten="240,160,260,330" step="2"/><T87/><D5/><U105/><E105/><V38/><F38/><W7/><G7/><T6/><D6/><U3/><E3/><V102/><F100/><W89/><G89/><T44/><D39/><U95/><E133/><V23/><F102/><W24/><G24/><T71/><D71/><U91/><E132/><V2/><F2/><W73/><G73/><T75/><D75/><U26/><E26/><V109/><F109/><RYUUKYOKU ba="0,1" sc="240,-15,160,15,260,-15,330,15" hai1="29,30,31,42,43,91,95" hai3="15,16,21,48,49,57,60,67,76,82,86,90,97" /><INIT seed="3,1,1,0,0,121" ten="225,175,245,345" oya="3" hai0="31,8,83,75,87,27,3,18,22,61,63,2,74" hai1="60,77,53,30,125,59,119,51,43,81,120,103,28" hai2="35,7,33,135,15,67,126,36,10,105,66,49,32" hai3="101,46,34,52,21,127,41,24,79,89,96,50,92"/><W9/><G127/><T26/><D74/><U69/><E125/><V110/><F36/><W111/><G34/><T64/><D75/><U107/><E120/><V54/><F105/><W55/><G111/><T48/><D48/><U1/><E1/><V40/><F126/><W17/><G79/><T20/><D8/><U85/><E119/><V25/><F40/><W65/><G65/><T58/><REACH who="0" step="1"/><D61/><REACH who="0" ten="215,175,245,345" step="2"/><U57/><E43/><V38/><F10/><W80/><G9/><T68/><D68/><U100/><E69/><V93/><F49/><W44/><G44/><T73/><D73/><U94/><E107/><V130/><F38/><W4/><G4/><T37/><D37/><U86/><E103/><V12/><F7/><W99/><REACH who="3" step="1"/><G80/><REACH who="3" ten="215,175,245,335" step="2"/><T62/><D62/><U29/><E81/><V106/><F110/><W95/><AGARI ba="1,3" hai="17,21,24,41,46,50,52,55,89,92,95,96,99,101" machi="95" ten="20,18000,2" yaku="1,1,2,1,0,1,7,1,8,1,54,1,53,1" doraHai="121" doraHaiUra="13" who="3" fromWho="3" sc="215,-61,175,-61,245,-61,335,213" /><INIT seed="3,2,0,1,4,106" ten="154,114,184,548" oya="3" hai0="24,70,19,37,101,31,29,55,72,127,93,104,86" hai1="84,0,71,112,10,14,62,57,48,75,95,128,17" hai2="1,47,120,7,126,39,83,103,12,53,9,131,99" hai3="132,68,76,64,28,27,81,23,42,43,56,73,88"/><W5/><G132/><T65/><D37/><U41/><E112/><V3/><F131/><W22/><G68/><T30/><D127/><U105/><E105/><V61/><F126/><W33/><G5/><T122/><D122/><U66/><E128/><V94/><F120/><W26/><G33/><T111/><D111/><U89/><E0/><V16/><F39/><W59/><G88/><T49/><D104/><U134/><E134/><V20/><F83/><W118/><G118/><T80/><D65/><U125/><E125/><V135/><F135/><W60/><REACH who="3" step="1"/><G59/><REACH who="3" ten="154,114,184,538" step="2"/><T51/><D70/><U123/><E123/><V38/><F7/><W78/><G78/><T102/><D101/><U109/><E109/><V116/><F116/><W46/><G46/><T45/><D102/><U110/><E110/><V114/><F47/><W50/><G50/><T15/><D49/><U21/><E71/><V117/><F38/><W77/><G77/><T87/><D51/><U58/><E58/><N who="2" m="35023" /><F117/><W32/><G32/><T63/><D45/><U124/><E124/><V90/><F103/><W69/><G69/><T96/><D96/><U91/><E48/><V36/><F36/><W115/><G115/><T79/><D79/><U121/><E121/><V85/><F114/><W108/><G108/><T98/><D98/><U13/><E91/><V11/><F99/><W113/><G113/><T67/><D80/><U119/><E119/><V4/><F4/><W92/><G92/><T34/><D93/><U40/><E95/><V74/><F94/><W97/><G97/><T82/><D34/><U35/><E35/><RYUUKYOKU ba="2,1" sc="154,-10,114,-10,184,-10,538,30" hai3="22,23,26,27,28,42,43,56,60,64,73,76,81" /><INIT seed="3,3,1,5,5,14" ten="144,104,174,568" oya="3" hai0="126,71,83,44,110,34,37,129,4,73,40,106,88" hai1="30,29,28,60,21,135,10,26,76,46,11,123,43" hai2="121,85,31,23,61,39,77,90,74,92,105,132,68" hai3="101,15,58,93,91,130,50,107,113,41,95,53,25"/><W27/><G113/><T19/><D110/><U5/><E123/><V72/><F105/><W24/><G130/><T8/><D71/><U120/><E135/><V124/><F39/><W80/><G107/><T86/><D34/><U98/><E120/><V59/><F68/><W69/><G69/><T79/><D106/><U12/><E76/><V122/><F122/><W116/><G116/><T42/><D126/><U103/><E60/><V54/><F121/><W117/><G41/><T9/><D42/><U82/><E11/><V109/><F109/><W36/><G36/><T63/><D63/><U96/><E82/><V64/><F64/><W55/><G101/><T115/><D129/><U52/><E43/><V6/><F6/><W66/><G66/><T45/><D45/><U18/><REACH who="1" step="1"/><E103/><REACH who="1" ten="144,94,174,568" step="2"/><V75/><F132/><W3/><G117/><T100/><D100/><U78/><E78/><V104/><F77/><W17/><G80/><T33/><D9/><U67/><E67/><V111/><F111/><W16/><G91/><T84/><D73/><U7/><E7/><V57/><F72/><W48/><G3/><T47/><D40/><U118/><E118/><V1/><F74/><W114/><G114/><T89/><D115/><U35/><E35/><V134/><F134/><W128/><G128/><T70/><D33/><U51/><AGARI ba="3,2" hai="5,10,12,18,21,26,28,29,30,46,51,52,96,98" machi="51" ten="30,12000,2" yaku="1,1,0,1,8,1,52,1,54,1,53,1" doraHai="14" doraHaiUra="20" who="1" fromWho="1" sc="144,-33,94,149,174,-33,568,-63" /><INIT seed="4,0,0,1,2,121" ten="111,243,141,505" oya="0" hai0="134,79,0,38,2,76,88,52,1,64,20,62,110" hai1="14,44,4,86,77,8,120,81,115,47,28,53,108" hai2="11,25,24,33,124,132,127,116,32,5,40,58,63" hai3="128,109,80,27,91,23,48,107,37,114,29,6,12"/><T100/><D38/><U85/><E120/><V75/><F75/><W67/><G109/><T22/><D100/><U19/><E108/><V135/><F40/><W117/><G117/><T39/><D39/><U3/><E115/><V49/><F49/><W133/><G107/><T71/><D110/><U36/><E36/><V97/><F97/><W96/><G128/><T65/><D134/><N who="2" m="51242" /><F58/><W93/><G114/><T99/><D65/><U112/><E112/><V122/><F63/><W123/><G123/><T60/><D76/><U72/><E28/><V35/><F122/><W94/><G133/><T69/><D79/><U59/><E47/><V7/><F116/><W68/><G80/><T101/><D88/><U31/><E31/><V92/><F92/><W42/><G68/><T21/><D69/><U34/><E44/><V103/><F103/><W18/><G6/><N who="2" m="2057" /><F11/><W74/><G74/><T54/><REACH who="0" step="1"/><D60/><REACH who="0" ten="101,243,141,505" step="2"/><U131/><E77/><V10/><F10/><N who="3" m="6423" /><G67/><T15/><D15/><U104/><E14/><V30/><F24/><W126/><G37/><T13/><D13/><U84/><E8/><V106/><F106/><AGARI ba="0,1" hai="0,1,2,20,21,22,52,54,62,64,71,99,101,106" machi="106" ten="50,4800,0" yaku="1,1,54,1,53,0" doraHai="121" doraHaiUra="111" who="0" fromWho="2" sc="101,58,243,0,141,-48,505,0" /><INIT seed="4,1,0,2,5,24" ten="159,243,93,505" oya="0" hai0="113,57,32,78,132,81,7,35,53,36,41,108,105" hai1="68,104,17,72,118,87,59,95,129,85,30,4,117" hai2="26,94,29,121,80,54,40,31,112,82,62,8,74" hai3="38,19,131,67,102,3,6,69,65,98,101,48,86"/><T34/><D113/><U13/><E68/><V0/><F121/><W43/><G38/><T126/><D108/><U33/><E104/><V45/><F112/><W92/><G3/><T10/><D105/><U20/><E72/><V58/><F94/><W5/><G131/><T49/><D126/><U115/><E129/><V125/><F125/><W2/><G2/><T47/><D132/><U15/><E115/><V64/><F64/><W110/><G102/><T90/><D90/><U44/><E44/><V124/><F124/><W71/><G69/><T21/><D21/><U14/><E59/><V97/><F97/><W84/><G71/><T134/><D134/><U63/><E63/><V99/><F99/><W42/><G19/><T12/><REACH who="0" step="1"/><D32/><REACH who="0" ten="149,243,93,505" step="2"/><U79/><E33/><V106/><F106/><W11/><G110/><T27/><D27/><U123/><E20/><V93/><F26/><W76/><G101/><T52/><D52/><U75/><E123/><V70/><F54/><W127/><G127/><T22/><D22/><U91/><E91/><V56/><F8/><W107/><G11/><T55/><D55/><U28/><E117/><V1/><F40/><W77/><G107/><T73/><AGARI ba="1,1" hai="7,10,12,34,35,36,41,47,49,53,57,73,78,81" machi="73" ten="20,3900,0" yaku="1,1,0,1,7,1,53,0" doraHai="24" doraHaiUra="23" who="0" fromWho="0" sc="149,52,243,-14,93,-14,505,-14" /><INIT seed="4,2,0,1,2,26" ten="201,229,79,491" oya="0" hai0="15,77,115,92,11,133,89,130,53,90,0,88,119" hai1="22,63,64,14,87,49,8,131,71,100,36,99,2" hai2="32,37,91,16,4,117,102,93,19,107,122,105,18" hai3="10,74,40,52,58,76,101,124,5,112,70,84,75"/><T66/><D115/><U94/><E131/><V78/><F122/><W132/><G70/><T95/><D119/><U123/><E123/><V73/><F37/><W9/><G124/><T31/><D0/><U109/><E109/><V6/><F32/><W34/><G34/><T47/><D130/><U54/><E36/><V25/><F117/><W48/><G132/><T81/><D133/><U44/><E2/><V42/><F42/><W45/><G101/><T96/><D66/><U55/><E22/><V79/><F25/><W113/><G84/><T97/><D31/><U51/><E87/><V116/><F116/><W85/><G85/><T80/><D77/><U103/><E100/><V50/><F50/><W128/><G128/><T86/><D47/><U114/><E114/><N who="3" m="44138" /><G10/><T61/><D61/><U82/><E82/><N who="2" m="45391" /><F79/><W135/><G76/><T27/><D27/><U60/><E64/><V110/><F110/><W111/><G111/><T134/><D53/><U46/><REACH who="1" step="1"/><E71/><REACH who="1" ten="201,219,79,491" step="2"/><V1/><F1/><N who="3" m="175" /><G135/><T24/><D134/><U106/><E106/><N who="2" m="40459" /><F102/><W28/><G75/><T121/><D121/><U13/><E13/><V118/><F118/><W3/><G74/><T126/><D126/><U30/><E30/><V12/><F12/><W56/><G3/><T104/><D104/><U33/><E33/><V69/><F69/><W127/><G127/><T17/><D81/><U108/><E108/><V41/><F41/><W35/><G40/><T39/><D39/><U38/><E38/><V67/><F67/><W65/><G65/><T83/><D83/><U62/><E62/><V125/><F125/><RYUUKYOKU ba="2,1" sc="201,0,219,0,79,0,491,0" hai0="11,15,17,24,80,86,88,89,90,92,95,96,97" hai1="8,14,44,46,49,51,54,55,60,63,94,99,103" hai2="4,6,16,18,19,91,93" hai3="28,35,45,48,52,56,58" /><INIT seed="4,3,1,1,3,97" ten="201,219,79,491" oya="0" hai0="45,95,41,128,106,70,6,38,104,66,90,26,127" hai1="131,135,47,12,53,8,27,94,46,60,132,39,107" hai2="93,84,78,10,18,103,44,50,36,0,37,3,76" hai3="79,59,23,58,86,124,112,54,87,114,123,9,61"/><T98/><D127/><U64/><E107/><V92/><F36/><W49/><G123/><T7/><D128/><U52/><E131/><V1/><F37/><W29/><G124/><T20/><D106/><U48/><E27/><V42/><F18/><W2/><G29/><T81/><D104/><U85/><E85/><V89/><REACH who="2" step="1"/><F10/><REACH who="2" ten="201,219,69,491" step="2"/><W121/><G121/><T117/><D117/><U75/><E39/><V134/><F134/><W31/><G79/><T24/><D24/><U43/><E132/><V21/><F21/><W115/><G23/><T13/><D26/><U71/><E135/><V74/><F74/><W55/><G31/><T33/><D33/><U105/><E75/><V17/><F17/><W100/><G100/><T5/><D20/><U72/><E72/><V129/><F129/><W113/><G113/><T57/><D70/><U130/><E130/><V118/><F118/><W4/><AGARI ba="3,2" hai="2,4,9,49,54,55,58,59,61,86,87,112,114,115" machi="4" ten="40,2700,0" yaku="0,1,15,1" doraHai="97" who="3" fromWho="3" sc="201,-16,219,-10,69,-10,491,56" /><INIT seed="5,0,0,0,2,62" ten="185,209,59,547" oya="1" hai0="127,21,36,134,66,126,132,60,84,30,38,103,115" hai1="114,20,42,24,17,45,47,88,67,68,75,123,15" hai2="56,71,25,41,91,96,6,99,116,29,61,104,59" hai3="16,112,14,110,34,83,76,32,2,9,50,11,122"/><U108/><E123/><V13/><F116/><W4/><G110/><T3/><D3/><U23/><E75/><V39/><F71/><W82/><G112/><T105/><D84/><U102/><E108/><V18/><F104/><W133/><G133/><N who="0" m="51307" /><D21/><U5/><E114/><V7/><F41/><W64/><G64/><T90/><D90/><U78/><E78/><V35/><F39/><W54/><G122/><T40/><D30/><U27/><E102/><V86/><F56/><W52/><G54/><T63/><D115/><U1/><E1/><V117/><F117/><W118/><G118/><T72/><D72/><U130/><E130/><V101/><F6/><W89/><G89/><T85/><D85/><U128/><E128/><V95/><F7/><W93/><G93/><T22/><D22/><U46/><E67/><V70/><F70/><W37/><G37/><N who="0" m="14443" /><D40/><U120/><E120/><V69/><F69/><W87/><G82/><T51/><D51/><N who="1" m="27063" /><E68/><V80/><F101/><W33/><G34/><T111/><D111/><U65/><E5/><V79/><F99/><W55/><G55/><T125/><D66/><U107/><E65/><V26/><F35/><W135/><G135/><T53/><D53/><U49/><E107/><V81/><F80/><W10/><G11/><T48/><D48/><U31/><E49/><V0/><F0/><W73/><G73/><T77/><D77/><U12/><E88/><V109/><F109/><W74/><G74/><T129/><D129/><U92/><E92/><V58/><F29/><W97/><G97/><AGARI ba="0,0" hai="60,63,97,103,105,125,126,127" m="14443,51307" machi="97" ten="40,2600,0" yaku="18,1,20,1" doraHai="62" who="0" fromWho="3" sc="185,26,209,0,59,0,547,-26" /><INIT seed="6,0,0,0,1,71" ten="211,209,59,521" oya="2" hai0="60,55,97,31,88,69,115,135,44,30,87,7,116" hai1="61,91,36,49,54,67,73,78,114,89,133,0,53" hai2="131,40,95,94,134,16,76,113,6,32,90,56,96" hai3="13,25,81,51,46,75,66,84,104,48,12,19,14"/><V107/><F32/><W132/><G104/><T80/><D115/><U93/><E0/><V27/><F113/><W119/><G75/><T47/><D135/><U108/><E108/><V85/><F134/><W34/><G119/><T122/><D122/><U22/><E114/><V18/><F131/><W20/><G132/><T29/><D116/><U118/><E118/><V120/><F120/><W45/><G66/><T57/><D69/><U10/><E133/><V5/><F107/><W3/><G3/><T21/><D7/><N who="2" m="2570" /><F40/><W79/><G34/><T125/><D125/><U62/><E10/><V103/><F76/><W59/><G59/><T50/><D97/><U123/><E78/><V24/><F56/><W111/><G111/><T82/><D82/><U8/><E73/><V117/><F117/><W70/><G70/><T23/><REACH who="0" step="1"/><D44/><AGARI ba="0,0" hai="12,13,14,19,20,25,44,45,46,48,51,79,81,84" machi="44" ten="40,1300,0" yaku="8,1" doraHai="71" who="3" fromWho="0" sc="211,-13,209,0,59,0,521,13" /><INIT seed="7,0,0,0,0,8" ten="198,209,59,534" oya="3" hai0="91,104,94,60,39,119,71,113,46,107,52,38,112" hai1="15,118,12,37,73,29,87,98,64,114,123,127,116" hai2="51,67,34,77,16,69,78,31,36,115,66,95,132" hai3="54,62,75,28,85,49,23,82,47,35,17,134,3"/><W76/><G134/><T92/><D119/><N who="1" m="45611" /><E73/><V89/><F31/><W0/><G62/><T1/><D1/><U25/><E114/><N who="0" m="44137" /><D92/><U57/><E127/><V128/><F34/><W96/><G96/><N who="0" m="57439" /><D46/><U59/><E123/><V7/><F7/><W11/><G11/><T72/><D72/><U100/><E87/><V63/><F36/><N who="0" m="13866" /><D52/><U79/><E79/><V131/><F115/><W18/><G75/><T9/><D9/><U99/><E37/><V58/><F132/><W70/><G70/><T42/><D42/><U33/><E99/><V56/><F69/><W93/><G93/><T19/><D19/><U111/><E111/><V48/><F95/><W2/><REACH who="3" step="1"/><G35/><REACH who="3" ten="198,209,59,524" step="2"/><T101/><D101/><U88/><E64/><AGARI ba="0,1" hai="60,64,71,104,107" m="13866,57439,44137" machi="64" ten="30,2000,0" yaku="15,1,11,1" doraHai="8" who="0" fromWho="1" sc="198,30,209,-20,59,0,524,0" owari="228,3.0,189,-21.0,59,-44.0,524,62.0" /></mjloggm>