<mjloggm ver="2.3"><GO type="169" lobby="0"/><UN n0="%E7%8C%BF%2D%53%61%72%75%2D" n1="%E8%8C%B6%E8%89%B2%E3%81%AE%E3%82%A2%E3%83%AC" n2="%E3%81%8B%E3%81%93%E3%81%A8%E3%82%93" n3="%E3%83%AA%E3%83%BC%E3%83%84%E3%83%A2%E3%83%89%E3%83%A9%E3%82%A6%E3%83%A9" dan="17,16,17,16" rate="2249.25,2190.33,2109.50,2129.60" sx="M,M,M,M"/><TAIKYOKU oya="0"/><INIT seed="0,0,0,0,1,124" ten="250,250,250,250" oya="0" hai0="112,27,38,31,84,92,79,125,59,4,66,74,96" hai1="65,116,10,16,20,25,19,18,9,43,90,8,129" hai2="34,5,70,83,135,107,53,114,54,51,45,130,11" hai3="56,89,85,133,21,67,36,88,119,76,63,0,24"/><T50/><D38/><U95/><E43/><V91/><F107/><W111/><G133/><T41/><D125/><U72/><E72/><V12/><F70/><W33/><G111/><T61/><D112/><U42/><E42/><V37/><F34/><W73/><G36/><T123/><D123/><U127/><E65/><V52/><F114/><W30/><G0/><T71/><D74/><U94/><E116/><V100/><F37/><W126/><G126/><T81/><D4/><U1/><E90/><V46/><F100/><W102/><G119/><T108/><D108/><U104/><E104/><V23/><F135/><W2/><G2/><T120/><D120/><U48/><E48/><V22/><F130/><W3/><G3/><T35/><D41/><U39/><E39/><V49/><F54/><W55/><G73/><T128/><D50/><U106/><E106/><V40/><F40/><W110/><G110/><T93/><D128/><U6/><E127/><V134/><F134/><W98/><G33/><T69/><REACH who="0" step="1"/><D92/><REACH who="0" ten="240,250,250,250" step="2"/><U62/><E62/><V75/><F75/><W77/><G63/><T29/><D29/><N who="1" m="17575" /><E95/><V15/><F15/><W14/><G14/><T57/><D57/><U58/><E58/><V68/><F68/><W121/><G56/><T80/><D80/><U32/><E94/><V87/><AGARI ba="0,1" hai="5,11,12,22,23,45,46,49,51,52,53,83,87,91" machi="87" ten="30,7900,0" yaku="0,1,9,1,8,1,54,1" doraHai="124" who="2" fromWho="2" sc="240,-39,250,-20,250,89,250,-20" /><INIT seed="1,0,0,5,3,11" ten="201,230,339,230" oya="1" hai0="74,40,77,18,67,70,37,0,127,106,54,16,3" hai1="43,119,32,132,19,55,48,111,113,52,76,47,12" hai2="98,62,26,75,33,85,44,38,8,80,46,89,13" hai3="15,78,6,14,94,25,93,4,35,104,2,134,36"/><U101/><E113/><V56/><F75/><W108/><G104/><T63/><D106/><U82/><E119/><V133/><F133/><W122/><G122/><T109/><D109/><U69/><E132/><V115/><F115/><W125/><G36/><T27/><D127/><U7/><E111/><V73/><F73/><W59/><G2/><T118/><D118/><U83/><E69/><V116/><F116/><W53/><G134/><T60/><D74/><U81/><E32/><V88/><F38/><W79/><G108/><T95/><D77/><N who="3" m="29193" /><G25/><T120/><D120/><U99/><E7/><N who="3" m="2602" /><G35/><T9/><D95/><N who="3" m="36361" /><G125/><T135/><D135/><U28/><E28/><V42/><F26/><W114/><G114/><T51/><D27/><U5/><E5/><N who="2" m="3215" /><F33/><W17/><G17/><T61/><D18/><U105/><REACH who="1" step="1"/><E76/><REACH who="1" ten="201,220,339,230" step="2"/><V30/><F30/><W66/><G66/><T29/><D29/><U39/><E39/><V123/><F123/><W57/><G53/><T71/><D71/><U87/><E87/><V126/><F126/><W20/><G20/><AGARI ba="0,1" hai="12,19,20,43,47,48,52,55,81,82,83,99,101,105" machi="20" ten="40,7700,0" yaku="1,1,52,1,54,1,53,0" doraHai="11" doraHaiUra="112" who="1" fromWho="3" sc="201,0,220,87,339,0,230,-77" /><INIT seed="1,1,0,4,5,125" ten="201,307,339,153" oya="1" hai0="67,8,76,131,57,107,36,118,129,29,47,92,10" hai1="40,119,35,56,64,105,32,133,17,115,27,77,31" hai2="80,51,71,89,41,108,52,68,48,98,33,88,82" hai3="6,43,91,75,7,127,4,62,123,13,58,25,16"/><U110/><E115/><V93/><F108/><W5/><G123/><T130/><D107/><U22/><E119/><V134/><F33/><W124/><G75/><T18/><D118/><U99/><E110/><V69/><F134/><W24/><G43/><N who="0" m="23015" /><D29/><U60/><E133/><V15/><F41/><W59/><G91/><T63/><D76/><U55/><E40/><V86/><F48/><W79/><G79/><T54/><D92/><U30/><E77/><V84/><F15/><W49/><G49/><N who="0" m="30927" /><D18/><U72/><E72/><V94/><F98/><W106/><G106/><T111/><D111/><U102/><E31/><V66/><F66/><W103/><G103/><T19/><D19/><U20/><REACH who="1" step="1"/><E64/><REACH who="1" ten="201,297,339,153" step="2"/><V61/><REACH who="2" step="1"/><F61/><REACH who="2" ten="201,297,329,153" step="2"/><W116/><G116/><T12/><D12/><AGARI ba="1,2" hai="12,17,20,22,27,30,32,35,55,56,60,99,102,105" machi="12" ten="30,5800,0" yaku="1,1,2,1,7,1,53,0" doraHai="125" doraHaiUra="90" who="1" fromWho="0" sc="201,-61,297,81,329,0,153,0" /><INIT seed="1,2,0,3,2,101" ten="140,378,329,153" oya="1" hai0="13,37,53,54,58,110,95,46,132,100,73,60,69" hai1="33,12,83,72,42,35,85,47,113,16,130,109,10" hai2="9,44,52,20,119,74,14,91,8,117,111,131,29" hai3="64,104,36,135,48,11,133,6,56,15,99,105,126"/><U124/><E113/><V27/><F74/><W57/><G36/><T75/><D110/><U55/><E124/><V67/><F111/><W5/><G99/><T80/><D132/><N who="3" m="50761" /><G126/><T103/><D69/><U120/><E130/><V59/><F131/><W87/><G87/><T114/><D114/><U115/><E120/><V38/><F67/><W34/><G34/><T45/><D95/><U134/><E115/><V7/><F91/><W82/><G82/><T81/><D13/><U1/><E109/><V79/><F79/><W21/><G21/><T23/><D58/><U116/><E116/><V2/><F38/><W68/><G68/><T32/><D37/><U43/><E1/><V106/><F106/><N who="3" m="41067" /><G64/><T96/><D23/><U66/><E66/><V76/><F76/><W90/><G90/><T122/><D96/><U22/><E72/><V18/><REACH who="2" step="1"/><F44/><REACH who="2" ten="140,378,319,153" step="2"/><W51/><G5/><T89/><D89/><U92/><E134/><V71/><F71/><W108/><G108/><T93/><D75/><U121/><E92/><V17/><F17/><W125/><G125/><T128/><D73/><U84/><E16/><V62/><AGARI ba="2,1" hai="2,7,8,9,14,18,20,27,29,52,59,62,117,119" machi="62" ten="20,5200,0" yaku="1,1,0,1,7,1,54,1,53,0" doraHai="101" doraHaiUra="127" who="2" fromWho="2" sc="140,-15,378,-28,319,68,153,-15" /><INIT seed="2,0,0,1,4,102" ten="125,350,387,138" oya="2" hai0="129,104,67,33,35,39,54,29,14,46,24,126,5" hai1="119,44,135,73,127,28,130,94,87,58,45,113,90" hai2="30,69,74,85,15,32,114,100,105,86,123,56,53" hai3="2,40,20,48,101,68,98,1,3,128,41,88,42"/><V26/><F123/><W7/><G68/><T122/><D122/><U18/><E113/><V37/><F114/><W125/><G128/><T50/><D129/><U115/><E119/><V63/><F74/><W83/><G125/><T61/><D126/><U92/><E130/><V97/><F37/><W66/><G66/><T118/><D118/><U106/><E135/><V91/><F91/><W79/><G20/><T81/><D39/><U133/><E133/><V116/><F116/><W17/><G17/><T103/><D35/><U36/><E73/><V95/><F95/><W132/><G132/><T109/><D81/><U82/><E28/><V13/><F13/><W31/><G31/><T25/><D109/><U11/><E58/><V57/><F69/><W0/><G7/><T22/><D14/><U93/><E36/><V6/><REACH who="2" step="1"/><F57/><REACH who="2" ten="125,350,377,138" step="2"/><W71/><G71/><T65/><D5/><U27/><E93/><V55/><F55/><W19/><G0/><T43/><D54/><U120/><E94/><V59/><F59/><W51/><G1/><T110/><D65/><U121/><E115/><V38/><F38/><W34/><G2/><T52/><D52/><U80/><E120/><V117/><F117/><W64/><G64/><T9/><D67/><U23/><E121/><V78/><F78/><W111/><G79/><T84/><D25/><U124/><E124/><V108/><F108/><W70/><G70/><T75/><D24/><U96/><E127/><V112/><F112/><W134/><G111/><T47/><D110/><U4/><E92/><V77/><F77/><W16/><G134/><RYUUKYOKU ba="0,1" sc="125,-10,350,-10,377,30,138,-10" hai2="6,15,26,30,32,53,56,63,85,86,97,100,105" /><INIT seed="2,1,1,4,1,106" ten="115,340,407,128" oya="2" hai0="95,37,117,81,50,55,85,69,92,120,12,87,17" hai1="52,126,135,53,38,121,46,59,27,14,39,20,77" hai2="57,110,111,98,86,16,115,25,60,79,32,18,124" hai3="82,103,94,34,28,116,19,56,4,97,76,75,42"/><V72/><F115/><W47/><G116/><T101/><D37/><U26/><E126/><V113/><F113/><W132/><G132/><T61/><D120/><U22/><E135/><V73/><F124/><W24/><G56/><T130/><D130/><U29/><E121/><V88/><F98/><W91/><G4/><T108/><D108/><N who="2" m="41514" /><F79/><W129/><G129/><T40/><D117/><U11/><E77/><V131/><F131/><W9/><G9/><T23/><D101/><U31/><E46/><V30/><F18/><W41/><G19/><T109/><D87/><U6/><REACH who="1" step="1"/><E53/><REACH who="1" ten="115,330,407,128" step="2"/><N who="2" m="33839" /><F16/><W66/><G47/><N who="0" m="25959" /><D109/><U58/><E58/><V65/><F65/><W5/><G66/><T119/><D119/><U63/><AGARI ba="1,2" hai="6,11,14,20,22,26,27,29,31,38,39,52,59,63" machi="63" ten="20,8000,1" yaku="1,1,0,1,7,1,9,1,54,1,53,0" doraHai="106" doraHaiUra="122" who="1" fromWho="1" sc="115,-21,330,103,407,-41,128,-21" /><INIT seed="3,0,0,2,1,62" ten="94,433,366,107" oya="3" hai0="108,107,100,10,18,63,29,68,58,79,80,89,27" hai1="33,90,39,38,84,130,99,113,116,125,21,14,117" hai2="8,67,102,69,40,74,42,32,66,31,126,60,25" hai3="24,86,7,26,91,4,132,114,83,61,54,22,35"/><W118/><G118/><N who="1" m="45674" /><E33/><V120/><F126/><W112/><G132/><T133/><D133/><U47/><E130/><V111/><F120/><W5/><G35/><T56/><D108/><U88/><E113/><V93/><F111/><W19/><G112/><T41/><D41/><U71/><E71/><V123/><F74/><W101/><G114/><T45/><D45/><U46/><E99/><V53/><F123/><W30/><G101/><T36/><D36/><N who="1" m="13867" /><E90/><V109/><F109/><W72/><G72/><T16/><D89/><U134/><E134/><V115/><F115/><W34/><G54/><T44/><D44/><U81/><E125/><V20/><F32/><W28/><G61/><T82/><D68/><U75/><E75/><V122/><F122/><W73/><G73/><T52/><D58/><U96/><E96/><N who="2" m="59663" /><F69/><W105/><REACH who="3" step="1"/><G105/><REACH who="3" ten="94,433,366,97" step="2"/><T94/><D107/><U43/><E43/><V110/><F110/><W15/><G15/><T92/><D100/><U49/><E14/><V23/><F42/><W64/><G64/><T104/><D52/><U121/><E121/><V11/><F40/><W48/><G48/><T12/><D104/><U95/><E49/><V85/><F53/><W78/><G78/><T135/><D79/><U55/><E55/><V76/><F60/><W57/><G57/><T128/><D135/><U6/><E46/><V0/><F76/><W59/><G59/><T65/><D56/><U9/><E47/><V77/><F77/><W103/><G103/><T129/><D63/><U87/><E88/><V131/><F67/><W127/><G127/><T37/><D37/><RYUUKYOKU ba="0,1" sc="94,-10,433,-10,366,-10,97,30" hai3="4,5,7,19,22,24,26,28,30,34,83,86,91" /><INIT seed="3,1,1,0,0,120" ten="84,423,356,127" oya="3" hai0="87,57,1,9,63,2,124,44,8,73,58,75,46" hai1="20,30,50,92,42,14,84,107,82,89,93,96,28" hai2="132,126,18,125,79,10,39,105,91,121,111,51,129" hai3="29,15,34,56,114,104,102,7,118,131,123,24,134"/><W62/><G123/><T33/><D87/><U4/><E107/><V22/><F105/><W103/><G131/><T130/><D63/><U12/><E92/><V95/><F39/><W133/><G118/><T115/><D33/><U77/><E14/><V70/><F70/><W88/><G104/><T11/><D11/><N who="1" m="4199" /><E20/><V32/><F32/><W61/><G114/><T5/><D5/><U83/><E83/><V3/><F121/><W25/><G25/><T45/><D45/><AGARI ba="1,1" hai="28,30,42,45,50,77,82,84,89,93,96" m="4199" machi="45" ten="30,2000,0" yaku="25,1,8,1" doraHai="120" who="1" fromWho="0" sc="84,-23,423,33,356,0,127,0" /><INIT seed="4,0,0,1,0,115" ten="61,456,356,127" oya="0" hai0="97,60,121,29,28,99,88,26,66,119,114,56,69" hai1="59,32,71,84,109,43,50,1,92,49,134,86,30" hai2="68,40,20,45,122,36,100,101,118,25,19,13,83" hai3="81,46,47,31,57,18,6,35,23,75,7,90,126"/><T116/><D121/><U82/><E109/><V96/><F122/><W4/><G126/><T21/><D114/><U135/><E71/><V124/><F68/><W65/><G35/><T120/><D120/><U10/><E30/><V39/><F124/><W102/><G31/><T133/><D133/><U48/><E32/><V38/><F83/><W110/><G110/><T53/><D29/><U37/><E92/><V27/><F100/><W67/><G102/><T77/><D77/><U64/><E10/><V87/><F87/><N who="3" m="50543" /><G75/><T111/><D111/><U106/><E1/><V91/><F91/><W93/><G93/><T51/><REACH who="0" step="1"/><D88/><REACH who="0" ten="51,456,356,127" step="2"/><U34/><E134/><V128/><F101/><W105/><G105/><T104/><D104/><U14/><E106/><V8/><F96/><AGARI ba="0,1" hai="21,26,28,51,53,56,60,66,69,96,97,99,116,119" machi="96" ten="40,12000,1" yaku="1,1,52,2,53,1" doraHai="115" doraHaiUra="16" who="0" fromWho="2" sc="51,130,456,0,356,-120,127,0" /><INIT seed="4,1,0,3,4,46" ten="181,456,236,127" oya="0" hai0="8,114,34,4,6,108,66,67,71,23,123,83,75" hai1="98,82,20,125,134,100,31,9,74,22,5,62,51" hai2="88,81,106,110,14,95,117,79,119,78,33,50,116" hai3="87,30,52,7,113,13,57,126,63,26,118,128,45"/><T111/><D34/><U10/><E134/><V107/><F110/><N who="0" m="42026" /><D123/><U69/><E125/><V17/><F33/><W1/><G113/><T135/><D114/><U86/><E74/><N who="2" m="43223" /><F79/><W103/><G126/><T121/><D121/><U92/><E31/><V104/><F50/><W16/><G128/><T25/><D135/><U43/><E62/><V112/><F112/><W49/><G118/><T65/><D75/><U38/><E69/><V24/><F24/><W68/><G68/><T85/><D8/><U37/><E37/><V41/><F41/><W70/><G70/><T97/><D97/><U80/><E38/><V54/><F54/><W105/><G87/><T0/><D0/><U59/><E80/><V40/><F40/><W35/><G1/><T11/><D11/><U39/><E39/><V130/><F130/><W27/><G7/><T18/><D71/><U132/><E10/><N who="2" m="6359" /><F107/><W101/><G105/><T129/><D129/><U122/><E132/><V47/><F47/><W64/><G27/><T36/><D36/><U120/><E120/><V96/><AGARI ba="1,0" hai="88,95,96,104,106,116,117,119" m="6359,43223" machi="96" ten="30,2000,0" yaku="12,1,54,1" doraHai="46" who="2" fromWho="2" sc="181,-11,456,-6,236,23,127,-6" /><INIT seed="5,0,0,2,4,100" ten="170,450,259,121" oya="1" hai0="30,36,31,49,98,3,120,0,87,7,8,103,135" hai1="93,107,44,64,74,50,114,62,19,24,34,69,20" hai2="37,80,14,55,45,96,13,59,61,111,9,125,115" hai3="94,25,88,131,57,83,15,118,46,95,48,28,27"/><U117/><E74/><V122/><F111/><W112/><G112/><T123/><D36/><U82/><E114/><V72/><F115/><W108/><G108/><T65/><D135/><U12/><E117/><V132/><F122/><N who="0" m="46634" /><D65/><U51/><E82/><V105/><F125/><W66/><G131/><T85/><D3/><U54/><E93/><V68/><F132/><W90/><G118/><T127/><D127/><U42/><E107/><V23/><F68/><W56/><G15/><T101/><D101/><U91/><E91/><V104/><F96/><W77/><G77/><T128/><D49/><U113/><E113/><V79/><F23/><W121/><G121/><T134/><D134/><U5/><E34/><V33/><F33/><W39/><G39/><T53/><D53/><U67/><E67/><V47/><F13/><W4/><G4/><T73/><D73/><U40/><E51/><V92/><F92/><W17/><G83/><T43/><D43/><U78/><E78/><V60/><F60/><W70/><G70/><T119/><D119/><U29/><REACH who="1" step="1"/><E5/><REACH who="1" ten="170,440,259,121" step="2"/><V71/><F37/><W86/><G66/><T133/><D133/><U1/><E1/><V10/><F79/><W130/><G48/><T22/><D87/><U21/><AGARI ba="0,1" hai="12,19,20,21,24,29,40,42,44,50,54,62,64,69" machi="21" ten="20,3900,0" yaku="1,1,0,1,7,1,53,0" doraHai="100" doraHaiUra="84" who="1" fromWho="1" sc="170,-13,440,49,259,-13,121,-13" /><INIT seed="5,1,0,5,1,125" ten="157,489,246,108" oya="1" hai0="94,43,20,11,39,7,68,132,92,0,56,60,79" hai1="103,101,47,108,110,69,77,120,35,54,48,88,67" hai2="36,122,100,24,119,87,28,30,19,75,63,133,85" hai3="115,2,23,127,58,121,46,105,5,13,131,93,50"/><U113/><E120/><V70/><F119/><W53/><G121/><T111/><D111/><N who="1" m="42539" /><E77/><V6/><F122/><W65/><G105/><T80/><D68/><U15/><E15/><V72/><F36/><W112/><G127/><T52/><D132/><U82/><E35/><V128/><F133/><W31/><G93/><T45/><REACH who="0" step="1"/><D20/><REACH who="0" ten="147,489,246,108" step="2"/><U106/><E69/><V114/><F114/><W98/><G115/><T124/><D124/><U17/><E113/><V130/><F75/><AGARI ba="1,1" hai="0,7,11,39,43,45,52,56,60,75,79,80,92,94" machi="75" ten="30,8000,1" yaku="1,1,7,1,25,2,54,1,53,0" doraHai="125" doraHaiUra="96" who="0" fromWho="2" sc="147,93,489,0,246,-83,108,0" /><INIT seed="6,0,0,2,1,40" ten="240,489,163,108" oya="2" hai0="110,70,69,10,52,122,44,6,47,23,66,8,109" hai1="104,74,54,108,115,49,28,48,107,85,59,16,32" hai2="64,61,77,129,89,117,94,86,125,72,33,37,93" hai3="120,25,38,124,132,88,30,62,15,99,19,11,51"/><V50/><F117/><W35/><G124/><T53/><D23/><U4/><E108/><V14/><F125/><W21/><G132/><T105/><D66/><U7/><E74/><V111/><F33/><W18/><G38/><T134/><D6/><U71/><E71/><V75/><F111/><W90/><G120/><T102/><D102/><U26/><E115/><V46/><F37/><W45/><G62/><T63/><D63/><U79/><E107/><V43/><F129/><W5/><G99/><T121/><REACH who="0" step="1"/><D105/><REACH who="0" ten="230,489,163,108" step="2"/><U9/><E104/><V1/><F61/><W84/><G18/><T118/><D118/><U34/><E4/><V78/><F64/><W39/><G39/><T76/><D76/><U116/><E7/><V126/><F77/><W112/><G112/><T92/><D92/><U42/><E79/><V73/><F93/><W83/><G35/><T29/><D29/><U135/><E28/><V123/><F78/><N who="3" m="46199" /><G30/><T106/><D106/><U2/><E34/><V114/><F126/><W91/><G91/><T95/><D95/><U27/><E116/><V103/><F114/><W101/><G101/><T68/><D68/><U67/><E67/><V31/><F103/><W55/><AGARI ba="0,1" hai="5,11,15,19,21,25,45,51,55,88,90" m="46199" machi="55" ten="30,4000,0" yaku="8,1,52,1,54,1" doraHai="40" who="3" fromWho="3" sc="230,-10,489,-10,163,-20,108,50" /><INIT seed="7,0,0,3,2,84" ten="220,479,143,158" oya="3" hai0="31,0,128,77,123,72,15,60,115,53,118,85,5" hai1="42,111,116,129,49,67,16,119,131,2,19,45,134" hai2="51,86,99,29,107,11,1,37,110,105,68,103,33" hai3="55,120,65,114,117,95,23,109,61,132,22,46,75"/><W13/><G120/><T8/><D123/><U127/><E111/><V57/><F110/><W17/><G109/><T56/><D118/><N who="1" m="45099" /><E134/><V36/><F68/><W50/><G117/><T78/><D72/><U21/><E127/><V12/><F107/><W73/><G114/><T102/><D115/><U7/><E67/><V43/><F1/><W25/><G95/><T10/><D128/><N who="1" m="49227" /><E21/><V4/><F29/><W112/><G112/><T125/><D125/><U20/><E20/><V93/><F33/><W74/><G132/><T64/><D102/><U108/><E108/><V6/><F6/><W100/><G100/><T30/><D53/><U66/><E66/><V71/><F71/><W32/><G32/><T39/><D39/><U91/><E91/><V122/><F122/><W38/><G38/><T81/><D78/><U126/><E126/><V89/><REACH who="2" step="1"/><F57/><REACH who="2" ten="220,479,133,158" step="2"/><W124/><G124/><T48/><D0/><U44/><E44/><AGARI ba="0,1" hai="4,11,12,36,37,43,44,51,86,89,93,99,103,105" machi="44" ten="40,8000,1" yaku="1,1,2,1,52,1,53,1" doraHai="84" doraHaiUra="3" who="2" fromWho="1" sc="220,0,479,-80,133,90,158,0" owari="220,-18.0,399,50.0,223,2.0,158,-34.0" /></mjloggm>