<mjloggm ver="2.3"><GO type="185" lobby="0"/><UN n0="%49%70%70%61%73%68%75" n1="%E5%A4%9A%E6%9E%97%E6%99%8B" n2="%50%42%33%2D%50" n3="" dan="16,17,18,0" rate="2119.22,2185.69,2283.23,1500.00" sx="M,M,F,C"/><TAIKYOKU oya="0"/><INIT seed="0,0,0,2,5,112" ten="350,350,350,0" oya="0" hai0="54,74,69,0,55,115,99,107,47,106,118,123,2" hai1="85,43,86,41,132,127,105,81,98,60,62,46,82" hai2="129,61,134,116,84,83,56,95,100,101,120,122,131" hai3=""/><T48/><N who="0" m="31520" /><T38/><D115/><U73/><E132/><V114/><N who="2" m="30752" /><V3/><N who="2" m="31264" /><V45/><F114/><T121/><N who="0" m="31008" /><T90/><D74/><U110/><E110/><V111/><F3/><T133/><D133/><U97/><E127/><V40/><F116/><T39/><D69/><U109/><E109/><V50/><F134/><T75/><D75/><U35/><E73/><V34/><F34/><T125/><D125/><U117/><E46/><V80/><F111/><T37/><D118/><U68/><E68/><V102/><F95/><T59/><D90/><U91/><E105/><V96/><F96/><T92/><D92/><U94/><E117/><V44/><F44/><T78/><D78/><U67/><E35/><V124/><F124/><T119/><D119/><U72/><E72/><V65/><REACH who="2" step="1"/><F83/><REACH who="2" ten="350,350,340,0" step="2"/><T70/><D99/><U53/><E94/><V103/><N who="2" m="25600" /><DORA hai="93" /><V76/><AGARI ba="0,1" hai="40,45,50,56,61,65,76,80,84,129,131" m="25600,31264,30752" machi="76" ten="40,9000,2" yaku="1,1,4,1,0,1,52,2,53,2" doraHai="112,93" doraHaiUra="77,36" who="2" fromWho="2" sc="350,-60,350,-30,340,100,0,0" /><INIT seed="1,0,0,5,3,98" ten="290,320,440,0" oya="1" hai0="128,123,79,105,69,71,100,49,102,32,88,109,76" hai1="89,44,107,120,115,1,82,130,111,42,77,108,75" hai2="113,51,90,74,129,127,57,135,106,36,133,70,81" hai3=""/><U91/><N who="1" m="30752" /><U53/><E1/><V62/><F106/><T122/><N who="0" m="31264" /><T114/><N who="0" m="31520" /><T2/><D32/><U93/><E115/><V46/><F113/><T118/><D2/><U39/><E107/><V134/><F129/><T99/><D118/><U92/><E130/><V125/><F70/><T83/><D114/><U85/><REACH who="1" step="1"/><E53/><REACH who="1" ten="290,310,440,0" step="2"/><V121/><N who="2" m="31008" /><V103/><F135/><T54/><D105/><U65/><E65/><V132/><F134/><T61/><D54/><U38/><E38/><V3/><F36/><T47/><D109/><U126/><E126/><V59/><F125/><T67/><D128/><U56/><E56/><V43/><F127/><T119/><D67/><U80/><E80/><V117/><F133/><T63/><D71/><U78/><E78/><V110/><F132/><T0/><D69/><U52/><E52/><V96/><F110/><T101/><D0/><U60/><E60/><V34/><F3/><T48/><D63/><U37/><E37/><V72/><F62/><T40/><D61/><U124/><E124/><V55/><F57/><T73/><D79/><U97/><AGARI ba="0,1" hai="39,42,44,75,77,82,85,89,91,92,93,97,108,111" m="30752" machi="97" ten="30,7800,0" yaku="1,1,0,1,52,1,53,1" doraHai="98" doraHaiUra="41" who="1" fromWho="1" sc="290,-39,310,88,440,-39,0,0" /><INIT seed="1,1,0,3,5,123" ten="251,398,401,0" oya="1" hai0="124,39,125,0,107,78,115,89,69,130,50,66,131" hai1="128,100,40,98,103,132,90,34,118,112,83,46,113" hai2="92,62,86,114,94,72,108,76,101,135,2,116,119" hai3=""/><U93/><E34/><V74/><F2/><T84/><D0/><U63/><E118/><V97/><F62/><T51/><D39/><U129/><E132/><V41/><F41/><T67/><D78/><U102/><E63/><V99/><F135/><T61/><D107/><U87/><E46/><V70/><F70/><T65/><D115/><N who="1" m="44107" /><E40/><V105/><F105/><T79/><D79/><AGARI ba="1,0" hai="79,83,87,90,93,98,100,102,103,128,129" m="44107" machi="79" ten="30,2900,0" yaku="34,2" doraHai="123" who="1" fromWho="0" sc="251,-31,398,31,401,0,0,0" /><INIT seed="1,2,0,1,4,91" ten="220,429,401,0" oya="1" hai0="110,97,83,85,73,78,72,76,36,45,96,127,77" hai1="109,39,34,80,35,88,42,113,43,82,48,92,116" hai2="52,101,84,70,41,120,104,108,68,126,75,0,71" hai3=""/><U124/><E116/><V50/><N who="2" m="30752" /><V119/><F119/><T69/><D69/><U33/><E113/><V2/><F75/><T67/><D67/><U111/><E124/><V58/><F126/><T128/><D45/><U49/><E39/><V32/><F32/><T51/><D36/><U56/><E56/><V103/><F108/><N who="1" m="41545" /><E49/><V38/><F38/><T66/><D51/><U131/><E131/><V125/><F125/><T132/><D66/><U106/><E106/><V40/><F104/><T123/><N who="0" m="31520" /><T118/><D127/><U79/><E48/><V89/><F40/><N who="1" m="15401" /><E79/><V47/><F41/><T3/><D110/><U105/><E105/><V95/><REACH who="2" step="1"/><F58/><REACH who="2" ten="220,429,391,0" step="2"/><T135/><D118/><U98/><AGARI ba="2,1" hai="33,34,35,80,82,88,92,98" m="15401,41545" machi="98" ten="40,8000,1" yaku="14,1,10,1,52,1,54,1" doraHai="91" who="1" fromWho="1" sc="220,-42,429,94,391,-42,0,0" /><INIT seed="1,3,0,4,0,67" ten="178,523,349,0" oya="1" hai0="99,38,60,104,37,80,53,88,79,41,78,94,124" hai1="75,36,68,39,125,58,115,70,56,83,112,93,114" hai2="95,73,59,129,108,126,109,89,61,55,40,65,1" hai3=""/><U32/><E32/><V66/><F1/><T130/><D104/><U72/><E93/><V135/><F73/><N who="1" m="28233" /><E83/><V131/><F135/><T116/><D116/><U71/><E125/><V49/><F126/><T47/><D130/><N who="2" m="49674" /><F95/><T103/><D124/><U127/><E127/><V46/><F89/><T0/><D0/><U123/><N who="1" m="31520" /><U133/><E133/><V82/><F82/><T35/><D35/><U45/><E45/><V48/><F66/><T121/><N who="0" m="31008" /><T64/><D103/><U128/><E128/><V111/><F65/><T62/><D37/><AGARI ba="3,0" hai="36,37,39,56,58,68,70,71,112,114,115" m="31520,28233" machi="37" ten="50,18000,2" yaku="28,2,52,4" doraHai="67" who="1" fromWho="0" sc="178,-186,523,186,349,0,0,0" /><AGARI ba="3,0" hai="37,40,46,48,49,55,59,61,108,109,111" m="49674" machi="37" ten="40,8000,1" yaku="14,1,19,1,34,2" doraHai="67" who="2" fromWho="0" sc="-8,-80,709,0,349,80,0,0" owari="-88,-69.0,709,66.0,429,3.0,0,0.0" /></mjloggm>