<mjloggm ver="2.3"><GO type="169" lobby="0"/><UN n0="%E5%A4%A7%E5%85%A5%E9%81%93%E3%81%8F%E3%82%93" n1="%64%6F%6F%6F%6F%77%79%31" n2="%E3%81%84%E3%81%A1%E3%81%AE%E3%81%9B%E3%81%BB%E3%81%AA%E3%81%BF" n3="%E9%9D%92%E6%98%A5%E3%81%AE%E6%8F%A1%E3%82%8A%E6%8B%B3" dan="17,17,16,16" rate="2188.14,2175.81,2152.46,2073.28" sx="M,M,F,M"/><TAIKYOKU oya="0"/><INIT seed="0,0,0,5,0,6" ten="250,250,250,250" oya="0" hai0="122,59,0,62,40,91,19,74,53,8,42,126,39" hai1="116,51,120,105,3,75,13,7,16,50,63,30,57" hai2="106,92,46,117,80,127,10,21,109,38,110,121,33" hai3="14,113,1,69,9,114,22,31,115,18,81,94,101"/><T73/><D126/><U130/><E105/><V72/><F106/><W124/><G124/><T64/><D122/><U119/><E75/><V134/><F121/><W34/><G69/><T123/><D123/><U118/><E120/><V54/><F127/><W129/><G129/><T88/><D73/><U37/><E37/><V111/><F33/><W135/><G135/><T98/><D74/><U96/><E96/><V76/><F134/><W11/><G81/><T84/><D39/><U93/><E93/><V99/><F21/><W66/><G66/><T102/><D0/><U128/><E30/><V23/><F23/><W44/><G44/><T56/><D102/><U55/><E7/><V71/><F71/><W103/><G94/><T82/><D91/><U78/><E78/><V131/><F131/><N who="1" m="50217" /><E3/><V4/><F117/><N who="1" m="29953" /><U35/><DORA hai="67" /><E35/><V77/><F77/><W108/><G103/><T85/><D85/><U70/><E70/><V49/><F38/><W58/><G101/><T107/><D98/><U125/><E125/><V133/><F133/><W26/><G58/><T65/><D107/><U100/><E100/><N who="2" m="60519" /><F4/><N who="3" m="1167" /><G34/><T17/><D17/><U24/><E24/><V79/><F79/><W41/><G41/><N who="0" m="15979" /><D59/><U97/><E97/><V90/><F90/><W104/><G104/><T12/><AGARI ba="0,0" hai="8,12,19,53,56,62,64,65,82,84,88" m="15979" machi="12" ten="30,6000,0" yaku="8,1,52,1,54,1" doraHai="6,67" who="0" fromWho="0" sc="250,60,250,-20,250,-20,250,-20" /><INIT seed="0,1,0,2,2,126" ten="310,230,230,230" oya="0" hai0="44,24,93,66,52,1,100,87,62,45,30,81,77" hai1="19,96,2,70,110,75,72,115,8,53,69,58,131" hai2="112,83,94,21,118,3,38,114,56,113,111,25,121" hai3="99,64,10,130,9,15,67,46,27,97,123,28,26"/><T65/><D1/><U48/><E110/><V49/><F38/><W31/><G46/><T39/><D39/><U102/><E115/><V134/><F134/><W34/><G15/><T51/><D45/><U35/><E35/><V84/><F3/><W74/><G74/><T98/><REACH who="0" step="1"/><D62/><REACH who="0" ten="300,230,230,230" step="2"/><U79/><E2/><V90/><F114/><W63/><G63/><T108/><D108/><U4/><E75/><V91/><F111/><W128/><REACH who="3" step="1"/><G34/><AGARI ba="1,1" hai="24,30,34,44,51,52,65,66,77,81,87,93,98,100" machi="34" ten="30,5800,0" yaku="1,1,7,1,54,1,53,0" doraHai="126" doraHaiUra="18" who="0" fromWho="3" sc="300,71,230,0,230,0,230,-61" /><INIT seed="0,2,0,5,0,66" ten="371,230,230,169" oya="0" hai0="94,50,128,90,17,43,135,127,37,41,1,80,14" hai1="68,57,26,73,92,98,34,32,15,75,71,95,123" hai2="60,122,96,52,44,120,134,107,53,11,133,10,29" hai3="24,115,101,72,112,42,6,130,48,16,116,19,45"/><T103/><D1/><U105/><E123/><V126/><F126/><W58/><G116/><T88/><D127/><U59/><E15/><V18/><F29/><W102/><G72/><T109/><D37/><U55/><E105/><V20/><F120/><W39/><G130/><T113/><D128/><U67/><E67/><V78/><F78/><W65/><G6/><T31/><D135/><N who="2" m="51722" /><F122/><W74/><G74/><T13/><D113/><U125/><E125/><V87/><F87/><W124/><G124/><T61/><D31/><U89/><E26/><N who="2" m="14615" /><F60/><W4/><G115/><T117/><D13/><U97/><E55/><N who="2" m="21067" /><F44/><W36/><G45/><T93/><D61/><U21/><E21/><V40/><F40/><W131/><G42/><T119/><D14/><U8/><REACH who="1" step="1"/><E89/><REACH who="1" ten="371,220,230,169" step="2"/><V114/><F114/><W54/><G112/><T110/><D88/><U12/><E12/><V82/><F82/><W51/><G131/><T91/><D80/><U63/><E63/><V79/><F79/><W118/><G65/><T121/><D121/><U46/><E46/><V25/><F25/><W132/><G24/><T64/><D91/><U86/><E86/><V49/><F107/><W0/><G54/><T9/><D90/><U108/><E108/><V47/><F96/><W28/><G132/><T56/><D110/><U111/><E111/><V27/><F27/><W129/><G129/><T83/><D109/><U33/><E33/><V35/><F35/><W77/><G77/><T7/><D83/><U84/><E84/><V3/><F3/><W76/><G0/><T100/><D64/><U22/><E22/><RYUUKYOKU ba="2,1" sc="371,-15,220,15,230,15,169,-15" hai1="8,32,34,57,59,68,71,73,75,92,95,97,98" hai2="10,11,47,49" /><INIT seed="1,3,1,3,2,12" ten="356,235,245,154" oya="1" hai0="85,45,59,8,36,48,83,130,14,128,13,19,135" hai1="125,97,40,89,24,96,15,73,51,95,117,47,28" hai2="54,21,37,44,111,65,80,114,58,84,11,86,79" hai3="25,52,124,94,93,133,32,87,6,10,132,105,90"/><U57/><E125/><V29/><F111/><W67/><G124/><T18/><D135/><U112/><E112/><V106/><F106/><W31/><G105/><T104/><D36/><U4/><E73/><V66/><F114/><W3/><G67/><T43/><D59/><U5/><E117/><V118/><F118/><W30/><G30/><T70/><D70/><U41/><E41/><V108/><F108/><W121/><G121/><T113/><D104/><U88/><E57/><V78/><F11/><W35/><G35/><T131/><D113/><U0/><E0/><V22/><F44/><W127/><G127/><T17/><D8/><U39/><E39/><V64/><F29/><W33/><G33/><T129/><N who="0" m="32768" /><DORA hai="115" /><T74/><REACH who="0" step="1"/><D74/><REACH who="0" ten="346,235,245,154" step="2"/><U91/><E96/><V2/><F37/><W61/><G133/><T101/><D101/><U81/><E81/><N who="2" m="47159" /><F2/><W122/><G132/><T50/><D50/><AGARI ba="3,2" hai="21,22,50,54,58,64,65,66,79,80,86" m="47159" machi="50" ten="30,1000,0" yaku="8,1" doraHai="12,115" who="2" fromWho="0" sc="346,-19,235,0,245,39,154,0" /><INIT seed="2,0,0,1,5,123" ten="327,235,284,154" oya="2" hai0="76,46,68,93,52,35,129,16,103,18,112,74,128" hai1="131,40,41,89,99,26,58,2,88,24,97,50,117" hai2="36,67,44,73,116,23,125,8,87,92,80,120,59" hai3="64,85,31,6,12,107,63,86,19,110,133,37,124"/><V65/><F120/><W72/><G72/><T30/><D112/><U13/><E2/><V32/><F32/><W62/><G133/><T126/><D68/><U95/><E117/><V69/><F69/><W114/><G37/><T91/><D103/><U127/><E127/><V45/><F116/><W81/><G107/><T25/><D126/><U21/><E131/><N who="0" m="50249" /><D76/><U27/><E58/><V108/><F108/><W111/><G6/><T105/><D74/><U106/><E50/><V102/><F73/><W109/><G31/><T77/><D77/><U51/><E51/><V10/><F23/><N who="3" m="11751" /><G124/><T118/><D105/><U15/><E106/><V132/><F132/><W79/><G114/><T29/><D29/><U47/><E47/><N who="2" m="17995" /><F36/><W57/><G86/><N who="0" m="52471" /><D118/><U96/><E21/><V70/><F70/><W98/><G98/><N who="1" m="37994" /><E89/><N who="2" m="51431" /><F125/><W90/><G79/><T43/><D43/><AGARI ba="0,0" hai="13,15,24,26,27,40,41,43,88,95,99" m="37994" machi="43" ten="30,2000,0" yaku="8,1,54,1" doraHai="123" who="1" fromWho="0" sc="327,-20,235,20,284,0,154,0" /><INIT seed="3,0,0,5,4,126" ten="307,255,284,154" oya="3" hai0="70,63,21,57,24,62,122,49,20,34,26,43,2" hai1="130,89,8,25,54,100,3,132,37,124,69,106,99" hai2="50,119,83,13,102,41,28,92,87,0,73,55,30" hai3="96,97,38,80,108,114,125,31,45,14,84,65,17"/><W129/><G125/><T103/><D122/><U59/><E124/><V88/><F0/><W110/><G114/><T48/><D2/><U64/><E37/><V82/><F119/><W22/><G65/><T121/><D121/><U51/><E132/><V29/><F41/><W27/><G45/><T15/><D34/><U18/><E89/><V75/><F75/><W112/><G38/><T61/><D70/><U120/><E120/><V105/><F73/><W123/><G112/><T46/><D15/><U32/><E130/><V16/><F105/><W47/><G47/><T4/><D4/><U94/><E94/><V107/><F107/><W95/><G123/><T33/><D103/><U6/><E18/><V72/><F72/><W71/><G71/><T118/><D33/><U90/><E90/><V134/><F134/><W52/><G52/><N who="0" m="31879" /><D118/><U12/><E3/><V11/><F102/><W128/><G95/><T39/><D39/><U9/><E12/><V81/><F92/><W127/><G127/><T42/><D42/><U68/><E6/><V109/><F109/><N who="3" m="42091" /><G84/><T113/><D113/><U66/><E66/><V104/><F104/><W78/><G78/><T98/><D98/><N who="3" m="37993" /><G80/><T77/><D77/><U67/><E67/><V5/><F5/><W91/><G91/><T35/><D35/><AGARI ba="0,0" hai="14,17,22,27,31,35,128,129" m="37993,42091" machi="35" ten="30,11600,0" yaku="14,1,10,1,52,2" doraHai="126" who="3" fromWho="0" sc="307,-116,255,0,284,0,154,116" /><INIT seed="3,1,0,3,3,28" ten="191,255,284,270" oya="3" hai0="12,105,31,0,85,67,70,114,110,89,71,113,53" hai1="66,48,73,1,123,103,97,78,32,20,39,100,120" hai2="87,116,72,108,11,3,2,6,17,55,33,122,109" hai3="29,91,98,88,102,13,42,68,124,130,34,57,36"/><W94/><G130/><T82/><D110/><N who="2" m="42602" /><F72/><W75/><G68/><T117/><D117/><U41/><E48/><V65/><F65/><W23/><G75/><T25/><D0/><U128/><E128/><V86/><F116/><W127/><G36/><T8/><D105/><N who="1" m="63631" /><E20/><V76/><F76/><W9/><G42/><T101/><D101/><U21/><E21/><V62/><F3/><W83/><G23/><T58/><D67/><U4/><E66/><V15/><F33/><W111/><G111/><T80/><D80/><N who="1" m="45135" /><E103/><V44/><F122/><W99/><G83/><T24/><D71/><U74/><E74/><V10/><F62/><W5/><G57/><T77/><D70/><U49/><E49/><AGARI ba="1,0" hai="2,6,10,11,15,17,44,49,55,86,87" m="42602" machi="49" ten="30,1000,0" yaku="14,1" doraHai="28" who="2" fromWho="1" sc="191,0,255,-13,284,13,270,0" /><INIT seed="4,0,0,0,0,38" ten="191,242,297,270" oya="0" hai0="9,75,94,1,127,89,135,70,68,49,133,53,71" hai1="43,65,117,10,116,107,88,92,73,37,130,74,77" hai2="2,64,25,103,98,19,100,113,108,24,121,109,50" hai3="22,69,39,78,20,119,21,90,81,35,104,12,123"/><T128/><D75/><N who="1" m="28683" /><E10/><V40/><F121/><W125/><G119/><N who="1" m="45642" /><E43/><V7/><F113/><W6/><G35/><T105/><D105/><U58/><E58/><V28/><F64/><W13/><G123/><T83/><D83/><U111/><E65/><V112/><F112/><W55/><G69/><T122/><D122/><U30/><E30/><V36/><F36/><W16/><G104/><T60/><D60/><U18/><E18/><V42/><F19/><W86/><G39/><T72/><D72/><U54/><E54/><V132/><F50/><W82/><G125/><T106/><D127/><U84/><E37/><V66/><F66/><W118/><G118/><T4/><D106/><U124/><E124/><V41/><F98/><W56/><G82/><T31/><D31/><U126/><E126/><V97/><F97/><W61/><G78/><T44/><REACH who="0" step="1"/><D128/><REACH who="0" ten="181,242,297,270" step="2"/><U34/><E107/><V110/><F132/><W120/><G120/><T99/><AGARI ba="0,1" hai="1,4,9,44,49,53,68,70,71,89,94,99,133,135" machi="99" ten="40,7800,0" yaku="1,1,2,1,0,1,53,0" doraHai="38" doraHaiUra="79" who="0" fromWho="0" sc="181,88,242,-26,297,-26,270,-26" /><INIT seed="4,1,0,0,1,93" ten="269,216,271,244" oya="0" hai0="37,12,78,3,128,97,125,89,105,17,77,75,48" hai1="90,19,76,4,81,31,61,80,131,51,108,96,13" hai2="129,134,63,100,69,130,54,106,114,41,16,38,14" hai3="65,94,113,29,6,95,122,52,8,87,127,124,66"/><T30/><D37/><U32/><E108/><V58/><F114/><W92/><G113/><T85/><D3/><U33/><E131/><N who="2" m="50187" /><F134/><W57/><G122/><T99/><D125/><N who="3" m="48201" /><G29/><T55/><D105/><U133/><E4/><V35/><F35/><W82/><G82/><N who="0" m="49335" /><D30/><U34/><E133/><V109/><F109/><W111/><G87/><T88/><D88/><U15/><E31/><V68/><F41/><W25/><G25/><T98/><D75/><U79/><E51/><V40/><F40/><W83/><G83/><T22/><D128/><U121/><E121/><V72/><F72/><W101/><G111/><T45/><AGARI ba="1,0" hai="12,17,22,45,48,55,77,78,97,98,99" m="49335" machi="45" ten="30,11700,0" yaku="8,1,52,3" doraHai="93" who="0" fromWho="0" sc="269,120,216,-40,271,-40,244,-40" /><INIT seed="4,2,0,2,0,75" ten="389,176,231,204" oya="0" hai0="1,9,134,71,18,3,109,94,102,26,83,28,67" hai1="45,44,4,56,101,104,20,98,36,51,7,14,70" hai2="53,79,68,127,40,78,76,64,10,88,126,0,131" hai3="89,133,73,23,15,49,77,129,60,61,42,114,25"/><T115/><D115/><U19/><E70/><V24/><F131/><W31/><G133/><T41/><D134/><U27/><E36/><V80/><F40/><W107/><G129/><T35/><D109/><U32/><E56/><V37/><F37/><W8/><G107/><T55/><D41/><U125/><E125/><N who="2" m="47627" /><F24/><W82/><G114/><T123/><D123/><U52/><REACH who="1" step="1"/><E45/><REACH who="1" ten="389,166,231,204" step="2"/><V120/><F120/><W11/><G61/><T81/><D71/><U117/><E117/><V96/><F68/><W106/><G60/><T97/><D67/><U62/><E62/><V85/><F64/><W93/><G49/><T5/><D1/><U54/><E54/><V38/><F53/><W95/><G42/><T22/><REACH who="0" step="1"/><D55/><REACH who="0" ten="379,166,231,204" step="2"/><U72/><E72/><V69/><F69/><W128/><G73/><T87/><D87/><U30/><AGARI ba="2,2" hai="4,7,14,19,20,27,30,32,44,51,52,98,101,104" machi="30" ten="30,7900,0" yaku="1,1,0,1,54,1,53,1" doraHai="75" doraHaiUra="47" who="1" fromWho="1" sc="379,-41,166,105,231,-22,204,-22" /><INIT seed="5,0,0,2,2,123" ten="338,271,209,182" oya="1" hai0="69,113,72,100,126,82,76,19,131,0,104,64,114" hai1="58,86,59,99,73,20,71,74,57,93,49,47,7" hai2="97,9,83,56,29,6,84,70,51,34,23,102,2" hai3="18,125,107,130,112,128,75,111,134,27,118,25,35"/><U5/><E71/><V85/><F70/><W4/><RYUUKYOKU type="yao9" ba="0,0" sc="338,0,271,0,209,0,182,0" hai3="4,18,25,27,35,75,107,111,112,118,125,128,130,134" /><INIT seed="5,1,0,0,1,111" ten="338,271,209,182" oya="1" hai0="118,115,26,86,131,135,27,13,25,4,6,73,2" hai1="97,48,82,70,87,52,106,130,59,99,20,15,134" hai2="107,3,46,88,120,94,7,5,21,35,16,22,112" hai3="96,67,75,62,95,121,108,51,114,65,84,74,72"/><U33/><E33/><V24/><F120/><W126/><G121/><T116/><D73/><U36/><E134/><V98/><F35/><W14/><G108/><T129/><D86/><U132/><E132/><V60/><F112/><W104/><G126/><T124/><D135/><U117/><E117/><N who="0" m="45161" /><D124/><U30/><E130/><N who="0" m="49673" /><D115/><U77/><E36/><V127/><F127/><W8/><G114/><T12/><D2/><U103/><E70/><V29/><F107/><W10/><G104/><T91/><D91/><U64/><E64/><V39/><F3/><W43/><G84/><T19/><D13/><U9/><E103/><V123/><F123/><W49/><G14/><T122/><D122/><U45/><E106/><V44/><F60/><W81/><G81/><T50/><D50/><N who="1" m="31127" /><E20/><AGARI ba="1,0" hai="4,6,12,19,20,25,26,27" m="49673,45161" machi="20" ten="40,5200,0" yaku="19,1,34,2" doraHai="111" who="0" fromWho="1" sc="338,55,271,-55,209,0,182,0" /><INIT seed="6,0,0,3,5,12" ten="393,216,209,182" oya="2" hai0="88,7,55,18,119,127,15,43,66,8,78,98,45" hai1="90,38,76,83,49,107,39,117,129,121,131,100,36" hai2="86,33,93,85,75,51,35,21,116,70,102,1,40" hai3="17,106,126,94,28,103,113,24,50,123,101,5,122"/><V110/><F116/><W13/><G126/><T72/><D127/><U96/><E117/><V20/><F110/><W82/><G106/><T63/><D119/><U25/><E121/><V64/><F1/><W59/><G5/><T79/><D72/><U112/><E112/><V114/><F75/><W42/><G113/><T130/><D55/><U32/><E49/><V0/><F0/><W29/><G82/><T34/><D34/><U2/><E90/><V133/><F114/><W104/><G104/><T9/><D130/><N who="1" m="49675" /><E2/><V52/><F40/><W31/><G24/><T16/><D45/><U84/><E38/><V60/><F35/><W30/><N who="3" m="7168" /><DORA hai="92" /><W81/><G81/><T19/><D43/><U97/><E25/><V27/><F33/><W53/><G42/><T3/><D8/><U48/><E32/><V135/><F86/><W61/><G50/><T22/><D22/><U56/><E97/><N who="2" m="59695" /><F85/><W132/><G123/><T65/><D3/><U68/><E68/><V46/><F27/><W4/><G122/><T109/><D109/><U105/><E107/><V11/><F11/><W120/><G120/><T134/><D9/><U89/><E76/><V41/><F41/><W54/><G4/><T14/><D7/><U115/><E115/><V47/><F47/><W44/><G44/><T99/><D79/><U69/><E69/><V6/><F6/><W77/><G77/><T125/><D125/><U10/><E10/><V91/><F91/><W58/><G101/><T57/><D88/><U87/><E84/><V71/><F71/><W124/><G124/><T95/><D78/><RYUUKYOKU ba="0,0" sc="393,-15,216,15,209,15,182,-15" hai1="36,39,48,56,83,87,89,96,100,105" hai2="20,21,46,51,52,60,64,70,133,135" /><INIT seed="6,1,0,5,1,83" ten="378,231,224,167" oya="2" hai0="102,57,116,41,72,36,79,114,75,4,3,58,86" hai1="35,0,65,124,60,15,54,63,9,43,98,89,101" hai2="40,78,96,121,105,103,11,76,109,56,130,38,67" hai3="28,93,44,70,95,84,24,22,10,17,127,104,71"/><V34/><F121/><W29/><G127/><T110/><D110/><U69/><E124/><V13/><F34/><W49/><G104/><T80/><D114/><U108/><E108/><V91/><F109/><W118/><G118/><T19/><D116/><U66/><E0/><V99/><F130/><W85/><G71/><T64/><D102/><U61/><E35/><V77/><F38/><W111/><G70/><T2/><D41/><U21/><E43/><V122/><F40/><N who="3" m="24711" /><G111/><T55/><D19/><U27/><E54/><V100/><F122/><W134/><G134/><T59/><D55/><U26/><E89/><V33/><F91/><W125/><G125/><T50/><D50/><U126/><E126/><V90/><F90/><W133/><G133/><T31/><D31/><N who="3" m="11849" /><G10/><T119/><D2/><U6/><E21/><V123/><F123/><W132/><G132/><T18/><D3/><U120/><E120/><V87/><F33/><W42/><G42/><T20/><D72/><U52/><E52/><V37/><F37/><W45/><G45/><T32/><D75/><U73/><E73/><V23/><F23/><W81/><G81/><T115/><D20/><U51/><E51/><V131/><F131/><W47/><G47/><T106/><D119/><U1/><E1/><V88/><F105/><W94/><AGARI ba="1,0" hai="17,22,24,84,85,93,94,95" m="11849,24711" machi="94" ten="30,4000,0" yaku="8,1,52,2" doraHai="83" who="3" fromWho="3" sc="378,-11,231,-11,224,-21,167,43" /><INIT seed="7,0,0,5,1,49" ten="367,220,203,210" oya="3" hai0="111,54,118,123,77,90,124,62,20,45,132,116,39" hai1="122,87,46,15,99,60,19,2,25,34,98,100,40" hai2="58,74,42,6,29,115,38,89,12,4,135,73,85" hai3="117,101,131,69,106,125,86,108,36,61,55,109,76"/><W84/><G117/><T21/><D111/><N who="3" m="42569" /><G36/><T8/><D123/><U24/><E2/><V127/><F127/><W27/><G125/><T65/><D132/><U93/><E122/><V30/><F135/><W133/><G133/><T7/><D77/><U110/><E110/><V105/><F105/><W31/><G76/><T67/><D67/><U79/><E34/><V114/><F42/><W13/><G13/><T11/><D124/><U56/><E98/><V112/><F38/><W71/><G131/><T0/><D11/><N who="1" m="6655" /><E46/><V107/><F107/><W35/><G101/><T134/><D39/><U104/><E40/><V37/><F37/><W94/><G106/><T97/><D134/><U102/><E102/><V81/><F58/><N who="3" m="35039" /><G94/><T5/><D0/><U126/><E104/><V72/><F12/><W10/><G10/><T51/><D8/><U75/><E75/><V78/><F78/><W63/><G63/><T91/><D62/><U103/><E100/><V80/><F80/><W68/><AGARI ba="0,0" hai="27,31,35,68,69,71,84,86" m="35039,42569" machi="68" ten="40,3900,0" yaku="10,1,52,1" doraHai="49" who="3" fromWho="3" sc="367,-13,220,-13,203,-13,210,39" /><INIT seed="7,1,0,4,2,41" ten="354,207,190,249" oya="3" hai0="55,76,67,120,82,80,106,131,27,134,70,72,111" hai1="89,26,24,99,110,78,13,84,33,25,69,3,127" hai2="8,49,50,133,124,83,0,118,100,122,95,108,66" hai3="20,79,31,92,115,105,46,7,102,109,119,16,85"/><W126/><G119/><T114/><D111/><U19/><E3/><V22/><F108/><W117/><G109/><T135/><D120/><U128/><E110/><V107/><F118/><W43/><G117/><T91/><D106/><U35/><E69/><V93/><F122/><W90/><G126/><T6/><D131/><U60/><E60/><V101/><F124/><W112/><G31/><T73/><D114/><N who="3" m="43561" /><G7/><T121/><D121/><U39/><E39/><V51/><F107/><W96/><G79/><T28/><D6/><U15/><E78/><V17/><F0/><W64/><G64/><T125/><D73/><U132/><E128/><V81/><F66/><W14/><G43/><T88/><D125/><U42/><E42/><V113/><F113/><W56/><G56/><T75/><D67/><U130/><E130/><V32/><F32/><W62/><G62/><T10/><D70/><U52/><E33/><V11/><F133/><W59/><G59/><T58/><D58/><U68/><E132/><V48/><N who="2" m="12288" /><DORA hai="129" /><V57/><F57/><W63/><G63/><T65/><D65/><U54/><E68/><V97/><F22/><W37/><G37/><T86/><D75/><U30/><E127/><V40/><F40/><W12/><G12/><T74/><D74/><U61/><E13/><N who="2" m="7335" /><F11/><W123/><G123/><T18/><D10/><N who="1" m="6647" /><E61/><V104/><F104/><W103/><G103/><N who="2" m="39497" /><F95/><W1/><G1/><T36/><D135/><U71/><E71/><V29/><F29/><W2/><G2/><T45/><D134/><U77/><E30/><V94/><F94/><N who="3" m="54607" /><G105/><T23/><D28/><RYUUKYOKU ba="1,0" sc="354,-15,207,-15,190,15,249,15" hai2="81,83,93,97" hai3="14,16,20,46,92,96,102" /><INIT seed="7,2,0,3,3,48" ten="339,192,205,264" oya="3" hai0="32,92,10,80,7,3,109,89,61,97,103,43,112" hai1="30,2,110,98,95,124,52,44,86,79,74,113,76" hai2="66,108,53,84,31,4,101,51,132,129,114,135,9" hai3="23,5,17,6,93,29,14,63,88,90,107,19,55"/><W125/><G107/><T111/><D112/><U37/><E2/><N who="2" m="151" /><F108/><W47/><G125/><T128/><D128/><U20/><E124/><V12/><F129/><W127/><G127/><T120/><D120/><U73/><E113/><V72/><F72/><W13/><G29/><T18/><D32/><U134/><E134/><N who="2" m="51243" /><F114/><W78/><G78/><N who="1" m="29738" /><E110/><V122/><F122/><W99/><G90/><T34/><D89/><N who="1" m="55663" /><E37/><V22/><F66/><W123/><G123/><T59/><D3/><U82/><E74/><V119/><F119/><W68/><G68/><T36/><D36/><U96/><E73/><V85/><F101/><W94/><G94/><T40/><D92/><U1/><E1/><V70/><F70/><W64/><G64/><T39/><D103/><U75/><E75/><V54/><F54/><W46/><G46/><T71/><D39/><U118/><E118/><V56/><F12/><W106/><G106/><T42/><D71/><U25/><E96/><V33/><F33/><W83/><G83/><T87/><D97/><U65/><E65/><V91/><F91/><W38/><G38/><T0/><D34/><U8/><E8/><V15/><F31/><W58/><G47/><T11/><D11/><AGARI ba="2,0" hai="5,6,11,13,14,17,19,23,55,58,63,88,93,99" machi="11" ten="30,11600,0" yaku="7,1,8,1,52,1,54,1" doraHai="48" who="3" fromWho="0" sc="339,-122,192,0,205,0,264,122" owari="217,2.0,192,-31.0,205,-19.0,386,48.0" /></mjloggm>