<mjloggm ver="2.3"><GO type="169" lobby="0"/><UN n0="%E7%89%87%E5%B2%A1%E7%AF%A4%E5%8F%B2" n1="%E5%AE%9D%E5%90%8A%E5%AE%9D" n2="%64%75%72%72%72%72%72" n3="%64%61%7A%61%69" dan="17,16,16,16" rate="2150.73,2120.73,2138.87,2146.52" sx="M,M,M,M"/><TAIKYOKU oya="0"/><INIT seed="0,0,0,2,2,13" ten="250,250,250,250" oya="0" hai0="46,16,134,84,36,79,93,96,26,20,72,51,43" hai1="24,77,33,22,112,99,30,92,119,118,53,11,7" hai2="35,39,44,117,130,78,120,89,2,41,65,14,32" hai3="102,48,107,80,73,104,15,126,52,63,38,68,62"/><T12/><D72/><U98/><E112/><V108/><F120/><W121/><G38/><T0/><D0/><U76/><E98/><V31/><F2/><W56/><G121/><T81/><D134/><U57/><E118/><V82/><F117/><W91/><G126/><T54/><D36/><U28/><E28/><V127/><F127/><W6/><G102/><T75/><D75/><U40/><E40/><V60/><F108/><W10/><G68/><T1/><D1/><U123/><E33/><V42/><F42/><W71/><G71/><T49/><D12/><U34/><E34/><V131/><F89/><W116/><G116/><T124/><D124/><U5/><E123/><V87/><F14/><W94/><G104/><T114/><D114/><U101/><E119/><V100/><F100/><W37/><G107/><T19/><D93/><U97/><E97/><V66/><F66/><W23/><G23/><T113/><D96/><U21/><E21/><V3/><F3/><W128/><G128/><N who="2" m="49193" /><F31/><W25/><G25/><T132/><D132/><U95/><E95/><V135/><F135/><W47/><G80/><T64/><D64/><U109/><E109/><V50/><F50/><W103/><G103/><T133/><D113/><U74/><E11/><V69/><AGARI ba="0,0" hai="32,35,39,41,44,60,65,69,78,82,87" m="49193" machi="69" ten="30,1100,0" yaku="19,1" doraHai="13" who="2" fromWho="2" sc="250,-5,250,-3,250,11,250,-3" /><INIT seed="1,0,0,5,4,80" ten="245,247,261,247" oya="1" hai0="128,9,0,8,39,88,55,67,48,19,86,62,91" hai1="129,74,81,17,45,6,12,40,123,28,116,97,66" hai2="54,23,34,101,10,21,57,42,32,26,79,27,33" hai3="64,77,76,4,96,126,7,72,70,89,95,102,114"/><U44/><E116/><V60/><F101/><W127/><G114/><T75/><D75/><U61/><E123/><V87/><F42/><W133/><G133/><T71/><D39/><U30/><E6/><V35/><F10/><W104/><G64/><T11/><D128/><U117/><E117/><V122/><F122/><W99/><G70/><T119/><D119/><U14/><E129/><V125/><F125/><N who="3" m="47627" /><G7/><T82/><D0/><U16/><E97/><V130/><F130/><W94/><G4/><T37/><D37/><U73/><E81/><V46/><F46/><W109/><G109/><T103/><D103/><U50/><E61/><V31/><N who="2" m="8192" /><DORA hai="2" /><V15/><F15/><W83/><G77/><T56/><REACH who="0" step="1"/><D91/><REACH who="0" ten="235,247,261,247" step="2"/><U84/><E40/><V92/><F79/><W47/><G47/><T65/><D65/><U5/><E66/><V132/><F132/><W121/><G121/><T110/><D110/><U22/><E5/><V131/><F131/><W43/><G43/><T111/><D111/><U58/><E73/><V90/><REACH who="2" step="1"/><F31/><REACH who="2" ten="235,247,251,247" step="2"/><W105/><AGARI ba="0,2" hai="72,76,83,89,94,95,96,99,102,104,105" m="47627" machi="105" ten="30,4000,0" yaku="18,1,34,2" doraHai="80,2" who="3" fromWho="3" sc="235,-10,247,-20,251,-10,247,60" /><INIT seed="2,0,0,0,2,65" ten="225,227,241,307" oya="2" hai0="16,42,110,23,90,27,24,118,112,88,107,78,87" hai1="1,30,0,72,59,58,34,2,9,117,121,97,92" hai2="44,25,129,102,69,15,46,62,5,40,57,36,101" hai3="86,111,82,120,6,12,125,93,115,18,99,95,130"/><V52/><F129/><W3/><G120/><T60/><D112/><U50/><E72/><V10/><F46/><W26/><G115/><T48/><D110/><U106/><E117/><V128/><F128/><W133/><G130/><T75/><D75/><U85/><E121/><V70/><REACH who="2" step="1"/><F25/><REACH who="2" ten="225,227,231,307" step="2"/><W68/><G111/><T104/><D24/><U71/><E34/><V32/><F32/><W91/><G26/><T11/><D27/><U73/><E30/><V53/><F53/><W79/><G133/><T80/><D42/><U37/><E37/><V76/><F76/><W124/><G79/><T66/><D78/><U17/><E73/><V127/><F127/><W51/><G124/><T28/><D28/><U31/><E31/><V21/><F21/><W41/><G125/><T126/><D23/><U35/><E35/><V33/><F33/><W105/><G41/><T109/><D109/><U13/><E9/><V39/><F39/><W132/><G132/><T49/><D126/><U100/><E50/><V84/><F84/><W98/><G86/><N who="0" m="50247" /><D49/><U55/><E85/><V43/><F43/><W83/><G51/><T20/><D48/><U131/><E131/><V29/><F29/><W38/><G38/><T47/><D20/><U96/><E55/><V14/><F14/><W134/><G12/><N who="0" m="7199" /><D47/><U135/><E135/><V61/><F61/><W113/><G134/><T54/><D54/><U4/><E13/><V64/><F64/><W123/><G113/><T77/><D77/><U116/><E0/><V8/><F8/><W81/><G3/><T94/><D118/><U67/><E1/><RYUUKYOKU ba="0,1" sc="225,15,227,-15,231,15,307,-15" hai0="60,66,87,90,94,104,107" hai2="5,10,15,36,40,44,52,57,62,69,70,101,102" /><INIT seed="2,1,1,1,0,127" ten="240,212,246,292" oya="2" hai0="21,123,29,3,10,105,99,32,101,86,110,93,6" hai1="8,62,58,51,20,75,4,12,67,64,53,102,103" hai2="112,69,82,42,47,133,52,83,90,130,5,95,108" hai3="63,33,44,122,128,55,54,65,134,60,77,96,91"/><V124/><F112/><W49/><G122/><T106/><D110/><U2/><E75/><V45/><F69/><W36/><G33/><T61/><D123/><U80/><E64/><V132/><F124/><W119/><G77/><T56/><D32/><U88/><E20/><V24/><F108/><W17/><G119/><T68/><D68/><U97/><E2/><V48/><F5/><W43/><G17/><T78/><D86/><U115/><E115/><V120/><F24/><W94/><G134/><N who="2" m="51817" /><F130/><W76/><G76/><T98/><D98/><U72/><E72/><V38/><F120/><W31/><G31/><T70/><D78/><U126/><E126/><V81/><F81/><W50/><G128/><T1/><D70/><U40/><E40/><V107/><F107/><W11/><G11/><T71/><D71/><U87/><REACH who="1" step="1"/><E97/><AGARI ba="1,1" hai="38,42,45,47,48,52,82,83,90,95,97" m="51817" machi="97" ten="30,2900,0" yaku="20,1,54,1" doraHai="127" who="2" fromWho="1" sc="240,0,212,-32,246,42,292,0" /><INIT seed="2,2,0,0,3,12" ten="240,180,288,292" oya="2" hai0="38,11,36,121,127,71,30,31,4,3,109,86,63" hai1="135,39,9,37,128,44,53,98,125,72,97,104,41" hai2="77,2,124,52,27,105,29,69,132,10,82,6,21" hai3="80,14,96,79,60,1,42,24,33,58,59,134,64"/><V118/><F118/><W20/><G134/><T19/><D121/><U88/><E135/><V74/><F132/><W68/><G1/><T110/><D127/><U46/><E125/><V34/><F124/><W65/><G42/><T15/><D86/><U100/><E72/><V85/><F105/><W111/><G111/><N who="0" m="42507" /><D71/><U131/><E9/><V70/><F74/><W0/><G0/><T129/><D63/><U55/><E37/><N who="0" m="14441" /><D129/><N who="1" m="49739" /><E46/><V23/><F23/><AGARI ba="2,0" hai="3,4,11,15,19,23,30,31" m="14441,42507" machi="23" ten="30,2000,0" yaku="14,1,52,1" doraHai="12" who="0" fromWho="2" sc="240,26,180,0,288,-26,292,0" /><INIT seed="3,0,0,4,0,17" ten="266,180,262,292" oya="3" hai0="18,20,49,1,134,26,69,44,14,71,27,98,135" hai1="120,67,57,61,29,5,110,80,84,109,37,121,105" hai2="96,65,112,102,122,25,76,103,54,35,87,11,111" hai3="46,24,36,97,42,108,59,94,130,30,125,21,100"/><W39/><G130/><T127/><D1/><U99/><E37/><V28/><F112/><W50/><G125/><T52/><D127/><U32/><E5/><V92/><F111/><W8/><G108/><T126/><D126/><U114/><E114/><V116/><F116/><W107/><G107/><T2/><D2/><U106/><E109/><V93/><F122/><W70/><G70/><T124/><D124/><U6/><E6/><V95/><F65/><W41/><G41/><T19/><D98/><U0/><E0/><V78/><F11/><W128/><G128/><T7/><D7/><U123/><E110/><V91/><F54/><W51/><G8/><T117/><D117/><U129/><E129/><V4/><F4/><W79/><G79/><T85/><D27/><U86/><E99/><AGARI ba="0,0" hai="25,28,35,76,78,87,91,92,93,95,96,99,102,103" machi="99" ten="40,1300,0" yaku="9,1" doraHai="17" who="2" fromWho="1" sc="266,0,180,-13,262,13,292,0" /><INIT seed="4,0,0,0,1,95" ten="266,167,275,292" oya="0" hai0="119,96,115,30,85,60,41,32,120,23,80,126,130" hai1="2,61,48,59,25,26,92,9,118,40,104,57,68" hai2="79,42,13,108,134,114,76,49,116,131,29,69,18" hai3="101,112,10,113,62,28,106,33,1,5,121,94,127"/><T98/><D119/><U53/><E104/><V36/><F108/><W122/><G106/><T77/><D120/><N who="3" m="46185" /><G62/><T22/><D32/><U100/><E118/><V90/><F69/><W55/><G55/><T46/><D115/><N who="3" m="44105" /><G101/><T97/><D126/><U65/><E2/><V52/><F18/><W123/><G94/><T24/><D130/><U133/><E9/><V16/><F13/><W91/><G91/><T117/><D117/><U50/><E133/><V8/><F52/><W47/><G47/><T39/><D22/><U105/><E105/><V83/><F8/><W88/><G88/><T128/><D128/><U73/><E73/><V67/><F134/><W58/><G58/><T19/><REACH who="0" step="1"/><D60/><REACH who="0" ten="256,167,275,292" step="2"/><U124/><E124/><V74/><F131/><W14/><G123/><T75/><D75/><U125/><E125/><V70/><F116/><W82/><G127/><T4/><D4/><U54/><E40/><V43/><F114/><W17/><G82/><T93/><D93/><U99/><AGARI ba="0,1" hai="25,26,48,50,53,54,57,59,61,65,68,92,99,100" machi="99" ten="30,4000,0" yaku="0,1,9,1,52,1" doraHai="95" who="1" fromWho="1" sc="256,-20,167,50,275,-10,292,-10" /><INIT seed="5,0,0,1,5,128" ten="236,217,265,282" oya="1" hai0="8,16,41,88,2,58,105,119,56,25,43,54,13" hai1="52,5,10,57,65,51,44,103,48,27,1,6,133" hai2="7,49,127,116,28,81,112,84,77,94,64,93,17" hai3="111,40,123,45,114,23,108,95,124,71,34,15,4"/><U98/><E27/><V100/><F116/><W55/><G123/><T113/><D105/><U68/><E6/><V117/><F117/><W102/><G114/><T82/><D2/><U12/><E133/><V37/><F37/><W120/><G71/><T76/><D113/><U115/><E115/><V24/><F112/><W96/><G124/><T89/><D25/><U86/><E86/><V73/><F127/><W38/><G34/><T53/><D119/><U47/><E1/><V72/><F7/><W18/><G120/><T35/><D35/><U67/><E68/><V110/><F110/><W99/><G4/><T78/><D82/><U39/><E39/><V11/><F64/><W62/><G62/><T134/><D8/><U122/><E122/><V19/><F49/><W3/><G3/><T70/><D70/><U31/><E31/><V106/><F93/><W69/><G69/><T87/><D87/><U74/><E74/><V101/><F101/><W80/><G55/><T75/><D75/><N who="2" m="28746" /><F106/><W36/><G36/><T97/><D97/><U83/><E83/><V130/><F11/><W66/><G66/><N who="1" m="25098" /><E48/><V0/><F130/><W63/><G63/><T107/><D107/><U32/><E32/><N who="2" m="20487" /><F0/><W129/><G129/><T21/><D16/><U109/><E109/><V85/><F85/><W29/><G80/><T20/><D13/><U118/><E118/><V132/><F132/><AGARI ba="0,0" hai="20,21,41,43,53,54,56,58,76,78,88,89,132,134" machi="132" ten="25,8000,1" yaku="22,2,52,2,54,1" doraHai="128" who="0" fromWho="2" sc="236,80,217,0,265,-80,282,0" /><INIT seed="6,0,0,0,2,135" ten="316,217,185,282" oya="2" hai0="0,53,20,91,128,27,67,37,101,130,35,52,50" hai1="38,59,129,93,134,55,102,24,54,63,77,2,81" hai2="36,89,119,80,99,78,51,76,64,88,71,58,15" hai3="70,16,9,117,82,87,110,7,75,26,96,92,14"/><V124/><F119/><W84/><G110/><T49/><D37/><U57/><E134/><V108/><F36/><W109/><G109/><T56/><D35/><U104/><E104/><V25/><F108/><W43/><G117/><T62/><D101/><U125/><E129/><N who="0" m="49769" /><D0/><U1/><E38/><V114/><F71/><W97/><G70/><T131/><D91/><U60/><E24/><V32/><F114/><W121/><G121/><T123/><D123/><U17/><E17/><V66/><F124/><W30/><G43/><T85/><D85/><U3/><E125/><V115/><F115/><W126/><G126/><T22/><D131/><U8/><E8/><V94/><F15/><W65/><G65/><N who="2" m="25193" /><F25/><W90/><G75/><T39/><D39/><U103/><REACH who="1" step="1"/><E93/><REACH who="1" ten="316,207,185,282" step="2"/><N who="2" m="56743" /><F32/><W42/><G7/><T10/><D10/><U48/><E48/><N who="0" m="18537" /><D20/><U106/><E106/><V127/><F127/><W73/><G26/><T120/><D120/><U100/><E100/><V111/><F111/><W118/><G118/><T105/><D105/><U95/><E95/><V98/><F80/><W107/><G107/><T45/><D45/><U23/><E23/><V33/><F33/><W61/><G92/><T72/><D22/><U19/><E19/><V83/><F83/><W34/><G82/><T74/><D27/><U21/><E21/><V40/><F40/><W13/><G42/><T29/><D29/><U31/><E31/><V79/><F51/><W12/><G34/><T122/><D122/><U133/><E133/><V132/><F132/><W116/><G30/><T4/><D4/><U69/><E69/><RYUUKYOKU ba="0,1" sc="316,10,207,10,185,10,282,-30" hai0="52,53,56,62,67,72,74" hai1="1,2,3,54,55,57,59,60,63,77,81,102,103" hai2="58,76,78,79,89,94,98" /><INIT seed="6,1,1,1,0,123" ten="326,217,195,252" oya="2" hai0="83,41,134,108,122,121,65,18,28,23,82,115,45" hai1="100,130,26,25,133,49,10,96,93,129,37,34,63" hai2="95,39,110,31,3,73,54,74,76,24,68,60,11" hai3="42,120,86,0,61,126,99,30,103,109,5,81,27"/><V118/><F118/><W29/><G109/><T101/><D108/><U8/><E37/><V43/><F110/><W78/><G120/><T131/><D115/><U50/><E133/><V91/><F76/><W64/><G126/><T70/><D101/><U80/><E80/><V52/><F3/><W72/><G42/><T19/><D28/><U58/><E34/><V107/><F107/><W69/><G5/><T71/><D23/><U36/><E36/><V33/><F11/><N who="1" m="4137" /><E129/><V85/><F68/><W104/><G0/><T125/><D65/><N who="1" m="39159" /><E130/><V20/><F33/><N who="3" m="20671" /><G30/><T35/><D35/><U17/><E17/><V89/><F89/><W94/><G94/><T127/><D131/><U7/><E7/><V77/><F60/><W75/><AGARI ba="1,1" hai="61,64,69,72,75,78,81,86,99,103,104" m="20671" machi="75" ten="30,1100,0" yaku="25,1" doraHai="123" who="3" fromWho="3" sc="326,-4,217,-4,195,-6,252,24" /><INIT seed="7,0,0,4,1,26" ten="322,213,189,276" oya="3" hai0="38,108,91,4,30,20,65,131,89,96,18,34,51" hai1="67,64,103,80,88,76,44,5,124,73,61,10,120" hai2="11,104,93,109,115,98,28,92,21,107,19,78,47" hai3="70,6,41,116,113,31,118,105,55,53,110,81,7"/><W79/><G105/><T134/><D108/><U129/><E120/><V77/><F109/><W16/><G70/><T63/><D38/><U101/><E124/><V12/><F115/><W48/><G113/><T22/><D34/><U17/><E129/><V126/><F126/><W15/><G110/><T119/><D119/><U62/><E44/><V133/><F133/><W66/><G66/><T94/><D4/><U121/><E17/><V130/><F130/><W87/><G31/><T36/><D36/><U82/><E62/><V13/><F107/><W99/><G118/><T117/><D134/><U24/><E24/><N who="2" m="16399" /><F104/><W1/><G1/><T52/><D30/><U42/><E42/><V58/><F47/><N who="3" m="25711" /><G99/><T23/><D117/><U135/><E67/><V8/><F58/><W57/><G53/><T111/><D111/><U132/><E121/><V75/><F75/><W128/><G128/><T72/><D72/><U114/><E114/><V86/><F86/><W112/><G112/><T29/><D29/><U45/><E45/><V95/><F98/><W56/><G56/><N who="0" m="37095" /><D131/><U85/><E132/><V90/><F90/><W123/><G123/><T71/><D91/><U14/><REACH who="1" step="1"/><E135/><REACH who="1" ten="322,203,189,276" step="2"/><V100/><F100/><W35/><G116/><T125/><D125/><U33/><E33/><V84/><F84/><W127/><G35/><T9/><D71/><AGARI ba="0,1" hai="5,10,14,61,64,71,73,76,80,82,85,88,101,103" machi="71" ten="30,7700,0" yaku="1,1,7,1,54,1,53,1" doraHai="26" doraHaiUra="2" who="1" fromWho="0" sc="322,-77,203,87,189,0,276,0" /><INIT seed="8,0,0,0,2,106" ten="245,290,189,276" oya="0" hai0="37,80,110,48,8,96,107,79,57,113,132,0,98" hai1="76,43,85,88,101,46,32,87,75,70,3,66,71" hai2="90,92,40,50,2,61,17,52,18,38,36,27,135" hai3="69,6,78,56,30,25,134,93,72,73,23,114,120"/><T125/><D37/><U99/><E32/><V81/><F135/><W115/><G69/><T122/><D122/><U74/><E3/><V111/><F111/><W9/><G134/><T42/><D113/><U117/><E76/><V31/><F2/><W65/><G120/><T28/><D132/><U109/><E109/><V124/><F124/><W95/><G95/><T60/><D110/><U91/><E66/><V83/><F61/><W63/><G78/><T22/><D107/><U105/><E70/><V7/><F7/><W62/><G62/><T112/><D112/><U20/><E20/><N who="2" m="15847" /><F40/><W11/><G11/><T51/><D8/><U82/><E117/><V129/><F36/><W116/><G116/><T94/><D0/><U24/><E24/><V4/><F4/><W104/><G104/><T86/><D125/><U19/><E19/><N who="2" m="7179" /><F38/><W127/><G127/><T15/><D42/><U97/><E97/><N who="2" m="57495" /><F129/><W59/><G114/><T16/><D28/><U121/><E71/><V64/><F64/><W68/><G93/><T133/><D133/><U130/><E130/><V126/><F126/><W131/><G131/><T89/><D98/><U53/><E43/><V39/><F39/><W10/><G10/><T119/><D119/><U41/><E41/><V102/><F102/><W77/><G115/><T67/><AGARI ba="0,0" hai="15,16,22,48,51,57,60,67,79,80,86,89,94,96" machi="67" ten="20,7800,0" yaku="0,1,7,1,8,1,54,1" doraHai="106" who="0" fromWho="0" sc="245,78,290,-26,189,-26,276,-26" owari="323,43.0,264,6.0,163,-34.0,250,-15.0" /></mjloggm>