<mjloggm ver="2.3"><GO type="185" lobby="0"/><UN n0="%E3%81%A0%E3%81%83" n1="%77%61%77%61%33%30%33%30" n2="%4E%45%47%49%54%53" n3="" dan="16,16,18,0" rate="2153.49,2148.26,2328.15,1500.00" sx="M,M,F,C"/><TAIKYOKU oya="0"/><INIT seed="0,0,0,1,1,2" ten="350,350,350,0" oya="0" hai0="109,121,47,129,36,132,122,34,1,39,115,135,108" hai1="120,104,111,107,73,65,60,84,91,127,78,82,131" hai2="66,63,48,3,128,113,119,70,97,0,112,54,124" hai3=""/><T41/><N who="0" m="31008" /><T79/><N who="0" m="31264" /><T72/><D1/><U103/><N who="1" m="30752" /><U62/><E111/><N who="0" m="42569" /><D115/><U81/><E131/><V134/><F128/><T89/><D129/><U80/><E127/><V83/><F134/><N who="0" m="51242" /><D34/><U50/><E62/><V77/><F119/><T45/><D89/><U51/><E82/><V87/><F124/><T93/><D93/><U123/><N who="1" m="31520" /><U44/><E103/><V100/><F0/><T43/><D79/><U76/><E91/><V55/><F3/><T90/><D90/><U67/><E107/><V35/><F35/><T57/><D57/><U68/><E104/><V96/><F113/><T106/><D106/><U33/><E33/><V130/><F130/><T125/><D125/><U105/><E105/><V114/><F114/><T49/><D49/><U85/><E51/><V94/><F112/><T61/><D61/><U101/><E101/><V92/><F48/><T71/><D71/><U75/><E60/><V42/><F94/><T126/><D126/><U56/><E56/><V117/><F92/><T52/><D52/><U32/><E32/><V88/><F88/><T99/><D99/><U133/><E133/><V69/><F69/><T95/><D95/><U118/><E68/><V102/><F70/><RYUUKYOKU ba="0,0" sc="350,20,350,-10,350,-10,0,0" hai0="36,39,41,43,45,47,72" /><INIT seed="0,1,0,2,4,122" ten="370,340,340,0" oya="0" hai0="124,77,79,67,108,65,2,64,131,61,106,37,40" hai1="60,115,103,52,113,69,45,105,63,38,47,99,84" hai2="98,126,39,78,94,80,56,48,134,59,50,118,41" hai3=""/><T76/><D2/><U123/><N who="1" m="31520" /><U92/><E38/><V0/><F0/><T75/><D131/><U51/><E47/><V89/><F39/><T100/><D124/><U54/><E54/><V44/><F126/><T128/><D128/><U1/><E1/><V97/><F134/><T116/><D116/><U81/><E105/><V96/><F118/><T133/><D133/><U125/><E125/><V121/><N who="2" m="31008" /><V55/><REACH who="2" step="1"/><F56/><REACH who="2" ten="370,340,330,0" step="2"/><T119/><D119/><U114/><REACH who="1" step="1"/><E69/><REACH who="1" ten="370,330,330,0" step="2"/><V57/><F57/><T107/><D37/><U68/><E68/><V42/><F42/><T87/><D40/><U43/><E43/><V93/><F93/><T127/><D127/><U73/><E73/><AGARI ba="1,2" hai="41,44,48,50,55,59,73,78,80,89,94,96,97,98" m="31008" machi="73" ten="30,3900,0" yaku="1,1,7,1,52,1,53,0" doraHai="122" doraHaiUra="112" who="2" fromWho="1" sc="370,0,330,-41,330,61,0,0" /><INIT seed="1,0,0,3,4,50" ten="370,289,391,0" oya="1" hai0="60,128,127,135,101,119,49,124,34,36,116,98,96" hai1="117,112,78,81,77,58,33,103,69,0,125,53,48" hai2="118,71,113,99,76,46,126,86,93,122,65,92,37" hai3=""/><U55/><E112/><V91/><N who="2" m="31264" /><V80/><F118/><N who="0" m="45098" /><D36/><U70/><E33/><V83/><F126/><N who="0" m="48170" /><D34/><U82/><E0/><V132/><F132/><T123/><N who="0" m="31520" /><T3/><D3/><U74/><E103/><V94/><F113/><T47/><D135/><U61/><E125/><V75/><F65/><T79/><D128/><U107/><E107/><V121/><N who="2" m="31008" /><V64/><F64/><T97/><D79/><U100/><E100/><V41/><REACH who="2" step="1"/><F71/><REACH who="2" ten="370,289,381,0" step="2"/><T90/><D101/><AGARI ba="0,1" hai="37,41,46,75,76,80,83,86,91,92,93,94,99,101" m="31008,31264" machi="101" ten="30,8000,1" yaku="1,1,2,1,7,1,52,2,53,0" doraHai="50" doraHaiUra="59" who="2" fromWho="0" sc="370,-80,289,0,381,90,0,0" /><INIT seed="2,0,0,1,0,100" ten="290,289,471,0" oya="2" hai0="80,128,83,89,72,81,123,55,87,94,61,34,60" hai1="73,41,127,117,91,45,119,107,122,70,51,48,118" hai2="74,38,116,97,115,106,109,102,47,56,110,104,77" hai3=""/><V42/><F116/><T57/><N who="0" m="31520" /><T76/><D34/><U86/><N who="1" m="31264" /><U105/><E73/><V90/><F115/><T92/><D128/><U71/><E127/><V101/><F90/><T46/><D46/><U40/><E51/><V39/><F39/><T125/><D125/><U58/><E58/><V108/><F56/><T134/><D134/><U32/><E41/><V52/><F52/><T131/><D131/><U98/><E98/><V112/><F112/><T65/><REACH who="0" step="1"/><D83/><REACH who="0" ten="280,289,471,0" step="2"/><U3/><E32/><V99/><F77/><T93/><D93/><U67/><E3/><V79/><F79/><T135/><D135/><U33/><E33/><V84/><F84/><T69/><AGARI ba="0,1" hai="55,57,60,61,65,69,72,76,80,81,87,89,92,94" m="31520" machi="69" ten="20,9000,2" yaku="1,1,0,1,7,1,52,1,53,2" doraHai="100" doraHaiUra="88" who="0" fromWho="0" sc="280,100,289,-30,471,-60,0,0" /><INIT seed="4,0,0,5,0,127" ten="380,259,411,0" oya="0" hai0="56,34,57,58,3,114,97,64,82,91,135,96,1" hai1="66,2,106,68,37,93,63,129,94,55,81,50,53" hai2="85,102,60,51,69,76,84,113,59,104,123,120,122" hai3=""/><T90/><D34/><U33/><E106/><V89/><N who="2" m="30752" /><V112/><N who="2" m="31264" /><V75/><N who="2" m="31520" /><V133/><F69/><T110/><D114/><N who="2" m="44138" /><F133/><T115/><D115/><U46/><E2/><N who="0" m="521" /><D135/><U134/><E55/><V128/><F75/><T111/><D64/><U109/><E109/><N who="0" m="41481" /><D82/><U125/><E81/><V95/><F76/><T48/><D48/><U38/><E38/><V98/><F51/><T121/><N who="0" m="31008" /><T99/><AGARI ba="0,0" hai="56,57,58,90,91,96,97,99" m="31008,41481,521" machi="99" ten="40,8000,1" yaku="4,1,28,2,10,1,52,1" doraHai="127" who="0" fromWho="0" sc="380,80,259,-40,411,-40,0,0" /><INIT seed="4,1,0,2,5,124" ten="460,219,371,0" oya="0" hai0="32,56,108,112,34,104,60,129,119,90,128,63,53" hai1="122,67,97,72,37,115,54,68,130,50,83,113,62" hai2="55,135,94,133,131,42,95,132,100,33,61,3,45" hai3=""/><T46/><D119/><U85/><N who="1" m="31264" /><U117/><E117/><V103/><F3/><T91/><D104/><U1/><E1/><V134/><F33/><T121/><N who="0" m="31008" /><T81/><D112/><N who="1" m="43083" /><E37/><V70/><F131/><N who="0" m="50250" /><D108/><U126/><E126/><V98/><F134/><T75/><D46/><U77/><E97/><V76/><F76/><T74/><D63/><U78/><E130/><V0/><F0/><T125/><D125/><U39/><E39/><V102/><F98/><T88/><D81/><U105/><E105/><V73/><F73/><AGARI ba="1,0" hai="32,34,53,56,60,73,74,75,88,90,91" m="50250,31008" machi="73" ten="40,18000,2" yaku="19,1,52,4,54,1" doraHai="124" who="0" fromWho="2" sc="460,182,219,0,371,-182,0,0" /><INIT seed="4,2,0,4,3,88" ten="642,219,189,0" oya="0" hai0="96,37,134,135,56,85,74,63,99,90,120,129,36" hai1="97,50,76,78,112,130,42,68,109,106,34,95,83" hai2="35,1,103,70,33,114,93,43,104,32,110,39,2" hai3=""/><T52/><N who="0" m="30752" /><T108/><D74/><U105/><E109/><V121/><N who="2" m="31008" /><V0/><F110/><T55/><D129/><U49/><E130/><V61/><F114/><T57/><D108/><U133/><E68/><V86/><F104/><T60/><D85/><U101/><E34/><V79/><F39/><T53/><D53/><U123/><N who="1" m="31520" /><U54/><E112/><V40/><F79/><T84/><D84/><U66/><E66/><V41/><F86/><T73/><D73/><U48/><E133/><V100/><F93/><T71/><D71/><U116/><E42/><V92/><F92/><T58/><D57/><U72/><E116/><V65/><AGARI ba="2,0" hai="0,1,2,32,33,35,40,41,43,61,65,70,100,103" m="31008" machi="65" ten="50,6000,1" yaku="0,1,29,2,52,1" doraHai="88" who="2" fromWho="2" sc="642,-42,219,-22,189,64,0,0" /><INIT seed="5,0,0,5,0,131" ten="600,197,253,0" oya="1" hai0="42,35,124,111,90,80,100,103,57,60,39,135,79" hai1="86,78,99,110,2,127,114,104,102,122,76,73,87" hai2="95,109,98,0,64,43,115,53,101,45,56,94,116" hai3=""/><U55/><N who="1" m="31264" /><U133/><E2/><V62/><F0/><T67/><D35/><U117/><E117/><V123/><N who="2" m="31520" /><V44/><F116/><T105/><D124/><U96/><E127/><V88/><F109/><T46/><D111/><U66/><E110/><V59/><F115/><T58/><D90/><U83/><E114/><V72/><F72/><T71/><D105/><U75/><E66/><V113/><F113/><T40/><D40/><U126/><E126/><V107/><F43/><T93/><D93/><U84/><E133/><V47/><F107/><T54/><D135/><U125/><E55/><V33/><F33/><T51/><D58/><U120/><N who="1" m="30752" /><U49/><E49/><V69/><REACH who="2" step="1"/><F53/><REACH who="2" ten="600,197,243,0" step="2"/><T92/><D42/><U74/><E125/><V134/><F134/><T121/><D54/><U36/><E36/><V3/><F3/><T129/><D39/><U82/><E74/><V61/><F61/><T41/><D41/><U81/><E81/><V48/><F48/><T50/><D50/><U119/><E119/><V106/><F106/><T52/><D51/><U132/><E132/><V128/><F128/><T130/><D52/><U89/><E75/><V1/><F1/><T108/><N who="0" m="31008" /><T97/><D129/><RYUUKYOKU ba="0,1" sc="600,-20,197,10,243,10,0,0" hai1="73,76,78,82,83,84,86,87,89,96,99,102,104" hai2="44,45,47,56,59,62,64,69,88,94,95,98,101" /><INIT seed="5,1,1,4,3,118" ten="580,207,253,0" oya="1" hai0="63,62,80,41,115,76,68,90,75,82,120,113,107" hai1="81,108,47,134,65,57,97,119,112,58,102,95,91" hai2="79,92,131,94,48,96,38,49,73,45,121,114,56" hai3=""/><U88/><E119/><V133/><N who="2" m="31008" /><V110/><F110/><T34/><N who="0" m="30752" /><T67/><D107/><U86/><E108/><V74/><F38/><T132/><D34/><U0/><E0/><V100/><F133/><T83/><D132/><U51/><E134/><V87/><F131/><T36/><D63/><U50/><E112/><N who="0" m="43081" /><D90/><U99/><E65/><V60/><F114/><T69/><D69/><U39/><E39/><V43/><F48/><T105/><D105/><U125/><E51/><V37/><F37/><T123/><N who="0" m="31520" /><T129/><D129/><U126/><E99/><V3/><F3/><T52/><D52/><U33/><E91/><V53/><REACH who="2" step="1"/><F92/><REACH who="2" ten="580,207,243,0" step="2"/><T59/><D36/><U117/><E117/><V78/><F78/><T130/><D130/><U46/><E33/><V116/><F116/><T122/><N who="0" m="31264" /><T98/><D76/><U54/><REACH who="1" step="1"/><E47/><REACH who="1" ten="580,197,243,0" step="2"/><V106/><F106/><T109/><D109/><U104/><E104/><V32/><F32/><T71/><D62/><U72/><E72/><V93/><F93/><T101/><D75/><U103/><E103/><V61/><F61/><T89/><D101/><U42/><E42/><V111/><F111/><T64/><D41/><U128/><E128/><V40/><F40/><RYUUKYOKU ba="1,3" sc="580,-20,197,10,243,10,0,0" hai1="46,50,54,57,58,81,86,88,95,97,102,125,126" hai2="43,45,49,53,56,60,73,74,79,87,94,96,100" /><INIT seed="5,2,3,1,5,119" ten="560,207,253,0" oya="1" hai0="35,114,56,46,105,66,112,75,101,59,53,50,123" hai1="54,124,115,37,62,58,129,131,2,1,118,94,36" hai2="49,113,55,63,120,83,78,87,90,102,3,117,127" hai3=""/><U96/><E118/><V110/><N who="2" m="30752" /><V39/><F110/><T76/><N who="0" m="31520" /><T73/><D35/><U84/><E84/><V100/><F39/><N who="1" m="14921" /><E115/><N who="0" m="44073" /><D76/><U95/><E95/><V79/><F3/><T121/><N who="0" m="31008" /><T99/><D59/><U89/><E124/><V41/><F113/><T60/><AGARI ba="2,3" hai="46,50,53,56,60,66,73,75,99,101,105" m="31008,44073,31520" machi="60" ten="30,6000,1" yaku="15,1,52,4" doraHai="119" who="0" fromWho="0" sc="560,94,207,-42,253,-22,0,0" /><INIT seed="6,0,0,1,0,75" ten="654,165,231,0" oya="2" hai0="108,135,116,134,103,90,36,129,57,71,82,44,128" hai1="119,112,94,132,58,56,37,33,81,67,42,91,88" hai2="41,69,130,106,97,72,32,93,48,43,47,66,38" hai3=""/><V131/><F32/><T35/><D35/><U101/><E33/><V49/><F72/><T87/><D71/><U59/><E112/><V39/><F106/><T121/><N who="0" m="31008" /><T45/><D116/><U115/><E115/><V3/><F3/><T1/><D1/><U63/><E119/><V114/><F114/><T74/><D108/><U126/><E132/><N who="0" m="50729" /><D36/><U120/><N who="1" m="30752" /><U79/><E126/><V51/><F93/><T118/><D118/><U60/><E42/><V61/><F97/><T78/><D103/><U2/><E37/><V96/><F96/><T70/><D70/><U64/><E2/><V110/><F110/><T46/><D57/><U125/><E125/><V83/><F83/><AGARI ba="0,0" hai="44,45,46,74,78,82,83,87,90,128,129" m="50729,31008" machi="83" ten="40,5200,0" yaku="20,1,52,2" doraHai="75" who="0" fromWho="2" sc="654,52,165,0,231,-52,0,0" owari="706,65.0,165,-43.0,179,-22.0,0,0.0" /></mjloggm>