<mjloggm ver="2.3"><GO type="169" lobby="0"/><UN n0="%64%75%72%72%72%72%72" n1="%E5%AE%9D%E5%90%8A%E5%AE%9D" n2="%E3%81%84%E3%81%97%E3%81%A5%E3%81%8B" n3="%6A%61%63%6F%62%69%33%35" dan="16,16,17,17" rate="2132.76,2126.59,2170.96,2187.92" sx="M,M,M,M"/><TAIKYOKU oya="0"/><INIT seed="0,0,0,2,4,93" ten="250,250,250,250" oya="0" hai0="125,70,95,51,98,69,82,81,34,12,127,108,50" hai1="71,36,18,61,56,17,123,91,43,87,101,10,21" hai2="114,0,131,128,32,35,110,133,53,97,134,24,106" hai3="111,62,47,84,129,11,30,113,7,54,109,102,25"/><T86/><D34/><N who="2" m="12842" /><F53/><W68/><G113/><T92/><D12/><U28/><E71/><V130/><F114/><W120/><G120/><T58/><D58/><U9/><E28/><V132/><F110/><W118/><G129/><T117/><D117/><U1/><E1/><V40/><F40/><W29/><G118/><T14/><D14/><U105/><E36/><V31/><F106/><W122/><G122/><T41/><D41/><U60/><E43/><V46/><F46/><W74/><G74/><T3/><D3/><U5/><E5/><V126/><F0/><W103/><G68/><T39/><D86/><U83/><E60/><V79/><F79/><W121/><G121/><T20/><D20/><U116/><E116/><V42/><F42/><W65/><G65/><T112/><D112/><U115/><E115/><V8/><F8/><W64/><G11/><T16/><D39/><U72/><E72/><V38/><F38/><W48/><G7/><T22/><D22/><U33/><E33/><N who="2" m="20711" /><F97/><W63/><G64/><T26/><D98/><U37/><E37/><V4/><F4/><W15/><G15/><T2/><D2/><U94/><E105/><V78/><F78/><W59/><G111/><T96/><D108/><U85/><E9/><V80/><F80/><W104/><G104/><T27/><D96/><N who="1" m="59543" /><E10/><V23/><F23/><N who="3" m="15551" /><G109/><T89/><D89/><N who="1" m="51391" /><E21/><V44/><F44/><W49/><G30/><T75/><D75/><U52/><E123/><V90/><F90/><W67/><G84/><T73/><D73/><U13/><E13/><V77/><F77/><W57/><G47/><RYUUKYOKU ba="0,0" sc="250,0,250,0,250,0,250,0" hai0="16,26,27,50,51,69,70,81,82,92,95,125,127" hai1="17,18,52,56,61,87,91" hai2="126,128,130,131,132,133,134" hai3="48,49,54,57,59,62,63,67,102,103" /><INIT seed="0,1,0,2,4,90" ten="250,250,250,250" oya="0" hai0="62,39,94,17,117,48,64,14,85,71,110,31,109" hai1="67,133,91,125,58,10,120,130,3,116,68,15,23" hai2="19,50,126,59,89,131,106,123,75,121,26,105,119" hai3="21,37,108,128,32,60,115,132,13,18,0,76,46"/><T97/><D39/><U99/><E68/><V69/><F69/><W82/><G115/><T44/><D117/><U41/><E116/><V134/><F75/><W112/><G112/><T49/><D31/><U55/><E67/><V95/><F126/><W72/><G108/><N who="0" m="41579" /><D85/><U87/><E120/><V77/><F106/><W35/><G128/><T88/><D44/><U7/><E41/><V66/><F105/><W100/><G132/><T104/><D104/><U36/><E36/><V73/><F119/><W1/><G35/><T129/><D129/><U61/><E125/><V38/><F38/><W114/><G32/><T107/><D107/><U65/><E133/><V113/><F113/><W4/><G114/><T54/><D54/><U40/><E40/><V92/><F73/><W80/><G46/><T24/><D24/><U33/><E55/><V96/><F134/><W52/><G37/><T124/><D124/><U8/><E33/><V22/><F131/><W27/><G27/><T28/><D28/><U127/><E127/><V63/><F77/><W9/><G76/><T70/><D70/><U16/><E130/><V135/><F135/><W53/><G53/><T47/><D47/><U74/><E74/><V101/><F50/><W86/><G86/><AGARI ba="1,0" hai="19,22,26,59,63,66,86,89,92,95,96,101,121,123" machi="86" ten="30,3900,0" yaku="7,1,52,2" doraHai="90" who="2" fromWho="3" sc="250,0,250,0,250,42,250,-42" /><INIT seed="1,0,0,0,1,97" ten="250,250,292,208" oya="1" hai0="124,41,87,68,118,34,2,73,91,93,88,86,70" hai1="109,102,52,100,15,21,20,95,26,46,47,106,38" hai2="83,61,45,129,18,108,103,78,4,24,60,67,117" hai3="112,44,30,58,9,133,72,89,17,111,110,33,85"/><U130/><E106/><V7/><F117/><W27/><G112/><T76/><D118/><U126/><E130/><V14/><F108/><N who="3" m="41515" /><G72/><T107/><D2/><U49/><E109/><V105/><F129/><W36/><G133/><T71/><D34/><U39/><E95/><V125/><F125/><W56/><G44/><T40/><D124/><U59/><E126/><V127/><F45/><N who="1" m="16905" /><E38/><V101/><F24/><W69/><G69/><T23/><D107/><U79/><E79/><V123/><F123/><W120/><G120/><T121/><D121/><U134/><E39/><V62/><F67/><W132/><G132/><T42/><D23/><U5/><E134/><V8/><F127/><W1/><G36/><T43/><N who="0" m="10240" /><DORA hai="32" /><T77/><REACH who="0" step="1"/><D73/><REACH who="0" ten="240,250,292,208" step="2"/><U57/><E59/><V51/><F105/><W82/><G1/><T114/><D114/><U28/><E21/><V119/><F119/><W63/><G63/><T66/><D66/><U13/><E13/><AGARI ba="0,1" hai="9,13,17,27,30,33,56,58,82,85,89" m="41515" machi="13" ten="30,1000,0" yaku="14,1" doraHai="97,32" who="3" fromWho="1" sc="240,0,250,-10,292,0,208,20" /><INIT seed="2,0,0,3,5,41" ten="240,240,292,228" oya="2" hai0="114,86,16,104,1,98,125,3,129,130,5,24,51" hai1="126,9,101,50,90,17,96,122,115,67,113,82,79" hai2="27,118,8,10,68,83,54,46,60,121,110,124,42" hai3="128,94,111,69,88,62,78,70,59,11,6,26,25"/><V119/><F121/><W7/><G111/><T22/><D114/><U48/><E122/><V116/><F124/><W93/><G128/><T57/><D125/><U80/><E126/><V107/><F107/><W76/><G59/><T39/><D39/><U4/><E67/><V84/><F110/><W37/><G37/><T91/><D5/><U52/><E50/><V109/><F109/><W44/><G11/><T85/><D98/><U92/><E17/><V105/><F105/><W56/><G56/><T23/><D104/><U36/><E36/><V47/><F27/><W117/><G117/><T131/><D22/><U35/><E35/><V18/><F42/><W40/><G40/><T13/><D24/><U0/><E101/><V100/><F100/><W64/><G64/><T33/><D33/><U106/><E106/><V102/><F102/><W30/><G30/><T75/><D75/><U49/><E49/><V32/><F32/><W135/><G135/><T12/><D12/><U127/><E82/><V43/><F43/><W97/><G97/><T87/><REACH who="0" step="1"/><D91/><REACH who="0" ten="230,240,292,228" step="2"/><U14/><E14/><N who="2" m="7495" /><F10/><W63/><G88/><T38/><D38/><U73/><REACH who="1" step="1"/><E127/><REACH who="1" ten="230,230,292,228" step="2"/><V89/><F119/><W31/><G31/><T81/><D81/><U34/><E34/><V58/><F118/><W61/><G7/><T29/><D29/><U19/><E19/><V55/><F116/><W15/><G6/><T53/><AGARI ba="0,2" hai="1,3,13,16,23,51,53,57,85,86,87,129,130,131" machi="53" ten="40,8000,1" yaku="1,1,0,1,19,1,54,1,53,0" doraHai="41" doraHaiUra="112" who="0" fromWho="0" sc="230,100,230,-20,292,-40,228,-20" /><INIT seed="3,0,0,4,2,91" ten="330,210,252,208" oya="3" hai0="35,95,109,25,21,51,41,100,38,123,99,65,77" hai1="1,103,17,81,90,45,83,71,111,113,15,75,27" hai2="84,131,53,89,92,52,96,0,104,62,122,121,12" hai3="132,33,69,98,102,47,8,118,115,70,30,116,135"/><W18/><G115/><T128/><D123/><N who="2" m="47114" /><F0/><W39/><G39/><T14/><D35/><U127/><E1/><V106/><F131/><W22/><G47/><T19/><D38/><U112/><E71/><N who="3" m="27146" /><G30/><T58/><D109/><U119/><E111/><V28/><F28/><W10/><G33/><T4/><D128/><U130/><E130/><V110/><F110/><W108/><G108/><T48/><D77/><U94/><E27/><V55/><F62/><W63/><G63/><N who="0" m="38135" /><D41/><U101/><E45/><V73/><F73/><W93/><G116/><T64/><D64/><U105/><E119/><V16/><F84/><W126/><G118/><T78/><D78/><U42/><E42/><V133/><F133/><N who="3" m="51275" /><G126/><T79/><D79/><U40/><E40/><V74/><F74/><W125/><G125/><T9/><AGARI ba="0,0" hai="4,9,14,19,21,25,48,51,95,99,100" m="38135" machi="9" ten="30,2000,0" yaku="8,1,52,1" doraHai="91" who="0" fromWho="0" sc="330,20,210,-5,252,-5,208,-10" /><INIT seed="4,0,0,5,1,23" ten="350,205,247,198" oya="0" hai0="61,55,43,68,101,71,36,60,47,78,53,63,75" hai1="46,45,40,14,25,37,38,28,10,84,50,58,18" hai2="108,3,12,35,16,32,49,115,62,114,0,133,106" hai3="80,82,69,6,27,39,59,72,103,77,54,41,51"/><T67/><D101/><U125/><E125/><V104/><F49/><W91/><G69/><N who="0" m="26699" /><D78/><U24/><E28/><V116/><F62/><N who="0" m="24170" /><D75/><U86/><E58/><AGARI ba="0,0" hai="36,43,47,53,55,58,63,67" m="24170,26699" machi="58" ten="30,12000,1" yaku="35,5" doraHai="23" who="0" fromWho="1" sc="350,120,205,-120,247,0,198,0" /><INIT seed="4,1,0,1,0,28" ten="470,85,247,198" oya="0" hai0="108,79,115,120,19,106,133,16,37,81,40,116,89" hai1="72,77,23,103,132,113,87,47,26,50,66,6,59" hai2="43,109,126,65,41,10,96,56,24,63,97,121,95" hai3="102,99,33,91,123,125,4,20,111,13,67,57,76"/><T12/><D120/><U22/><E72/><V51/><F126/><W128/><G111/><T88/><D116/><U53/><E113/><V131/><F131/><W117/><G128/><T129/><D129/><U85/><E6/><V119/><F121/><W98/><G125/><T93/><D106/><U52/><E66/><V15/><F109/><W82/><G33/><T122/><D122/><U112/><E112/><V17/><F119/><W5/><G91/><T39/><D108/><U34/><E103/><V130/><F130/><W69/><G69/><T48/><D133/><U2/><E2/><V29/><F51/><W78/><G82/><T70/><D70/><U8/><E8/><V80/><F80/><W9/><G99/><T62/><D62/><U101/><E101/><V84/><F84/><W54/><G67/><T64/><D64/><U55/><E132/><V114/><F97/><W94/><G117/><T42/><D48/><U32/><E77/><N who="3" m="29802" /><G20/><T100/><D100/><U118/><E22/><N who="2" m="15511" /><F114/><W1/><G1/><T49/><D49/><U86/><E118/><V105/><F105/><W60/><G123/><T31/><D31/><U74/><E74/><V25/><F25/><W30/><G30/><T107/><D107/><U73/><E73/><V18/><F17/><AGARI ba="1,0" hai="4,5,9,13,17,54,57,60,94,98,102" m="29802" machi="17" ten="30,1000,0" yaku="8,1" doraHai="28" who="3" fromWho="2" sc="470,0,85,0,247,-13,198,13" /><INIT seed="5,0,0,3,5,91" ten="470,85,234,211" oya="1" hai0="39,24,44,94,57,81,115,78,88,13,30,22,9" hai1="116,17,65,8,35,32,112,105,95,102,38,93,26" hai2="135,97,49,6,70,87,43,34,59,42,130,74,109" hai3="62,20,86,60,64,33,83,84,2,90,77,69,47"/><U100/><E116/><V3/><F87/><W104/><G33/><T101/><D115/><U36/><E65/><V124/><F97/><W103/><G2/><T71/><D71/><U10/><E26/><V41/><F41/><W99/><G60/><T18/><D101/><U134/><E17/><V58/><F6/><W129/><G129/><T46/><D39/><U76/><E76/><V45/><F74/><W108/><G108/><T131/><D57/><U89/><E89/><V110/><F3/><W114/><G114/><T121/><D121/><U107/><REACH who="1" step="1"/><E112/><REACH who="1" ten="470,75,234,211" step="2"/><V66/><F66/><W63/><G64/><T68/><D131/><U122/><E122/><V80/><F130/><W28/><G69/><T127/><D68/><U52/><E52/><V133/><F70/><W61/><G90/><T55/><D55/><U92/><E92/><V40/><F110/><W21/><G77/><T27/><D27/><U14/><E14/><V7/><F109/><W48/><G28/><T120/><D120/><U96/><E96/><V113/><F113/><W128/><G128/><T37/><D88/><U82/><E82/><V50/><F80/><W111/><G111/><T117/><D94/><U118/><E118/><V119/><F119/><W25/><G25/><T126/><D117/><U51/><E51/><V0/><F50/><W67/><G67/><T54/><D54/><U106/><E106/><V29/><F49/><W11/><G83/><T75/><D37/><U123/><E123/><V132/><F29/><W5/><G48/><T98/><D98/><U85/><E85/><N who="3" m="32874" /><G47/><N who="0" m="17963" /><D81/><U16/><E16/><RYUUKYOKU ba="0,1" sc="470,10,75,10,234,-30,211,10" hai0="9,13,18,22,24,30,75,78,126,127" hai1="8,10,32,35,36,38,93,95,100,102,105,107,134" hai3="5,11,20,21,61,62,63,99,103,104" /><INIT seed="5,1,1,1,2,134" ten="480,85,204,221" oya="1" hai0="47,79,70,67,119,114,14,6,15,27,90,12,53" hai1="105,127,55,52,86,66,58,11,1,38,110,91,41" hai2="97,35,0,99,81,135,95,2,49,121,72,68,32" hai3="108,117,24,21,33,109,61,124,26,82,107,118,65"/><U89/><E105/><V28/><F121/><W87/><G107/><T48/><D119/><N who="3" m="45577" /><G124/><T40/><D114/><U100/><E100/><V101/><F68/><N who="3" m="42031" /><G33/><T57/><D27/><N who="3" m="10281" /><G21/><T59/><D59/><U69/><E110/><V77/><F49/><W42/><G42/><T43/><D43/><U76/><E69/><V94/><F135/><W113/><G113/><T85/><D79/><AGARI ba="1,1" hai="79,82,87,108,109" m="10281,42031,45577" machi="79" ten="30,1000,0" yaku="12,1" doraHai="134" who="3" fromWho="0" sc="480,-13,85,0,204,0,221,23" /><INIT seed="6,0,0,3,1,111" ten="467,85,204,244" oya="2" hai0="102,57,122,17,131,44,35,24,62,93,16,125,82" hai1="132,84,49,67,127,109,81,85,106,95,2,66,46" hai2="108,48,47,11,105,51,50,0,73,1,65,80,30" hai3="42,3,70,68,133,86,107,40,104,100,121,60,29"/><V10/><F105/><W18/><G3/><T124/><D122/><U76/><E106/><V20/><F108/><W58/><G121/><T129/><D82/><U110/><E2/><V54/><F0/><W96/><G107/><T83/><D83/><U52/><E127/><N who="0" m="48713" /><D44/><U43/><E132/><V126/><F126/><W75/><G29/><N who="0" m="19879" /><D93/><U12/><E109/><V8/><F1/><W113/><G86/><T36/><D36/><U87/><E110/><V130/><F130/><N who="0" m="49674" /><D102/><U32/><E32/><V92/><F65/><AGARI ba="0,0" hai="16,17,57,62,65" m="49674,19879,48713" machi="65" ten="30,3900,0" yaku="18,1,19,1,54,1" doraHai="111" who="0" fromWho="2" sc="467,39,85,0,204,-39,244,0" /><INIT seed="7,0,0,5,4,110" ten="506,85,165,244" oya="3" hai0="113,117,78,4,122,97,54,29,6,70,88,2,83" hai1="18,72,109,86,107,44,26,66,134,132,121,57,127" hai2="42,30,0,104,16,80,65,32,129,81,17,126,31" hai3="9,125,68,94,130,63,36,111,39,82,114,91,41"/><W27/><G111/><T124/><D117/><U23/><E72/><V119/><F119/><W128/><G125/><T61/><D122/><U115/><E109/><V13/><F0/><W12/><G82/><N who="2" m="31849" /><F104/><W38/><G27/><T120/><D120/><U76/><E107/><V10/><F32/><W100/><G100/><T14/><D2/><U90/><E121/><V52/><F65/><W21/><G21/><T33/><D113/><U20/><E76/><V22/><F42/><W92/><G114/><T87/><D124/><U102/><E102/><V62/><F129/><N who="3" m="49771" /><G41/><T43/><D43/><U47/><E127/><V112/><F112/><W11/><G11/><T69/><D29/><U71/><E115/><V93/><F93/><W116/><G91/><T19/><D33/><U7/><E71/><V55/><F126/><W103/><G103/><T73/><D70/><U95/><E7/><V8/><F10/><W59/><G116/><T60/><D69/><U108/><E108/><V96/><F96/><W46/><G46/><T56/><D73/><U37/><E37/><V49/><F62/><W74/><G74/><T75/><D61/><N who="1" m="38191" /><E132/><V40/><F31/><W25/><G68/><T15/><D75/><U53/><E134/><V133/><F30/><W89/><G39/><T98/><D98/><U45/><E23/><V106/><F106/><W84/><G38/><T51/><D60/><U67/><E67/><V79/><F133/><W135/><G36/><T28/><D28/><U105/><E105/><V1/><F1/><W24/><G135/><T3/><D3/><U77/><E77/><RYUUKYOKU ba="0,0" sc="506,-10,85,30,165,-10,244,-10" hai1="18,20,26,44,45,47,53,86,90,95" owari="496,59.0,115,-38.0,155,-24.0,234,3.0" /></mjloggm>