<mjloggm ver="2.3"><GO type="169" lobby="0"/><UN n0="%EF%BC%81%E2%80%9D%EF%BC%83%EF%BC%84%EF%BC%85%EF%BC%86%E2%80%99%EF%BC%88" n1="%74%6F%72%69%30%36%31%32" n2="%66%61%74%65%34%32%39%38" n3="%53%43%50%2D%31%30%36" dan="17,17,16,16" rate="2153.41,2192.33,2104.46,2083.90" sx="M,M,F,M"/><TAIKYOKU oya="0"/><INIT seed="0,0,0,0,2,25" ten="250,250,250,250" oya="0" hai0="78,46,86,103,111,116,23,121,15,52,2,29,4" hai1="24,66,97,96,3,49,81,75,98,110,36,60,1" hai2="112,57,38,67,91,95,58,30,16,74,21,120,79" hai3="13,87,69,135,107,26,125,85,73,132,126,72,83"/><T10/><D116/><U109/><E36/><V41/><F112/><W34/><G69/><T61/><D121/><U129/><E129/><V99/><F120/><W119/><G119/><T9/><D111/><N who="1" m="42507" /><E49/><V17/><F74/><N who="3" m="28779" /><G13/><T53/><D103/><U45/><E45/><V27/><F79/><W48/><G48/><T63/><D2/><U77/><E24/><V101/><F91/><N who="3" m="51647" /><G26/><N who="0" m="16607" /><D10/><U33/><E33/><V82/><F82/><W31/><G31/><T106/><D106/><U93/><E93/><V108/><F108/><W40/><G40/><T51/><D53/><U127/><E127/><N who="3" m="48650" /><G34/><T62/><D63/><U134/><E1/><V0/><F0/><W88/><G107/><T18/><D4/><U59/><E3/><V14/><F14/><W76/><G76/><T102/><D62/><U20/><E20/><V44/><F57/><W113/><G113/><T131/><D61/><AGARI ba="0,0" hai="16,17,21,27,30,38,41,44,58,61,67,95,99,101" machi="61" ten="40,8000,1" yaku="25,2,52,1,54,1" doraHai="25" who="2" fromWho="0" sc="250,-80,250,0,250,80,250,0" /><INIT seed="1,0,0,3,2,57" ten="170,250,330,250" oya="1" hai0="89,49,82,133,42,66,30,59,11,15,13,124,110" hai1="120,69,0,88,32,8,43,50,70,22,18,92,73" hai2="78,7,93,53,126,75,117,28,112,19,25,99,38" hai3="46,44,104,109,134,76,34,132,127,24,128,41,12"/><U116/><E73/><V129/><F117/><W105/><G109/><T35/><D110/><U84/><E120/><V31/><F129/><W85/><G128/><T97/><D124/><U29/><E116/><V108/><F108/><W77/><G127/><T96/><D133/><U98/><E32/><V48/><F126/><W106/><G12/><T14/><D11/><U90/><E29/><V87/><F38/><W2/><G2/><T21/><D35/><U115/><E115/><V39/><F39/><W58/><G58/><T107/><D107/><U64/><E64/><V71/><F71/><BYE who="2" /><W16/><G34/><T40/><D82/><UN n2="%66%61%74%65%34%32%39%38" /><U135/><E135/><N who="3" m="51754" /><G46/><T130/><D130/><U4/><E50/><V60/><F75/><W72/><G85/><T74/><D74/><U111/><E43/><N who="0" m="16425" /><D89/><U5/><E5/><V103/><F7/><W79/><G72/><T62/><D49/><U1/><E1/><V51/><F51/><N who="3" m="27023" /><G106/><T55/><D66/><U10/><E10/><V80/><F48/><W81/><G81/><T83/><D83/><U52/><E111/><V20/><F112/><W101/><G101/><T61/><D62/><U102/><E90/><V36/><F36/><W3/><G3/><T9/><D9/><U6/><E6/><V63/><F63/><W113/><G113/><T114/><D114/><U118/><E118/><V94/><F94/><W37/><G37/><T86/><D86/><U23/><E84/><V54/><F60/><W56/><G105/><T100/><D100/><U47/><E102/><V26/><F26/><AGARI ba="0,0" hai="13,14,15,21,26,30,55,59,61,96,97" m="16425" machi="26" ten="30,2000,0" yaku="8,1,52,1" doraHai="57" who="0" fromWho="2" sc="170,20,250,0,330,-20,250,0" /><INIT seed="2,0,0,2,0,124" ten="190,250,310,250" oya="2" hai0="15,40,6,63,38,55,29,91,79,109,76,37,111" hai1="129,115,23,103,126,86,56,24,21,13,26,132,94" hai2="36,105,78,125,65,43,49,7,107,52,53,118,71" hai3="8,11,96,2,88,106,92,60,122,119,120,98,128"/><V100/><F118/><W45/><G119/><T87/><D29/><U75/><E75/><V47/><F125/><W101/><G128/><T62/><D15/><U123/><E115/><V32/><F32/><W121/><G2/><T102/><D102/><U54/><E129/><V70/><F78/><W130/><G130/><T73/><D6/><U22/><E132/><V84/><F7/><W69/><REACH who="3" step="1"/><G45/><REACH who="3" ten="190,250,310,240" step="2"/><T41/><D111/><U127/><E127/><V134/><F134/><W0/><G0/><T10/><D109/><U31/><E126/><V33/><F47/><W85/><G85/><T112/><D87/><U90/><E123/><V113/><F84/><W18/><G18/><T48/><D73/><U5/><E31/><V14/><F113/><W81/><G81/><T44/><D44/><U110/><E110/><V30/><F30/><W39/><G39/><T1/><D37/><U9/><E103/><V83/><F83/><W28/><G28/><T80/><D38/><U64/><E64/><AGARI ba="0,1" hai="8,11,60,64,69,88,92,96,98,101,106,120,121,122" machi="64" ten="40,2600,0" yaku="1,1,54,1,53,0" doraHai="124" doraHaiUra="82" who="3" fromWho="1" sc="190,0,250,-26,310,0,240,36" /><INIT seed="3,0,0,3,4,123" ten="190,224,310,276" oya="3" hai0="55,124,99,73,50,133,82,11,91,118,8,104,39" hai1="4,64,78,100,80,46,6,17,2,119,27,83,77" hai2="120,31,107,103,102,113,1,67,43,127,23,20,51" hai3="56,59,72,36,135,40,42,89,121,112,132,111,44"/><W63/><G112/><T76/><D39/><U110/><E119/><V28/><F113/><W87/><G121/><T85/><D118/><U54/><E64/><V74/><F74/><W35/><G35/><T69/><D69/><U116/><E116/><V92/><F107/><W5/><G5/><N who="1" m="2154" /><E100/><V70/><F1/><W95/><G72/><T126/><D133/><N who="3" m="51273" /><G40/><T108/><D99/><U9/><E2/><V57/><F70/><W114/><G114/><T34/><D34/><U62/><E62/><N who="2" m="38351" /><F127/><N who="0" m="48682" /><D104/><U129/><E129/><V7/><F7/><W97/><G97/><T101/><D101/><U3/><E3/><V16/><F20/><W0/><G0/><T24/><D24/><U117/><E27/><N who="2" m="14823" /><F120/><W66/><G59/><T38/><D38/><U60/><E46/><N who="2" m="26079" /><F103/><W33/><G33/><T12/><D73/><U81/><E117/><V65/><F65/><W19/><G19/><T134/><D134/><U61/><E17/><V125/><F125/><W25/><G25/><T98/><D8/><U49/><E9/><V48/><F48/><W26/><G26/><T115/><D11/><U29/><E49/><V131/><F131/><W21/><G21/><T75/><D75/><U13/><E13/><V37/><F37/><W18/><G18/><T41/><D12/><U30/><E61/><V15/><F15/><W58/><G58/><T122/><D115/><U90/><E60/><V79/><F28/><W94/><G94/><N who="0" m="56671" /><D122/><U45/><E30/><V109/><F31/><W128/><G128/><T106/><D41/><U88/><E29/><V47/><F92/><W130/><G130/><RYUUKYOKU ba="0,0" sc="190,-10,224,-10,310,-10,276,30" hai3="36,42,44,56,63,66,87,89,95,111" /><INIT seed="3,1,0,1,4,132" ten="180,214,300,306" oya="3" hai0="17,8,1,130,56,80,72,3,104,50,59,118,85" hai1="49,71,79,55,11,61,57,108,94,64,122,88,33" hai2="22,58,97,20,53,44,113,10,47,21,16,134,116" hai3="117,100,9,91,123,36,65,62,133,131,74,28,82"/><W63/><G117/><T126/><D118/><U30/><E122/><V2/><F113/><W35/><G123/><T68/><D68/><U41/><E108/><V51/><F134/><W76/><G36/><T77/><D104/><U48/><E79/><V101/><F116/><W34/><G131/><T26/><D130/><U86/><E33/><V87/><F87/><W4/><G100/><T75/><D1/><U89/><E30/><V18/><F2/><W37/><G37/><T29/><D56/><U96/><E11/><V120/><F120/><W15/><G133/><T106/><D106/><U128/><E128/><V25/><F10/><W32/><G91/><T84/><D75/><U38/><E49/><V102/><F20/><W124/><G63/><T27/><D27/><U45/><E89/><V66/><F66/><W119/><G119/><T60/><D50/><U6/><E6/><V0/><F0/><W24/><REACH who="3" step="1"/><G124/><REACH who="3" ten="180,214,300,296" step="2"/><T39/><D39/><U14/><REACH who="1" step="1"/><E14/><REACH who="1" ten="180,204,300,296" step="2"/><V135/><F135/><W81/><G81/><T42/><D126/><U7/><E7/><V54/><F102/><W69/><AGARI ba="1,2" hai="4,9,15,24,28,32,34,35,62,65,69,74,76,82" machi="69" ten="20,7800,0" yaku="1,1,0,1,7,1,53,1" doraHai="132" doraHaiUra="105" who="3" fromWho="3" sc="180,-27,204,-27,300,-27,296,101" /><INIT seed="3,2,0,3,5,74" ten="153,177,273,397" oya="3" hai0="82,5,121,40,67,84,56,23,122,69,128,17,6" hai1="124,12,13,66,37,93,4,94,26,2,44,7,64" hai2="14,75,90,85,16,119,89,91,81,73,105,25,104" hai3="61,127,35,1,79,63,9,92,125,110,28,72,115"/><W36/><G115/><T34/><D69/><U102/><E2/><V109/><F119/><W111/><G36/><T100/><D34/><U10/><E124/><N who="3" m="47690" /><G35/><T51/><D128/><U120/><E120/><V96/><F109/><N who="3" m="41483" /><G28/><T116/><D116/><U27/><E44/><V48/><F25/><N who="1" m="9225" /><E37/><V132/><F132/><W45/><G45/><T97/><D122/><U134/><E134/><V52/><F73/><W99/><G1/><T95/><D121/><U33/><E33/><V43/><F75/><W62/><G9/><T126/><D126/><U50/><E50/><V46/><F43/><W117/><G117/><T114/><D114/><U65/><E102/><V22/><REACH who="2" step="1"/><F96/><REACH who="2" ten="153,177,263,397" step="2"/><W59/><G72/><T41/><D97/><U24/><E24/><V98/><F98/><W87/><G99/><T135/><D41/><U133/><E133/><V80/><F80/><N who="3" m="47519" /><G92/><T0/><D95/><U83/><E83/><V60/><F60/><W130/><G130/><T68/><D82/><U101/><E101/><V107/><AGARI ba="2,1" hai="14,16,22,46,48,52,81,85,89,90,91,104,105,107" machi="107" ten="30,7900,0" yaku="1,1,0,1,54,2,53,0" doraHai="74" doraHaiUra="70" who="2" fromWho="2" sc="153,-22,177,-22,263,95,397,-41" /><INIT seed="4,0,0,0,2,123" ten="131,155,358,356" oya="0" hai0="70,5,58,24,26,117,34,99,129,56,109,14,97" hai1="69,121,52,87,100,72,127,33,44,93,10,48,89" hai2="102,81,39,42,41,55,27,115,30,32,19,1,125" hai3="135,76,96,92,20,21,112,66,15,63,45,18,74"/><T98/><D117/><U126/><E72/><V67/><F125/><N who="1" m="47625" /><E69/><V116/><F115/><W85/><G112/><T108/><D70/><U90/><E33/><V59/><F67/><W130/><G74/><T124/><D124/><U16/><E121/><V60/><F1/><W120/><G120/><T7/><D129/><U57/><E100/><V94/><F39/><W86/><G135/><T53/><D14/><N who="1" m="7255" /><E90/><V28/><F28/><W84/><G130/><T22/><D34/><U79/><E79/><V131/><F131/><W75/><G75/><T11/><D11/><U119/><E119/><V62/><F62/><W78/><G21/><T88/><D88/><U29/><E29/><V77/><F30/><W111/><G76/><T114/><D114/><U82/><E57/><V113/><F77/><W61/><G78/><T50/><D56/><U71/><E71/><V134/><F32/><W35/><G35/><T83/><D83/><AGARI ba="0,0" hai="44,48,52,82,83,87,89,93" m="7255,47625" machi="83" ten="30,3900,0" yaku="18,1,54,2" doraHai="123" who="1" fromWho="0" sc="131,-39,155,39,358,0,356,0" /><INIT seed="5,0,0,2,5,130" ten="92,194,358,356" oya="1" hai0="89,7,131,18,42,23,67,99,78,36,104,38,30" hai1="102,50,12,52,116,39,100,117,106,53,33,103,62" hai2="43,0,94,79,85,20,41,34,48,134,49,55,111" hai3="98,80,54,13,44,35,84,47,109,126,25,128,1"/><U73/><E39/><V24/><F111/><W127/><G109/><T72/><D131/><U37/><E37/><V71/><F71/><W9/><G1/><T125/><D125/><U110/><E73/><V60/><F34/><W112/><G98/><T86/><D30/><U114/><E106/><V10/><F60/><W57/><G128/><T19/><D7/><U8/><E33/><V5/><F48/><W132/><G112/><T31/><D67/><U68/><E114/><V119/><F119/><W32/><G32/><T82/><D31/><U81/><E81/><V69/><F69/><W133/><G25/><T70/><D70/><U45/><E110/><V4/><F5/><N who="3" m="3247" /><G35/><T115/><D115/><U29/><E29/><V40/><F79/><N who="3" m="46111" /><G47/><T64/><D18/><U91/><E91/><V105/><F105/><W28/><G44/><T61/><D99/><U14/><E14/><V63/><F63/><N who="3" m="36279" /><G28/><T108/><D104/><U76/><E76/><V77/><F77/><W3/><G3/><T120/><D108/><U113/><E113/><V56/><F85/><W46/><G46/><T27/><D120/><U17/><REACH who="1" step="1"/><E53/><REACH who="1" ten="92,184,358,356" step="2"/><V88/><F88/><W118/><G118/><T97/><D72/><U83/><E83/><V96/><F55/><W124/><AGARI ba="0,1" hai="124,126,127,132,133" m="36279,46111,3247" machi="124" ten="40,5200,0" yaku="18,1,52,2" doraHai="130" who="3" fromWho="3" sc="92,-13,184,-26,358,-13,356,62" /><INIT seed="6,0,0,1,1,84" ten="79,158,345,418" oya="2" hai0="47,16,92,33,64,123,66,87,46,121,98,77,27" hai1="122,65,81,13,2,0,97,80,91,11,6,93,78" hai2="115,61,40,41,15,133,101,29,90,22,104,5,72" hai3="86,128,55,89,69,8,58,32,56,25,43,62,17"/><V39/><F115/><W102/><G128/><T111/><D111/><U130/><E130/><V18/><F72/><W3/><G69/><T82/><D33/><U31/><E122/><V113/><F113/><W53/><G102/><T106/><D106/><U75/><E65/><V126/><F39/><W88/><G43/><T67/><D123/><U48/><E31/><V68/><F133/><W71/><G71/><T116/><D116/><U44/><REACH who="1" step="1"/><E81/><REACH who="1" ten="79,148,345,418" step="2"/><V95/><F29/><W132/><G132/><T124/><D121/><U34/><E34/><V103/><F126/><W119/><G119/><T63/><D124/><U118/><E118/><V21/><F41/><AGARI ba="0,1" hai="0,2,6,11,13,41,44,48,75,78,80,91,93,97" machi="41" ten="30,7700,0" yaku="1,1,7,1,52,1,53,1" doraHai="84" doraHaiUra="107" who="1" fromWho="2" sc="79,0,148,87,345,-77,418,0" /><INIT seed="7,0,0,3,0,5" ten="79,235,268,418" oya="3" hai0="65,61,33,34,73,129,1,67,135,16,37,24,27" hai1="84,117,25,30,119,45,42,79,104,125,59,63,108" hai2="23,87,18,77,68,31,75,40,17,29,99,118,114" hai3="56,53,96,127,92,134,48,85,41,120,93,82,131"/><W19/><G120/><T8/><D129/><U128/><E104/><V115/><F118/><W58/><G41/><T89/><D135/><U126/><E108/><V102/><F68/><W51/><G19/><N who="2" m="7177" /><F75/><W46/><G131/><T103/><D73/><U54/><E128/><V70/><F70/><W57/><G127/><T107/><D37/><U38/><E84/><V20/><F40/><W2/><G2/><T21/><D89/><U112/><E79/><V121/><F121/><W52/><G134/><T130/><D130/><U47/><E25/><V7/><F7/><W22/><G22/><T105/><D103/><U122/><E30/><N who="2" m="11275" /><F87/><W74/><G74/><T116/><D116/><N who="1" m="44619" /><E122/><V3/><F3/><W44/><G96/><T32/><D27/><U91/><E91/><AGARI ba="0,0" hai="44,46,48,51,52,53,56,57,58,82,85,91,92,93" machi="91" ten="40,7700,0" yaku="9,1,8,1,54,1" doraHai="5" who="3" fromWho="1" sc="79,0,235,-77,268,0,418,77" owari="79,-42.0,158,-24.0,268,7.0,495,59.0" /></mjloggm>