<mjloggm ver="2.3"><GO type="169" lobby="0"/><UN n0="%53%2E%52" n1="%E3%83%AF%E3%83%8B%54%41" n2="%49%57%41%50%49%4E" n3="%E3%81%88%E3%81%8C%E3%82%8F%E3%82%8A%E3%81%8A" dan="16,18,16,17" rate="2125.89,2247.29,2161.07,2215.17" sx="M,M,M,M"/><TAIKYOKU oya="0"/><INIT seed="0,0,0,4,0,90" ten="250,250,250,250" oya="0" hai0="19,53,38,48,122,8,68,84,115,135,18,57,126" hai1="108,104,12,80,15,50,0,64,81,22,54,28,119" hai2="107,76,9,7,16,99,125,123,113,62,105,102,73" hai3="33,10,132,65,63,52,110,25,92,4,26,21,45"/><T97/><D122/><U98/><E119/><V94/><F125/><W111/><G132/><T74/><D115/><U55/><E108/><V88/><F113/><W85/><G33/><T40/><D74/><U82/><E0/><V86/><F123/><W6/><G110/><T31/><D135/><U72/><E72/><V70/><F107/><W24/><G21/><T69/><D126/><U101/><E64/><V14/><F70/><W35/><G35/><T118/><D118/><U44/><E28/><V106/><F62/><W17/><G17/><T103/><D31/><U51/><REACH who="1" step="1"/><E22/><REACH who="1" ten="250,240,250,250" step="2"/><V89/><F106/><W60/><G65/><T87/><D8/><U134/><E134/><V77/><F73/><W83/><G10/><T130/><D130/><U100/><E100/><V41/><F41/><W56/><G111/><T46/><D69/><U36/><E36/><V133/><F133/><W29/><G29/><T79/><D68/><U75/><E75/><V43/><F43/><W23/><G23/><T131/><D131/><U67/><E67/><V49/><F49/><W13/><G63/><T91/><D79/><U95/><E95/><V47/><F77/><N who="3" m="46319" /><G92/><N who="0" m="58791" /><D91/><U34/><E34/><V39/><F76/><W20/><G45/><AGARI ba="0,1" hai="12,15,44,45,50,51,54,55,80,81,82,98,101,104" machi="45" ten="40,2600,0" yaku="1,1,9,1,53,0" doraHai="90" doraHaiUra="127" who="1" fromWho="3" sc="250,0,240,36,250,0,250,-26" /><INIT seed="1,0,0,1,1,116" ten="250,276,250,224" oya="1" hai0="71,56,102,42,52,36,121,13,131,113,41,85,118" hai1="134,30,114,132,69,78,62,94,88,91,125,84,67" hai2="96,49,17,98,16,59,45,61,110,93,23,68,46" hai3="27,124,75,44,74,5,70,108,53,6,130,135,51"/><U12/><E114/><V28/><F110/><W107/><G107/><T73/><D118/><U104/><E125/><V106/><F68/><W19/><G124/><T126/><D73/><U86/><E104/><V9/><F106/><W7/><G108/><T117/><D117/><U37/><E37/><V43/><F46/><W55/><G70/><T100/><D113/><U101/><E30/><V95/><F9/><W38/><G38/><T92/><D71/><U76/><E101/><V99/><F28/><W2/><G2/><T24/><D126/><U103/><E12/><V105/><F17/><W120/><G130/><T87/><D131/><U18/><E103/><V21/><F21/><W8/><G135/><N who="1" m="51754" /><E18/><V0/><F0/><W4/><G120/><T80/><D121/><U14/><E14/><V48/><F48/><W115/><G115/><T60/><D36/><U29/><E29/><V32/><F32/><W79/><G79/><N who="0" m="46239" /><D13/><U50/><E50/><V31/><F31/><W3/><N who="3" m="1024" /><DORA hai="40" /><W97/><G3/><T112/><D24/><U129/><E129/><V127/><F105/><W58/><G8/><T22/><D22/><U89/><E89/><V64/><REACH who="2" step="1"/><F127/><REACH who="2" ten="250,276,240,224" step="2"/><W1/><G1/><T26/><D112/><U39/><E39/><V111/><F111/><W81/><G19/><T33/><D33/><U72/><E72/><V54/><F54/><W77/><G75/><T119/><D119/><U57/><E69/><V90/><F90/><W83/><G74/><T15/><D52/><U20/><E20/><V35/><F35/><W10/><G55/><T11/><D11/><RYUUKYOKU ba="0,1" sc="250,-15,276,15,240,15,224,-15" hai1="57,62,67,76,78,84,86,88,91,94" hai2="16,23,43,45,49,59,61,64,93,95,96,98,99" /><INIT seed="1,1,1,3,3,129" ten="235,291,255,209" oya="1" hai0="98,132,60,45,31,123,127,30,28,106,29,89,85" hai1="6,3,73,57,120,119,50,94,96,104,39,46,134" hai2="116,2,44,68,16,84,15,131,97,122,40,64,112" hai3="61,59,99,88,27,101,35,115,18,58,25,12,49"/><U13/><E119/><V69/><F116/><W55/><G115/><T37/><D123/><U23/><E120/><V125/><F2/><W117/><G117/><T14/><D127/><U82/><E104/><V65/><F122/><W7/><G7/><T32/><D32/><U52/><E134/><V135/><F135/><W67/><G35/><T9/><D132/><U92/><E96/><V100/><F69/><W11/><REACH who="3" step="1"/><G88/><REACH who="3" ten="235,291,255,199" step="2"/><T103/><D89/><U105/><E3/><V8/><F112/><W38/><G38/><T34/><D34/><U56/><E39/><V54/><F125/><W10/><G10/><T126/><D126/><U26/><E105/><AGARI ba="1,2" hai="11,12,18,25,27,49,55,58,59,61,67,99,101,105" machi="105" ten="30,3900,0" yaku="1,1,7,1,53,1" doraHai="129" doraHaiUra="47" who="3" fromWho="1" sc="235,0,291,-42,255,0,199,62" /><INIT seed="2,0,0,4,5,134" ten="235,249,255,261" oya="2" hai0="2,27,60,34,61,57,56,90,46,6,55,18,68" hai1="1,10,132,25,37,130,47,19,100,8,94,92,23" hai2="4,49,50,5,85,24,88,95,45,99,26,112,110" hai3="120,41,72,42,106,73,20,98,82,124,22,11,15"/><V96/><F112/><W43/><G120/><T83/><D68/><U33/><E132/><V125/><F110/><W0/><G0/><T58/><D2/><U78/><E130/><V9/><F125/><W17/><G124/><T101/><D101/><U21/><E33/><V28/><F50/><W116/><G116/><T105/><D105/><U104/><E104/><V118/><F118/><W117/><G117/><T76/><D6/><U7/><E78/><V86/><F86/><W40/><N who="3" m="10240" /><DORA hai="81" /><W63/><G63/><T51/><D90/><U97/><E47/><V114/><F114/><W115/><G115/><T135/><D135/><U103/><E37/><V131/><F131/><W119/><G119/><T14/><D27/><U123/><E123/><V65/><F65/><W113/><G113/><T67/><D34/><U53/><E53/><N who="2" m="29871" /><F9/><W75/><REACH who="3" step="1"/><G82/><REACH who="3" ten="235,249,255,251" step="2"/><T69/><D61/><U44/><E44/><V127/><F127/><W13/><G13/><T91/><D91/><U59/><E59/><V12/><F12/><W52/><G52/><T89/><D89/><U31/><E1/><V74/><F26/><W133/><G133/><T16/><REACH who="0" step="1"/><D14/><REACH who="0" ten="225,249,255,251" step="2"/><U32/><E7/><V80/><F4/><W121/><G121/><T107/><D107/><U111/><E111/><V48/><F5/><W54/><G54/><T122/><D122/><U128/><E128/><V71/><F71/><W87/><G87/><AGARI ba="0,2" hai="16,18,46,51,55,56,57,58,60,67,69,76,83,87" machi="87" ten="40,5200,0" yaku="1,1,52,1,54,1,53,0" doraHai="134,81" doraHaiUra="129,29" who="0" fromWho="3" sc="225,72,249,0,255,0,251,-52" /><INIT seed="3,0,0,0,4,3" ten="297,249,255,199" oya="3" hai0="34,105,84,15,78,81,125,62,121,69,131,61,13" hai1="127,91,16,92,8,124,75,4,114,118,63,73,65" hai2="102,89,90,106,43,44,55,87,67,2,103,93,25" hai3="50,38,96,85,64,32,76,59,122,132,19,68,56"/><W58/><G122/><T7/><D121/><U120/><E114/><V51/><F106/><W133/><G32/><T10/><D105/><U30/><E120/><V107/><F107/><W71/><G96/><T104/><D104/><U9/><E30/><V36/><F2/><W31/><G31/><T40/><D34/><U27/><E118/><V26/><F67/><W74/><G74/><T100/><D100/><U70/><E91/><V98/><F103/><W109/><G76/><T112/><D112/><U28/><E92/><V48/><F36/><W37/><G85/><T123/><D123/><U108/><E108/><V72/><F72/><W54/><G19/><T113/><D113/><U52/><E52/><V39/><F39/><N who="3" m="14859" /><G109/><T47/><D69/><N who="3" m="26697" /><G64/><T22/><D131/><U77/><E77/><V1/><F1/><W117/><G117/><T24/><D15/><N who="1" m="5511" /><E28/><V6/><F102/><W82/><G82/><T21/><D125/><N who="1" m="48203" /><E9/><V83/><REACH who="2" step="1"/><F6/><REACH who="2" ten="297,249,245,199" step="2"/><W99/><G99/><T86/><D7/><U35/><E35/><V23/><F23/><AGARI ba="0,1" hai="16,23,27,63,65,70,73,75" m="48203,5511" machi="23" ten="30,3900,0" yaku="18,1,52,1,54,1" doraHai="3" who="1" fromWho="2" sc="297,0,249,49,245,-39,199,0" /><INIT seed="4,0,0,1,3,11" ten="297,298,206,199" oya="0" hai0="128,90,6,75,131,58,74,53,88,46,48,1,5" hai1="30,72,2,112,70,13,25,115,87,14,34,35,118" hai2="134,117,18,83,20,79,121,67,55,95,4,42,82" hai3="132,73,91,39,105,59,130,64,81,97,119,123,56"/><T31/><D31/><U8/><E72/><N who="0" m="27689" /><D1/><U71/><E118/><V49/><F134/><W47/><G132/><T62/><D5/><N who="1" m="1079" /><E87/><V21/><F121/><W57/><G119/><T120/><D6/><U84/><E84/><V54/><F4/><W100/><G123/><T106/><D106/><U43/><E43/><V77/><F67/><W94/><G130/><N who="0" m="49707" /><D120/><U51/><E51/><V125/><F42/><AGARI ba="0,0" hai="42,46,48,53,58,62,88,90" m="49707,27689" machi="42" ten="30,2900,0" yaku="19,1,54,1" doraHai="11" who="0" fromWho="2" sc="297,29,298,0,206,-29,199,0" /><INIT seed="4,1,0,3,2,29" ten="326,298,177,199" oya="0" hai0="124,93,79,28,64,126,65,91,9,122,22,25,53" hai1="50,60,110,1,106,76,105,107,48,131,36,44,90" hai2="133,111,88,100,68,89,4,30,14,13,86,34,33" hai3="8,102,41,54,97,39,49,16,7,19,115,56,127"/><T96/><D122/><U71/><E110/><V94/><F111/><W21/><G115/><T32/><D79/><U109/><E109/><V128/><F68/><W47/><G127/><N who="0" m="48683" /><D9/><U112/><E1/><V67/><F67/><N who="0" m="25674" /><D53/><U63/><E112/><V78/><F78/><W83/><G83/><T35/><AGARI ba="1,0" hai="22,25,28,32,35,91,93,96" m="25674,48683" machi="35" ten="30,6000,0" yaku="18,1,52,2" doraHai="29" who="0" fromWho="0" sc="326,63,298,-21,177,-21,199,-21" /><INIT seed="4,2,0,5,5,5" ten="389,277,156,178" oya="0" hai0="100,74,44,105,69,129,40,34,28,67,125,81,3" hai1="25,49,61,11,2,33,106,110,71,103,119,65,7" hai2="114,45,59,6,54,91,86,62,115,37,42,50,24" hai3="58,30,102,130,20,131,126,36,38,90,128,83,80"/><T88/><D88/><U8/><E110/><V111/><F111/><W12/><G126/><T64/><D125/><U89/><E89/><V99/><F99/><W13/><G102/><T18/><D18/><U31/><E49/><V68/><F24/><W87/><G58/><T23/><D23/><U14/><E119/><V78/><F78/><W32/><G32/><T79/><D129/><U123/><E123/><V94/><REACH who="2" step="1"/><F6/><REACH who="2" ten="389,277,146,178" step="2"/><W66/><G128/><T112/><D112/><U57/><E103/><V120/><F120/><W35/><G130/><T122/><D122/><U48/><E106/><V53/><F53/><W77/><G131/><T98/><D67/><AGARI ba="2,1" hai="37,42,45,50,54,59,62,67,68,86,91,94,114,115" machi="67" ten="40,5200,0" yaku="1,1,24,2,53,0" doraHai="5" doraHaiUra="134" who="2" fromWho="0" sc="389,-58,277,0,146,68,178,0" /><INIT seed="5,0,0,4,4,96" ten="331,277,214,178" oya="1" hai0="74,32,11,131,82,0,26,42,17,92,75,115,132" hai1="36,50,76,112,127,13,104,53,47,14,31,128,18" hai2="43,79,28,130,87,103,46,62,5,52,2,55,59" hai3="20,100,121,68,65,125,88,135,56,51,63,60,98"/><U95/><E112/><V72/><F130/><W12/><G125/><T19/><D115/><U58/><E128/><V84/><F72/><W123/><G135/><T102/><D132/><U24/><E104/><V129/><F129/><W113/><G113/><T49/><D131/><U101/><E127/><V40/><F28/><W38/><G38/><T34/><D0/><U37/><E76/><V77/><F2/><W33/><G33/><T81/><D92/><U70/><E70/><V7/><F59/><W105/><G51/><T122/><D49/><U9/><E13/><V67/><F46/><W114/><G114/><T45/><D45/><U71/><E71/><V108/><F62/><W69/><G69/><T61/><D61/><U41/><E37/><V10/><F10/><W120/><G88/><T4/><D11/><U86/><E86/><V23/><F23/><W85/><G85/><T118/><D26/><U83/><E83/><V80/><F80/><W73/><G73/><T116/><D4/><U39/><E39/><V1/><F1/><W78/><G78/><T22/><D22/><U48/><E36/><V93/><F93/><W99/><G99/><T124/><D124/><U16/><E18/><V126/><F126/><W94/><G105/><T54/><D54/><U44/><E44/><V117/><F67/><W119/><G119/><T64/><D64/><U97/><REACH who="1" step="1"/><E24/><REACH who="1" ten="331,267,214,178" step="2"/><V90/><F84/><W107/><G107/><T111/><D122/><U29/><AGARI ba="0,1" hai="9,14,16,29,31,41,47,48,50,53,58,95,97,101" machi="29" ten="30,18000,2" yaku="1,1,2,1,0,1,8,1,52,1,54,1,53,0" doraHai="96" doraHaiUra="30" who="1" fromWho="1" sc="331,-60,267,190,214,-60,178,-60" /><INIT seed="5,1,0,2,4,84" ten="271,457,154,118" oya="1" hai0="21,27,112,129,113,33,82,50,12,29,93,57,119" hai1="127,111,45,36,5,6,14,109,62,26,130,134,106" hai2="81,135,52,24,34,128,18,98,16,68,110,31,25" hai3="94,23,114,104,40,100,61,73,126,44,87,22,41"/><U132/><E106/><V46/><F110/><N who="1" m="41993" /><E62/><V118/><F118/><W120/><G120/><T13/><D119/><U91/><E130/><V20/><F128/><W88/><G114/><N who="0" m="44139" /><D129/><U117/><E117/><V72/><F135/><N who="1" m="51753" /><E127/><V15/><F68/><W51/><G126/><T75/><D33/><U95/><E26/><V58/><F46/><W69/><G73/><T99/><D82/><U80/><E14/><V32/><F98/><W55/><G104/><T56/><D75/><U7/><E80/><V65/><F65/><W10/><G100/><T97/><D97/><N who="1" m="57599" /><E45/><V83/><F72/><W53/><G10/><T42/><D12/><U66/><E66/><V76/><F76/><W43/><G69/><T1/><D13/><U9/><E9/><V54/><F34/><W115/><G115/><T101/><D1/><U49/><E49/><V131/><F131/><W2/><G2/><T96/><D50/><U28/><E28/><V38/><F83/><W107/><G107/><T60/><D60/><U74/><E74/><V17/><F81/><W116/><G116/><T103/><D42/><U3/><E3/><V122/><F15/><W70/><G70/><T4/><D29/><U133/><N who="1" m="51761" /><U124/><DORA hai="123" /><E124/><V78/><F122/><W92/><REACH who="3" step="1"/><G94/><REACH who="3" ten="271,457,154,108" step="2"/><T47/><D93/><U0/><E0/><V59/><F32/><W67/><G67/><T85/><D103/><U105/><E105/><V125/><F125/><W48/><G48/><T63/><D101/><U19/><E36/><V89/><F38/><W30/><G30/><T79/><D63/><U108/><E108/><RYUUKYOKU ba="1,1" sc="271,-15,457,15,154,-15,108,15" hai1="5,6,7,19" hai3="22,23,40,41,43,44,51,53,55,61,87,88,92" /><INIT seed="5,2,1,3,2,10" ten="256,472,139,123" oya="1" hai0="4,42,131,55,108,93,43,44,33,114,24,16,72" hai1="89,62,32,86,132,9,49,58,117,41,90,124,15" hai2="28,121,51,99,102,133,57,31,123,70,84,100,103" hai3="39,38,1,59,5,130,71,135,25,47,69,82,78"/><U36/><E117/><V111/><F70/><W101/><G135/><T56/><D108/><U18/><E132/><V60/><F111/><W21/><G130/><T8/><D72/><U134/><E134/><V46/><F133/><W61/><G101/><T127/><D114/><U68/><E124/><V126/><F126/><W119/><G119/><T7/><D127/><U11/><E36/><V67/><F99/><W83/><G69/><T74/><D74/><U75/><E75/><V91/><F123/><W120/><G71/><T40/><D131/><U20/><E32/><V34/><F34/><W104/><G104/><T66/><D33/><U54/><E68/><V35/><F35/><W13/><G1/><T79/><D79/><U45/><REACH who="1" step="1"/><E90/><REACH who="1" ten="256,462,139,123" step="2"/><V2/><F121/><W94/><G39/><T14/><D66/><U52/><E52/><V88/><F91/><W112/><G120/><T12/><D55/><U37/><E37/><V95/><F2/><W50/><G38/><T115/><D42/><AGARI ba="2,2" hai="28,31,42,46,51,57,60,67,84,88,95,100,102,103" machi="42" ten="40,2600,0" yaku="8,1,54,1" doraHai="10" who="2" fromWho="0" sc="256,-32,462,0,139,52,123,0" /><INIT seed="6,0,0,1,2,96" ten="224,462,191,123" oya="2" hai0="62,18,104,80,56,109,84,7,101,21,133,61,48" hai1="111,45,50,93,23,53,79,75,20,131,97,110,4" hai2="106,103,22,88,43,74,33,95,59,51,2,115,6" hai3="91,87,15,118,77,73,90,130,85,1,76,128,37"/><V11/><F115/><W35/><G1/><T134/><D109/><U126/><E4/><V100/><F33/><W47/><G35/><T34/><D34/><U30/><E131/><V31/><F74/><W127/><G15/><T89/><D7/><U71/><E71/><V40/><F106/><W117/><G47/><T70/><D70/><U39/><E39/><V58/><F31/><W25/><G25/><T32/><D32/><U116/><E116/><V108/><F108/><W68/><G68/><T41/><D101/><N who="2" m="38986" /><F2/><W78/><G37/><T119/><D104/><U125/><E79/><V49/><F22/><N who="1" m="8233" /><E30/><V29/><F29/><W135/><G135/><N who="0" m="51723" /><D119/><N who="3" m="45577" /><G127/><N who="1" m="48650" /><E75/><V19/><F6/><W64/><G64/><T99/><D99/><U27/><E27/><V81/><F81/><N who="3" m="49455" /><G73/><T132/><D132/><U57/><E111/><V69/><F69/><W60/><G60/><T122/><D122/><U0/><E0/><V13/><F51/><W52/><G52/><N who="0" m="31751" /><D41/><N who="2" m="15946" /><F49/><W46/><G46/><T26/><AGARI ba="0,0" hai="18,21,26,61,62,80,84,89" m="31751,51723" machi="26" ten="30,2000,0" yaku="20,1,54,1" doraHai="96" who="0" fromWho="0" sc="224,20,462,-5,191,-10,123,-5" /><INIT seed="7,0,0,3,3,25" ten="244,457,181,118" oya="3" hai0="20,59,52,99,22,37,81,131,117,132,106,127,10" hai1="78,74,64,49,114,90,28,102,71,73,95,36,0" hai2="75,35,133,56,60,38,31,130,68,50,86,34,134" hai3="91,85,46,63,87,96,62,79,111,8,105,13,61"/><W55/><G111/><T103/><D117/><U12/><E28/><V82/><F75/><W40/><G79/><T4/><D37/><U9/><E64/><V83/><F38/><W104/><G55/><T11/><D132/><N who="2" m="50794" /><F31/><W47/><G96/><T6/><D131/><U5/><E71/><V121/><F121/><W135/><G135/><T17/><D81/><U109/><E0/><V118/><F118/><W129/><G129/><T115/><D115/><U92/><E95/><V110/><F110/><W66/><G66/><T29/><D29/><U45/><E36/><V15/><F68/><W53/><G53/><T128/><D128/><U42/><E102/><V2/><F2/><W93/><G85/><T18/><D127/><U80/><E114/><V98/><F50/><W33/><G33/><T101/><D101/><U43/><E109/><V97/><F15/><W3/><G3/><T1/><D18/><U123/><E123/><V14/><F14/><W122/><G122/><T32/><D17/><U51/><E51/><V48/><F48/><W27/><G27/><T100/><D32/><N who="2" m="12330" /><F83/><W89/><G89/><T26/><D26/><U108/><E108/><V44/><F44/><W7/><REACH who="3" step="1"/><G40/><REACH who="3" ten="244,457,181,108" step="2"/><T21/><D1/><U126/><E42/><V88/><F130/><W76/><G76/><T69/><D99/><U107/><E74/><V120/><F120/><W23/><G23/><T67/><D67/><AGARI ba="0,1" hai="56,60,67,82,86,88,97,98" m="12330,50794" machi="67" ten="30,2000,0" yaku="20,1,54,1" doraHai="25" who="2" fromWho="0" sc="244,-20,457,0,181,30,108,0" owari="224,2.0,457,56.0,211,-19.0,108,-39.0" /></mjloggm>