<mjloggm ver="2.3"><GO type="185" lobby="0"/><UN n0="%E3%81%91%E3%82%93%E3%81%97%E3%82%8D%E3%83%BC%E3%83%BC%E3%82%8D" n1="%E4%B8%83%E7%80%AC%E6%82%A0%E6%9C%88" n2="%E3%81%A8%E3%82%89%E3%81%8D%E3%81%A1%E3%81%B5%E3%81%8F" n3="" dan="16,17,17,0" rate="2044.34,2273.35,2185.09,1500.00" sx="M,F,M,C"/><TAIKYOKU oya="0"/><INIT seed="0,0,0,4,5,112" ten="350,350,350,0" oya="0" hai0="91,105,135,123,73,67,42,102,95,84,122,58,76" hai1="48,44,81,68,88,72,47,32,59,41,0,89,132" hai2="78,97,120,101,104,119,39,43,62,77,55,37,36" hai3=""/><T71/><N who="0" m="31264" /><T134/><N who="0" m="31520" /><T80/><D71/><U129/><E68/><V87/><N who="2" m="30752" /><V52/><F119/><T103/><D42/><U121/><N who="1" m="31008" /><U109/><E32/><V75/><F43/><T131/><D131/><U100/><E0/><V64/><F75/><T114/><D114/><U46/><E129/><V49/><F87/><T94/><D94/><U99/><E132/><N who="0" m="50729" /><D105/><U127/><E127/><V106/><F106/><T51/><D51/><U38/><E41/><V65/><F64/><T126/><D126/><U124/><E38/><V33/><F33/><T117/><D117/><U60/><E48/><V113/><F113/><T34/><D34/><U63/><E63/><AGARI ba="0,0" hai="58,63,67,73,76,80,84,91,95,102,103" m="50729,31520,31264" machi="63" ten="30,5800,0" yaku="20,1,52,2" doraHai="112" who="0" fromWho="1" sc="350,58,350,-58,350,0,0,0" /><INIT seed="0,1,0,2,0,45" ten="408,292,350,0" oya="0" hai0="37,127,131,99,56,42,2,77,32,95,34,90,100" hai1="85,49,125,82,115,112,91,132,106,124,53,72,110" hai2="58,122,50,57,59,96,134,119,84,128,79,93,41" hai3=""/><T0/><D131/><U129/><E129/><V38/><N who="2" m="31264" /><V118/><F128/><T74/><D127/><N who="1" m="48715" /><E110/><V39/><F134/><T70/><D70/><U92/><E106/><V78/><F84/><T47/><D56/><U52/><E132/><V94/><F96/><T3/><REACH who="0" step="1"/><D100/><REACH who="0" ten="398,292,350,0" step="2"/><U33/><E33/><V76/><F118/><T73/><D73/><U101/><E101/><V81/><F119/><T120/><N who="0" m="30752" /><T98/><D98/><U113/><E72/><V64/><F58/><T87/><D87/><U35/><E35/><V133/><F59/><T40/><D40/><U67/><E67/><V105/><F41/><T108/><D108/><U46/><E53/><V135/><F135/><T68/><D68/><U43/><E43/><V123/><N who="2" m="31520" /><V111/><F133/><T48/><D48/><U116/><E116/><V97/><F50/><T61/><D61/><U117/><E117/><V54/><F111/><T114/><D114/><U80/><AGARI ba="1,1" hai="46,49,52,80,82,85,91,92,112,113,115" m="48715" machi="80" ten="40,6000,1" yaku="11,1,18,1,52,1,54,1" doraHai="45" who="1" fromWho="1" sc="398,-41,292,72,350,-21,0,0" /><INIT seed="1,0,0,4,0,91" ten="357,364,329,0" oya="1" hai0="37,57,78,59,110,86,72,38,100,0,49,111,109" hai1="75,1,125,55,45,96,36,129,120,46,63,122,118" hai2="99,102,40,56,51,87,115,43,71,62,90,132,82" hai3=""/><U39/><N who="1" m="30752" /><U107/><N who="1" m="31264" /><U128/><E75/><V105/><F132/><T3/><D72/><U130/><E1/><V81/><F115/><T79/><D100/><U88/><E118/><V44/><F71/><T134/><D134/><U95/><E125/><V124/><F124/><T32/><D32/><U83/><E107/><V68/><F68/><T47/><D86/><U119/><E119/><V104/><F43/><T48/><D109/><U76/><E63/><V131/><F131/><T126/><D47/><N who="1" m="17931" /><E55/><V89/><F105/><T69/><D69/><U85/><AGARI ba="0,0" hai="36,39,76,83,85,88,95,96,128,129,130" m="17931,31264,30752" machi="85" ten="40,8000,1" yaku="19,1,52,3,54,1" doraHai="91" who="1" fromWho="1" sc="357,-40,364,80,329,-40,0,0" /><INIT seed="1,1,0,2,4,59" ten="317,444,289,0" oya="1" hai0="125,130,117,81,104,113,36,109,74,70,41,111,3" hai1="107,34,50,75,72,66,108,124,114,129,118,2,83" hai2="131,101,110,42,84,40,76,1,37,105,43,57,39" hai3=""/><U122/><RYUUKYOKU type="yao9" ba="1,0" sc="317,0,444,0,289,0,0,0" hai1="2,34,50,66,72,75,83,107,108,114,118,122,124,129" /><INIT seed="1,2,0,5,0,87" ten="317,444,289,0" oya="1" hai0="43,47,71,96,107,34,45,82,76,75,64,51,118" hai1="102,55,103,105,89,100,116,54,0,126,40,70,128" hai2="122,46,125,39,69,132,121,97,135,36,123,38,77" hai3=""/><U65/><E116/><V50/><N who="2" m="31008" /><V48/><N who="2" m="31264" /><V113/><N who="2" m="31520" /><V114/><F77/><T2/><D34/><U119/><E119/><V106/><F125/><T99/><D2/><U115/><E115/><N who="2" m="44043" /><F69/><T124/><D118/><U84/><E0/><V44/><F97/><T32/><D32/><U108/><E126/><V58/><F58/><T60/><D124/><U56/><E105/><V91/><F91/><T42/><D107/><U134/><E134/><N who="2" m="51243" /><F106/><T104/><D104/><U133/><E133/><V61/><F61/><T88/><D88/><U111/><E70/><V110/><F110/><T98/><D98/><U37/><E56/><V127/><F127/><T117/><D117/><U59/><E59/><V33/><F33/><T73/><D73/><U78/><E78/><V86/><F86/><T57/><D71/><U49/><E111/><V131/><F131/><T52/><D64/><U1/><E1/><V53/><F36/><AGARI ba="2,0" hai="36,42,43,45,47,51,52,57,60,75,76,82,96,99" machi="36" ten="30,2000,0" yaku="7,1,54,1" doraHai="87" who="0" fromWho="2" sc="317,24,444,0,289,-24,0,0" /><INIT seed="2,0,0,5,0,89" ten="341,444,265,0" oya="2" hai0="40,77,78,51,45,126,43,83,107,104,50,113,112" hai1="73,116,59,64,123,63,109,37,58,61,129,72,54" hai2="135,119,79,101,85,66,48,133,96,95,34,93,127" hai3=""/><V42/><F34/><T91/><D126/><U74/><N who="1" m="31520" /><U65/><E109/><V82/><F127/><T71/><D71/><U84/><E129/><V53/><F66/><T2/><D91/><U88/><E116/><V103/><F42/><T117/><D117/><U47/><E37/><V128/><F128/><T106/><D2/><U121/><N who="1" m="31008" /><U97/><E97/><V92/><F119/><T122/><N who="0" m="31264" /><T46/><REACH who="0" step="1"/><D83/><REACH who="0" ten="331,444,265,0" step="2"/><U87/><E88/><V94/><REACH who="2" step="1"/><F101/><REACH who="2" ten="331,444,255,0" step="2"/><T62/><D62/><U3/><E3/><V99/><F99/><T56/><D56/><AGARI ba="0,2" hai="48,53,56,79,82,85,92,93,94,95,96,103,133,135" machi="56" ten="40,12000,1" yaku="1,1,52,4,53,0" doraHai="89" doraHaiUra="33" who="2" fromWho="0" sc="331,-120,444,0,255,140,0,0" /><INIT seed="2,1,0,0,4,111" ten="211,444,395,0" oya="2" hai0="66,67,118,98,86,76,91,71,53,70,135,61,39" hai1="104,33,87,93,105,69,129,124,36,56,103,117,3" hai2="52,106,68,40,128,84,64,74,97,49,95,73,92" hai3=""/><V78/><F128/><T100/><D118/><U81/><E56/><V47/><F106/><T60/><D135/><U41/><E41/><V125/><F125/><T43/><D76/><U120/><E93/><V62/><F92/><T48/><D98/><U134/><E87/><V102/><REACH who="2" step="1"/><F40/><REACH who="2" ten="211,444,385,0" step="2"/><T112/><D43/><U122/><N who="1" m="30752" /><U34/><E34/><V107/><F107/><T83/><D112/><U46/><E81/><AGARI ba="1,1" hai="47,49,52,62,64,68,73,74,78,81,84,95,97,102" machi="81" ten="40,7700,0" yaku="1,1,54,1,53,1" doraHai="111" doraHaiUra="57" who="2" fromWho="1" sc="211,0,444,-79,385,89,0,0" /><INIT seed="2,2,0,0,4,80" ten="211,365,474,0" oya="2" hai0="3,71,56,101,100,1,45,94,32,0,116,62,99" hai1="69,90,66,125,114,86,128,122,42,50,133,65,81" hai2="135,93,44,54,79,108,70,57,51,83,72,88,39" hai3=""/><V120/><N who="2" m="30752" /><V113/><F135/><T35/><D116/><U53/><N who="1" m="31264" /><U95/><E114/><V115/><F108/><T97/><D71/><U124/><E133/><V110/><F110/><T98/><D45/><U134/><E134/><V55/><F70/><T130/><D130/><U119/><E128/><V107/><F107/><T33/><D94/><U64/><E69/><V36/><F36/><T121/><N who="0" m="31008" /><T63/><REACH who="0" step="1"/><D56/><REACH who="0" ten="201,365,474,0" step="2"/><U126/><E119/><V77/><F115/><T34/><N who="0" m="8192" /><DORA hai="96" /><T46/><D46/><U87/><E42/><V127/><F113/><T38/><D38/><U91/><REACH who="1" step="1"/><E124/><REACH who="1" ten="201,355,474,0" step="2"/><V78/><F127/><T60/><AGARI ba="2,2" hai="0,1,3,60,62,63,97,98,99,100,101" m="8192,31008" machi="60" ten="70,24000,5" yakuman="40" doraHai="80,96" doraHaiUra="112,132" who="0" fromWho="0" sc="201,264,355,-82,474,-162,0,0" /><INIT seed="4,0,0,0,4,34" ten="465,273,312,0" oya="0" hai0="71,47,40,89,92,51,98,106,96,74,125,108,73" hai1="42,79,43,132,80,86,119,133,117,65,76,87,38" hai2="36,82,70,45,126,54,37,3,104,95,116,112,46" hai3=""/><T124/><D108/><U63/><E87/><V127/><F104/><T101/><REACH who="0" step="1"/><D71/><REACH who="0" ten="455,273,312,0" step="2"/><U44/><E119/><V77/><F70/><T111/><D111/><U88/><E117/><V52/><F116/><T131/><D131/><U35/><E35/><V130/><F130/><T75/><AGARI ba="0,1" hai="40,47,51,73,74,75,89,92,96,98,101,106,124,125" machi="75" ten="40,5200,0" yaku="1,1,0,1,53,1" doraHai="34" doraHaiUra="97" who="0" fromWho="0" sc="455,62,273,-26,312,-26,0,0" /><INIT seed="4,1,0,3,4,86" ten="517,247,286,0" oya="0" hai0="69,3,118,55,59,36,92,93,71,63,40,74,41" hai1="123,135,88,35,105,121,106,58,84,130,75,100,51" hai2="81,133,112,110,64,124,48,79,127,45,95,43,37" hai3=""/><T38/><D118/><U128/><N who="1" m="31008" /><U94/><N who="1" m="31520" /><U82/><E35/><V96/><F110/><T65/><D74/><U109/><E109/><V67/><F133/><T68/><D3/><U39/><E39/><N who="0" m="14889" /><D92/><U72/><E135/><V46/><F112/><T119/><D119/><U47/><E58/><V53/><F127/><T91/><D91/><U114/><E114/><V103/><F124/><T85/><D85/><AGARI ba="1,0" hai="37,43,45,46,48,53,64,67,79,81,85,95,96,103" machi="85" ten="30,1000,0" yaku="7,1" doraHai="86" who="2" fromWho="0" sc="517,-12,247,0,286,12,0,0" /><INIT seed="5,0,0,2,2,125" ten="505,247,298,0" oya="1" hai0="89,44,111,2,115,120,112,122,127,53,54,56,72" hai1="42,52,106,131,75,34,81,39,55,79,135,0,48" hai2="86,101,110,71,85,49,37,73,117,58,68,78,76" hai3=""/><U88/><E34/><V32/><F32/><T38/><N who="0" m="30752" /><T84/><N who="0" m="31264" /><T108/><D127/><U123/><N who="1" m="31520" /><U61/><E0/><V104/><F37/><T118/><D72/><U94/><E135/><V128/><F117/><T59/><D118/><U90/><E106/><V97/><F58/><T51/><D2/><U3/><E3/><V66/><F49/><T64/><D64/><U50/><E61/><V45/><F45/><T77/><D77/><U87/><E131/><V92/><F66/><T95/><D38/><U124/><E124/><V65/><F65/><T35/><D35/><U57/><E39/><V134/><F134/><T41/><D41/><U69/><E42/><V119/><F71/><T82/><D82/><U67/><E67/><V70/><F68/><T102/><D102/><U109/><E109/><V114/><F70/><T40/><D40/><U33/><E33/><V91/><F110/><N who="0" m="42026" /><D54/><U103/><E69/><V46/><F119/><T62/><D62/><U43/><E43/><V47/><F104/><T113/><AGARI ba="0,0" hai="44,51,53,56,59,84,89,95,112,113,115" m="42026,31264,30752" machi="113" ten="40,3900,0" yaku="15,1,52,2" doraHai="125" who="0" fromWho="0" sc="505,39,247,-26,298,-13,0,0" /><INIT seed="6,0,0,1,5,76" ten="544,221,285,0" oya="2" hai0="116,91,57,50,120,129,105,33,78,133,135,74,55" hai1="1,73,134,43,114,39,70,94,51,72,58,66,115" hai2="41,102,96,65,95,126,36,45,82,46,86,0,44" hai3=""/><V87/><F0/><T48/><N who="0" m="30752" /><T107/><D33/><U104/><E104/><V92/><F126/><T127/><D116/><U35/><E35/><V93/><F65/><T67/><D129/><U108/><E1/><V106/><REACH who="2" step="1"/><F87/><REACH who="2" ten="544,221,275,0" step="2"/><T62/><D127/><U69/><E73/><V118/><F118/><T88/><D67/><U113/><E72/><V128/><F128/><T123/><D74/><U81/><E66/><V117/><F117/><T89/><D123/><U122/><N who="1" m="31264" /><U83/><E114/><V100/><F100/><T38/><D135/><U98/><E115/><V101/><F101/><T61/><D133/><U90/><E113/><V32/><F32/><T132/><D132/><U64/><E134/><V84/><F84/><T75/><D75/><U103/><E103/><V131/><F131/><T49/><D107/><U60/><E64/><V112/><F112/><T80/><D105/><U52/><E108/><V54/><F54/><T56/><D55/><U53/><E53/><V85/><F85/><T99/><D99/><U125/><E125/><V79/><AGARI ba="0,1" hai="36,41,44,45,46,79,82,86,92,93,95,96,102,106" machi="79" ten="30,4000,0" yaku="1,1,0,1,52,1,53,0" doraHai="76" doraHaiUra="110" who="2" fromWho="2" sc="544,-20,221,-20,275,50,0,0" /><INIT seed="6,1,0,5,1,106" ten="524,201,325,0" oya="2" hai0="130,62,84,119,74,63,46,81,43,34,107,131,110" hai1="52,95,108,82,53,1,94,97,75,116,36,60,89" hai2="101,104,67,71,37,123,93,54,78,61,135,3,49" hai3=""/><V50/><N who="2" m="31520" /><V113/><F3/><T115/><D110/><U129/><E108/><V122/><N who="2" m="31264" /><V35/><F35/><T83/><D115/><U103/><E129/><N who="0" m="49161" /><D119/><U47/><E116/><V90/><F135/><T32/><D107/><U76/><E1/><V66/><F113/><T96/><D96/><U132/><E132/><V79/><F37/><T33/><D74/><U40/><REACH who="1" step="1"/><E60/><REACH who="1" ten="524,191,325,0" step="2"/><V105/><F61/><N who="0" m="23050" /><D84/><U102/><E102/><V118/><F118/><T59/><D59/><U58/><E58/><V77/><F101/><T134/><D134/><U65/><E65/><V51/><F71/><T91/><D91/><U55/><E55/><V73/><F54/><T92/><D92/><U87/><AGARI ba="1,1" hai="36,40,47,52,53,75,76,82,87,89,94,95,97,103" machi="87" ten="20,9000,2" yaku="1,1,0,1,7,1,52,1,54,1,53,1" doraHai="106" doraHaiUra="98" who="1" fromWho="1" sc="524,-31,191,102,325,-61,0,0" owari="493,45.0,293,-11.0,264,-34.0,0,0.0" /></mjloggm>