<mjloggm ver="2.3"><GO type="169" lobby="0"/><UN n0="%E9%BA%BB%E9%9B%80%49%51%31%32%30" n1="%E3%81%A8%E3%82%89%E3%81%8D%E3%81%A1%E3%81%B5%E3%81%8F" n2="%75%72%61%74%61%6D%61" n3="%7A%65%52%6F" dan="16,16,16,17" rate="2156.98,2083.96,2149.12,2207.57" sx="M,M,M,M"/><TAIKYOKU oya="0"/><INIT seed="0,0,0,3,0,135" ten="250,250,250,250" oya="0" hai0="77,118,94,36,88,90,108,103,97,66,7,26,57" hai1="75,68,8,14,33,47,96,64,106,116,92,133,18" hai2="80,45,48,100,13,37,95,1,10,73,104,117,122" hai3="31,81,22,126,125,27,21,32,24,54,65,50,79"/><T56/><D118/><U5/><E133/><V78/><F104/><W93/><G65/><T41/><D7/><U20/><E116/><V101/><F122/><W85/><G93/><T51/><D77/><U25/><E75/><V115/><F115/><W84/><G84/><T3/><D3/><U0/><E106/><V91/><F117/><W119/><G119/><T82/><D36/><U4/><E47/><V110/><F110/><W99/><G99/><T28/><D108/><U6/><E64/><V109/><F109/><W59/><REACH who="3" step="1"/><G32/><REACH who="3" ten="250,250,250,240" step="2"/><T52/><D82/><U131/><E68/><V43/><F37/><W60/><G60/><T102/><D102/><U19/><E131/><V12/><F100/><W89/><G89/><T61/><REACH who="0" step="1"/><D41/><REACH who="0" ten="240,250,250,240" step="2"/><U111/><E111/><V129/><F101/><W11/><G11/><T40/><D40/><U114/><E114/><V87/><F129/><W74/><G74/><T39/><D39/><U124/><E8/><V17/><F10/><W35/><G35/><AGARI ba="0,2" hai="26,28,35,51,52,56,57,61,66,88,90,94,97,103" machi="35" ten="30,12000,1" yaku="1,1,7,1,54,2,53,1" doraHai="135" doraHaiUra="62" who="0" fromWho="3" sc="240,140,250,0,250,0,240,-120" /><INIT seed="0,1,0,4,5,76" ten="380,250,250,120" oya="0" hai0="89,52,45,113,92,106,109,75,67,73,4,96,21" hai1="81,123,129,20,121,44,107,110,133,70,30,101,19" hai2="74,33,128,102,64,2,90,99,84,41,35,82,6" hai3="0,88,14,50,69,28,25,18,130,62,57,108,103"/><T120/><D113/><U12/><E70/><V118/><F128/><W131/><G0/><T24/><D120/><U85/><E129/><N who="3" m="49162" /><G103/><T83/><D106/><U126/><E126/><V61/><F118/><W97/><G50/><T43/><D67/><U80/><E110/><V56/><F41/><W53/><G69/><T58/><D4/><U48/><E133/><V54/><F74/><W23/><G108/><T132/><D132/><U98/><E30/><V68/><F6/><W72/><G72/><T115/><D115/><U116/><E116/><V125/><F2/><W39/><G39/><T46/><D109/><U15/><E12/><V16/><F125/><W100/><G88/><T66/><D75/><U22/><E22/><V111/><F111/><W47/><G47/><T105/><D105/><U1/><E1/><V55/><F33/><W95/><G14/><T124/><D124/><U26/><E15/><V9/><F35/><W40/><G40/><T11/><D43/><U86/><E48/><V59/><F68/><W93/><G18/><T127/><D127/><U3/><E44/><V8/><F16/><W29/><G28/><T7/><D45/><U34/><E3/><V78/><F59/><W10/><G10/><N who="2" m="4201" /><F90/><W63/><G63/><T17/><D46/><U112/><E112/><V36/><F36/><W134/><G134/><T122/><D11/><U31/><E19/><V117/><F117/><W65/><G53/><T104/><D17/><U71/><E71/><V135/><F135/><W87/><G95/><AGARI ba="1,0" hai="54,55,56,61,64,78,82,84,95,99,102" m="4201" machi="95" ten="30,2000,0" yaku="8,1,52,1" doraHai="76" who="2" fromWho="3" sc="380,0,250,0,250,23,120,-23" /><INIT seed="1,0,0,2,5,38" ten="380,250,273,97" oya="1" hai0="72,29,135,114,112,54,118,59,95,91,10,53,120" hai1="97,104,21,18,123,9,46,11,125,27,74,60,85" hai2="121,76,100,48,73,131,19,47,30,65,133,67,4" hai3="16,119,79,49,103,107,122,7,8,43,5,126,41"/><U96/><E125/><V51/><F121/><W132/><G122/><T56/><D118/><U87/><E123/><V117/><F117/><W42/><G119/><T39/><D72/><U22/><E74/><V81/><F131/><W70/><G70/><T69/><D69/><U66/><E96/><V15/><F133/><W36/><G36/><T50/><D39/><U33/><E33/><V106/><F30/><W62/><G126/><T88/><D120/><U31/><E97/><V1/><F100/><W28/><G28/><T111/><D29/><U63/><E104/><V110/><F106/><W102/><G132/><T71/><D71/><U109/><E109/><V57/><F4/><N who="3" m="1611" /><G107/><T77/><D77/><U75/><E75/><V32/><F1/><W64/><G79/><T113/><D10/><U108/><E108/><V89/><F32/><W68/><G68/><T93/><D111/><U134/><E134/><V83/><F73/><W34/><G34/><T44/><D135/><U115/><E115/><V82/><F76/><W55/><G62/><T98/><D53/><U3/><E3/><V45/><F89/><W129/><G64/><N who="2" m="24649" /><F110/><W12/><G129/><T90/><D98/><U127/><E127/><V124/><F124/><W52/><G55/><T14/><D14/><U78/><E78/><V17/><F15/><W94/><G94/><T13/><D13/><U105/><E66/><V6/><F6/><W92/><G92/><T23/><D95/><U58/><E105/><V40/><F57/><AGARI ba="0,0" hai="8,12,16,41,42,43,49,52,57,102,103" m="1611" machi="57" ten="30,12000,2" yaku="8,1,52,3,54,2" doraHai="38" who="3" fromWho="2" sc="380,0,250,0,273,-120,97,120" /><INIT seed="2,0,0,4,5,135" ten="380,250,153,217" oya="2" hai0="15,52,50,122,23,94,93,127,103,4,55,36,68" hai1="17,48,115,24,134,57,74,117,60,3,69,77,64" hai2="63,54,32,99,41,0,14,118,37,25,33,133,128" hai3="39,35,84,42,75,110,12,44,8,72,40,5,114"/><V70/><F118/><W30/><G110/><T105/><D36/><U108/><E3/><V124/><F0/><W125/><G114/><T58/><D68/><U71/><E115/><V53/><F128/><W28/><G125/><T100/><D122/><U107/><E107/><V19/><F133/><W87/><G42/><T59/><D127/><U82/><E134/><V62/><F41/><W29/><REACH who="3" step="1"/><G35/><REACH who="3" ten="380,250,153,207" step="2"/><T56/><D105/><U66/><E108/><V18/><F124/><W88/><G88/><T22/><D103/><U61/><E117/><V126/><F126/><W49/><G49/><T2/><D100/><U73/><E48/><V43/><F37/><W89/><G89/><T21/><D2/><U65/><E71/><V46/><F43/><W90/><G90/><T132/><D132/><U34/><E34/><V7/><F70/><W1/><G1/><T113/><D113/><U79/><E69/><V96/><F32/><W129/><G129/><T116/><D116/><U131/><E131/><V102/><F33/><W31/><N who="3" m="7168" /><DORA hai="45" /><W98/><G98/><T81/><D50/><U20/><E61/><V6/><F96/><W76/><G76/><T111/><D111/><U9/><E77/><V106/><F63/><W101/><G101/><T51/><D51/><U92/><E60/><V85/><F62/><W13/><G13/><T119/><D119/><U26/><E65/><V130/><F130/><W91/><G91/><T67/><D67/><U83/><E66/><V109/><F109/><W78/><G78/><T121/><D59/><U97/><E64/><V11/><F102/><RYUUKYOKU ba="0,1" sc="380,-10,250,-10,153,-10,207,30" hai3="5,8,12,39,40,44,72,75,84,87" /><INIT seed="3,1,1,4,5,111" ten="370,240,143,237" oya="3" hai0="85,83,24,47,80,63,45,32,36,25,29,113,89" hai1="88,56,109,122,15,17,53,14,22,119,130,33,96" hai2="60,99,129,39,1,92,131,75,112,58,74,16,11" hai3="82,40,59,125,61,102,35,43,2,87,30,95,78"/><W70/><G2/><T46/><D63/><U31/><E109/><V10/><F39/><W37/><G70/><T23/><D83/><U105/><E130/><N who="2" m="49675" /><F1/><W84/><G125/><T38/><D113/><U51/><E119/><V3/><F3/><W91/><G37/><T5/><REACH who="0" step="1"/><D5/><REACH who="0" ten="360,240,143,237" step="2"/><U118/><E118/><V100/><F112/><W121/><G121/><T21/><D21/><U41/><E122/><V124/><F124/><W20/><G35/><T114/><D114/><U55/><E33/><V110/><F110/><W8/><G8/><N who="2" m="3113" /><F16/><AGARI ba="1,2" hai="16,23,24,25,29,32,36,38,45,46,47,80,85,89" machi="16" ten="40,2600,0" yaku="1,1,54,1,53,0" doraHai="111" doraHaiUra="6" who="0" fromWho="2" sc="360,49,240,0,143,-29,237,0" /><INIT seed="4,0,0,2,1,50" ten="409,240,114,237" oya="0" hai0="95,74,91,93,83,117,134,25,99,16,76,34,52" hai1="64,75,86,73,57,60,94,9,119,71,6,11,35" hai2="58,41,10,132,13,133,96,5,118,124,88,105,46" hai3="67,17,56,65,89,37,81,0,42,45,61,14,122"/><T79/><D134/><U29/><E119/><V15/><F124/><W39/><G0/><T54/><D117/><U110/><E110/><V109/><F118/><W43/><G122/><T111/><D111/><U112/><E112/><V106/><F109/><W1/><G1/><T30/><D79/><U33/><E11/><V77/><F77/><W8/><G67/><T120/><D120/><U102/><E71/><V80/><F15/><W115/><G115/><T66/><D66/><U3/><E35/><V20/><F20/><W87/><REACH who="3" step="1"/><G43/><REACH who="3" ten="409,240,114,227" step="2"/><T31/><D31/><U63/><E29/><V135/><F135/><W123/><G123/><T69/><D69/><U36/><E64/><V40/><F133/><W12/><G12/><T100/><D16/><U23/><E3/><V128/><F41/><W4/><G4/><T101/><D101/><U32/><E102/><V72/><F132/><W2/><G2/><T108/><D108/><U129/><E6/><V7/><F5/><W131/><G131/><T51/><D51/><AGARI ba="0,1" hai="8,14,17,37,39,42,45,51,56,61,65,81,87,89" machi="51" ten="30,3900,0" yaku="1,1,7,1,53,1" doraHai="50" doraHaiUra="82" who="3" fromWho="0" sc="409,-39,240,0,114,0,227,49" /><INIT seed="5,0,0,1,1,72" ten="370,240,114,276" oya="1" hai0="111,112,79,78,125,107,23,73,60,50,51,89,120" hai1="98,4,29,81,20,8,68,61,52,40,1,15,34" hai2="71,117,83,119,59,122,100,127,30,95,118,102,88" hai3="28,99,19,46,133,64,82,58,124,26,69,114,47"/><U70/><E40/><V67/><F71/><W24/><G114/><T91/><D107/><U5/><E5/><V106/><F30/><W86/><G124/><T101/><D101/><U37/><E37/><V13/><F122/><W74/><G74/><T36/><D73/><U38/><E38/><V87/><F127/><W75/><G75/><T25/><D36/><U63/><E98/><V65/><F106/><W121/><G121/><T53/><D111/><U105/><E105/><V134/><F134/><W3/><G3/><T104/><D104/><U9/><E9/><V84/><F13/><W33/><G99/><T0/><D0/><U135/><E135/><V48/><F48/><W85/><G85/><T62/><D112/><U7/><E7/><V45/><F45/><W11/><G69/><T17/><D50/><U49/><E68/><V55/><F55/><W10/><G10/><T44/><D125/><U129/><E70/><V31/><F31/><W131/><G131/><T116/><D116/><U123/><E123/><V76/><REACH who="2" step="1"/><F67/><REACH who="2" ten="370,240,104,276" step="2"/><W14/><G133/><T92/><D120/><U43/><E29/><V41/><F41/><W39/><G39/><T80/><D62/><AGARI ba="0,1" hai="59,62,65,76,83,84,87,88,95,100,102,117,118,119" machi="62" ten="40,5200,0" yaku="1,1,52,1,54,1,53,0" doraHai="72" doraHaiUra="66" who="2" fromWho="0" sc="370,-52,240,0,104,62,276,0" /><INIT seed="6,0,0,0,5,75" ten="318,240,166,276" oya="2" hai0="4,14,90,27,28,95,99,65,3,110,48,24,131" hai1="123,21,41,104,47,133,115,40,72,32,106,51,94" hai2="13,77,10,18,25,80,113,76,134,124,59,109,43" hai3="1,36,107,7,97,63,92,68,29,2,108,101,71"/><V125/><F113/><W87/><G108/><T62/><D110/><U42/><E115/><V78/><F109/><W39/><G92/><T70/><D3/><N who="3" m="1033" /><G87/><T33/><D131/><U16/><E32/><V60/><F134/><W83/><G7/><T23/><D48/><U57/><E72/><V54/><F43/><W8/><G8/><T128/><D128/><U85/><E133/><V66/><F25/><W93/><G93/><T38/><D38/><N who="3" m="14377" /><G63/><T37/><D37/><U91/><E123/><V102/><F102/><W20/><G20/><T35/><D4/><U132/><E132/><V11/><F11/><W56/><G56/><T114/><D114/><U67/><E106/><V127/><F54/><W17/><G17/><T111/><D14/><N who="1" m="9367" /><E104/><V86/><AGARI ba="0,0" hai="10,13,18,59,60,66,76,77,78,80,86,124,125,127" machi="86" ten="30,12000,1" yaku="0,1,18,1,52,3" doraHai="75" who="2" fromWho="2" sc="318,-40,240,-40,166,120,276,-40" /><INIT seed="6,1,0,2,3,39" ten="278,200,286,236" oya="2" hai0="24,62,10,75,102,55,58,31,9,27,65,96,5" hai1="30,4,91,53,29,42,119,59,26,134,87,67,99" hai2="83,107,20,108,71,6,61,28,35,98,36,104,18" hai3="34,120,69,76,3,12,77,50,41,114,124,94,43"/><V80/><F36/><W68/><G120/><T86/><D75/><U17/><E119/><V131/><F131/><W25/><G3/><T105/><D86/><U112/><E134/><V90/><F6/><W72/><G50/><T73/><D73/><U121/><E121/><V95/><F108/><W129/><G12/><T33/><D24/><U52/><E112/><V2/><F2/><W15/><G15/><T135/><D135/><U103/><E4/><V123/><F28/><N who="3" m="19727" /><G94/><T63/><REACH who="0" step="1"/><D5/><REACH who="0" ten="268,200,286,236" step="2"/><U101/><E30/><V92/><F123/><W113/><G72/><T127/><D127/><U117/><E117/><V125/><F125/><W57/><G124/><T79/><D79/><U11/><E29/><V23/><F98/><W109/><G77/><T70/><AGARI ba="1,1" hai="9,10,27,31,33,55,58,62,63,65,70,96,102,105" machi="70" ten="20,8000,1" yaku="1,1,0,1,7,1,25,2,53,0" doraHai="39" doraHaiUra="45" who="0" fromWho="0" sc="268,93,200,-21,286,-41,236,-21" /><INIT seed="7,0,0,2,5,4" ten="361,179,245,215" oya="3" hai0="42,131,23,8,118,1,36,21,26,98,19,80,39" hai1="2,45,44,105,7,108,52,0,17,84,86,119,95" hai2="32,114,31,12,92,14,9,66,61,63,82,10,100" hai3="69,103,121,34,65,50,99,132,47,134,11,123,102"/><W127/><G34/><T125/><D118/><U91/><E119/><V126/><F114/><W71/><G103/><T109/><D109/><U74/><E108/><V120/><F31/><W56/><G99/><T68/><D68/><N who="3" m="26185" /><G102/><T135/><D98/><U30/><E105/><V25/><F92/><W40/><G11/><T55/><D23/><U49/><E74/><V129/><F82/><W104/><G104/><T128/><D8/><U35/><E17/><V83/><F83/><W78/><G78/><T41/><D80/><U54/><E7/><V94/><F94/><W6/><G6/><T59/><D1/><U133/><E133/><N who="3" m="51306" /><G127/><T62/><D125/><U18/><E18/><V111/><F126/><W67/><G56/><T5/><D5/><U3/><E84/><V124/><F124/><W22/><G22/><T27/><D27/><U116/><E116/><V53/><F25/><W57/><G57/><T13/><D26/><U112/><E112/><V46/><F100/><W101/><G101/><T90/><D90/><U38/><E30/><V107/><F9/><W115/><G115/><T51/><D135/><U96/><E35/><V70/><F32/><W85/><G85/><T88/><D88/><U89/><E38/><V48/><F107/><W15/><G15/><T122/><D39/><U79/><E79/><V97/><F14/><W60/><G60/><T77/><D77/><U33/><E33/><V130/><F63/><W73/><G73/><T20/><D62/><U106/><E106/><V37/><F61/><W113/><G113/><T87/><D87/><U24/><E24/><RYUUKYOKU ba="0,0" sc="361,-10,179,-10,245,-10,215,30" hai3="40,47,50,65,67,121,123" /><INIT seed="7,1,0,2,4,121" ten="351,169,235,245" oya="3" hai0="126,135,120,45,72,56,76,96,34,82,40,67,80" hai1="8,85,29,108,77,98,110,116,117,11,109,134,55" hai2="46,130,101,4,10,21,14,107,75,74,65,93,15" hai3="69,63,124,113,132,61,133,92,58,43,59,57,37"/><W66/><G92/><T6/><D120/><U52/><E134/><N who="3" m="51818" /><G113/><T81/><D34/><U51/><E29/><V89/><F130/><W3/><G3/><T62/><D135/><U71/><E71/><V118/><F118/><N who="1" m="45673" /><E98/><V53/><F65/><N who="3" m="41151" /><G124/><T13/><D126/><U114/><E114/><V50/><F101/><W19/><G19/><T28/><D28/><U103/><E103/><V122/><F107/><W2/><G2/><T0/><D0/><U25/><E25/><V60/><F122/><W64/><G64/><T47/><D96/><U97/><E97/><V111/><F111/><N who="1" m="28417" /><U104/><DORA hai="102" /><E104/><V79/><F79/><W23/><G23/><T7/><D67/><U5/><E5/><V78/><F78/><W32/><G32/><T125/><D6/><U88/><E77/><V95/><F4/><W33/><G33/><T49/><D125/><U123/><E123/><V86/><F89/><W9/><G9/><N who="1" m="3658" /><E51/><V22/><F50/><W83/><G61/><T68/><D68/><U30/><E30/><V70/><F60/><W131/><G66/><N who="0" m="39239" /><D7/><U39/><E39/><V100/><F70/><W36/><G36/><N who="0" m="21639" /><D13/><U24/><E24/><V119/><F15/><W12/><G131/><T35/><D35/><U106/><E106/><V128/><F14/><W48/><G12/><T90/><D90/><U17/><E17/><V42/><F128/><W84/><G48/><T38/><D38/><U54/><E55/><V115/><F53/><W41/><G37/><T44/><D49/><U18/><E18/><V91/><F119/><W26/><G43/><T112/><D112/><RYUUKYOKU ba="1,0" sc="351,15,169,15,235,-15,245,-15" hai0="44,47,72,76,80,81,82" hai1="52,54,85,88" owari="366,47.0,184,-32.0,220,-18.0,230,3.0" /></mjloggm>