<mjloggm ver="2.3"><GO type="169" lobby="0"/><UN n0="%68%61%69%6A%69%6E%35%35" n1="%E3%81%8A%E3%81%98%E3%81%95%E3%82%93" n2="%E7%8C%BF%2D%53%61%72%75%2D" n3="%E3%81%A8%E3%81%B3%E3%81%BE%E3%81%93" dan="17,17,17,16" rate="2267.26,2223.21,2255.03,2138.89" sx="M,M,M,M"/><TAIKYOKU oya="0"/><INIT seed="0,0,0,0,3,14" ten="250,250,250,250" oya="0" hai0="122,47,95,128,84,51,93,35,39,62,15,133,125" hai1="134,38,8,76,69,55,89,2,100,56,72,64,10" hai2="22,90,48,129,80,36,101,30,54,108,97,107,99" hai3="113,87,13,63,71,66,33,25,60,9,121,117,44"/><T4/><D122/><U42/><E134/><V91/><F108/><W3/><G113/><T119/><D119/><U135/><E135/><V18/><F129/><W109/><G109/><T74/><D74/><U102/><E89/><V61/><F36/><W118/><G3/><T103/><D133/><U37/><E64/><V43/><F30/><W94/><G121/><T50/><D35/><U77/><E56/><V124/><F124/><W58/><G44/><T116/><D62/><U57/><E57/><V12/><F43/><W105/><G105/><T85/><D39/><U45/><E55/><V86/><F61/><W59/><G71/><T7/><D116/><U17/><E2/><V78/><REACH who="2" step="1"/><F99/><REACH who="2" ten="250,250,240,250" step="2"/><W24/><G118/><T112/><D125/><U31/><E31/><V6/><F6/><W20/><G33/><T114/><D128/><U79/><E42/><V23/><F23/><W120/><G20/><T110/><D110/><U52/><E37/><V11/><F11/><W29/><G29/><T49/><D47/><AGARI ba="0,1" hai="12,18,22,47,48,54,78,80,86,90,91,97,101,107" machi="47" ten="30,3900,0" yaku="1,1,7,1,52,1,53,0" doraHai="14" doraHaiUra="65" who="2" fromWho="0" sc="250,-39,250,0,240,49,250,0" /><INIT seed="1,0,0,1,5,18" ten="211,250,289,250" oya="1" hai0="11,4,38,41,15,2,46,57,69,51,77,83,52" hai1="24,113,124,122,133,64,75,60,55,70,110,32,23" hai2="104,44,19,5,120,54,129,128,29,92,47,117,90" hai3="112,115,126,62,10,42,107,74,125,80,8,99,16"/><U45/><E113/><V76/><F104/><W72/><G42/><T121/><D69/><U101/><E122/><V134/><F120/><W97/><G62/><T1/><REACH who="0" step="1"/><D121/><REACH who="0" ten="201,250,289,250" step="2"/><U36/><E70/><V3/><F128/><W63/><G115/><T102/><D102/><U108/><E101/><V71/><F129/><W67/><G112/><T43/><D43/><U106/><E108/><V7/><F71/><W35/><G126/><T30/><D30/><U96/><E110/><V68/><F29/><W84/><G125/><T82/><D82/><U22/><E124/><V31/><F31/><W98/><G80/><T131/><D131/><U9/><E32/><V25/><F68/><W123/><G35/><T13/><D13/><U0/><E0/><V33/><F3/><W27/><G123/><T37/><D37/><U88/><E36/><V34/><F34/><W116/><G116/><T89/><D89/><U73/><E88/><V93/><F90/><W119/><G119/><T65/><D65/><U40/><E64/><V94/><F33/><W86/><G67/><T81/><D81/><U109/><E40/><V39/><F39/><W114/><G114/><T118/><D118/><U127/><E127/><V105/><F117/><W79/><G79/><T17/><D17/><U28/><E28/><V48/><F19/><W100/><G16/><T103/><D103/><U111/><E109/><V26/><F76/><W20/><G100/><T91/><D91/><U66/><E111/><V58/><F105/><W87/><G107/><T78/><D78/><U59/><E106/><V49/><F93/><RYUUKYOKU ba="0,1" sc="201,30,250,-10,289,-10,250,-10" hai0="1,2,4,11,15,38,41,46,51,52,57,77,83" /><INIT seed="2,1,1,1,3,45" ten="231,240,279,240" oya="2" hai0="107,135,88,62,10,112,124,56,57,25,76,73,67" hai1="4,133,87,127,5,96,51,29,120,110,43,7,64" hai2="23,37,71,118,3,15,98,102,99,9,79,77,22" hai3="109,33,106,75,114,68,8,47,53,31,26,2,111"/><V11/><F118/><W123/><G123/><T40/><D112/><U101/><E110/><N who="3" m="41994" /><G114/><T132/><D107/><U86/><E120/><V18/><F37/><W50/><G106/><T84/><D124/><U66/><E127/><V54/><F71/><W125/><G125/><T97/><D97/><U49/><E133/><N who="0" m="51273" /><D40/><U13/><E29/><V121/><F121/><W41/><G68/><T95/><D25/><U61/><E13/><V27/><F99/><W12/><G75/><T52/><D10/><U38/><E38/><V80/><F54/><W1/><G41/><T128/><D128/><U78/><E43/><V20/><F27/><W108/><N who="3" m="42002" /><W117/><DORA hai="91" /><G117/><T46/><D46/><U0/><E0/><V32/><F32/><W24/><G24/><T14/><D14/><U82/><E87/><V72/><F9/><W42/><G42/><T131/><D131/><U129/><E129/><V83/><F3/><W103/><G103/><T39/><D39/><U16/><E16/><AGARI ba="1,1" hai="1,2,8,12,16,26,31,33,47,50,53" m="42002" machi="16" ten="40,5200,0" yaku="14,1,52,1,54,1" doraHai="45,91" who="3" fromWho="1" sc="231,0,240,-55,279,0,240,65" /><INIT seed="3,0,0,4,5,35" ten="231,185,279,305" oya="3" hai0="86,47,74,94,125,43,127,96,38,56,1,49,21" hai1="66,115,80,41,26,33,18,113,34,134,48,28,12" hai2="4,121,90,102,32,71,112,119,128,55,70,65,100" hai3="108,120,107,57,85,104,98,39,51,2,133,42,0"/><W9/><G120/><T126/><D74/><U117/><E66/><V78/><F112/><N who="1" m="43081" /><E80/><V81/><F119/><W95/><G39/><T44/><D86/><U3/><E48/><V110/><F32/><N who="1" m="12393" /><E41/><V84/><F110/><W118/><G9/><T92/><D21/><N who="1" m="15439" /><E117/><V62/><F70/><W19/><G108/><T64/><D1/><U91/><E91/><V8/><F121/><W130/><G19/><T5/><D94/><U63/><E63/><V124/><F55/><W37/><G37/><T11/><D92/><U123/><E3/><V132/><F100/><W53/><G118/><T105/><D105/><U61/><E61/><V23/><F102/><W135/><G42/><T82/><D82/><U22/><E123/><V76/><F90/><N who="3" m="53711" /><G130/><T68/><D96/><U129/><E134/><N who="3" m="51210" /><G104/><T122/><D122/><U54/><E54/><V36/><F36/><W77/><G77/><T6/><D38/><U14/><E14/><V46/><F78/><W24/><G24/><T15/><D68/><U17/><E17/><V25/><F132/><W99/><G99/><T10/><D64/><U60/><E129/><V87/><F128/><W27/><G27/><T72/><D72/><U111/><E111/><V31/><F84/><W40/><G40/><T83/><D43/><U97/><E97/><V88/><F76/><W29/><G29/><T109/><D109/><U50/><E18/><V116/><F116/><W101/><AGARI ba="0,0" hai="0,2,51,53,57,98,101,107" m="51210,53711" machi="101" ten="30,6000,0" yaku="20,1,52,2" doraHai="35" who="3" fromWho="3" sc="231,-20,185,-20,279,-20,305,60" /><INIT seed="3,1,0,5,4,92" ten="211,165,259,365" oya="3" hai0="12,109,36,121,45,79,20,65,104,87,82,94,59" hai1="52,27,71,114,26,91,58,107,44,117,37,73,40" hai2="57,120,7,100,56,115,126,127,1,90,6,66,5" hai3="16,11,113,17,124,42,8,96,41,122,95,29,130"/><W39/><G113/><T55/><D121/><U13/><E114/><V32/><F115/><W118/><G118/><T83/><D104/><U70/><E117/><V123/><F32/><W112/><G112/><T110/><D65/><U38/><E38/><V46/><F1/><W47/><G122/><N who="2" m="46633" /><F100/><W129/><G29/><T43/><D83/><U18/><E73/><V23/><F46/><W105/><G105/><T135/><D135/><U74/><E74/><V76/><F76/><W133/><G133/><T19/><REACH who="0" step="1"/><D94/><REACH who="0" ten="201,165,259,365" step="2"/><U31/><E107/><V60/><F126/><W72/><G124/><T89/><D89/><U0/><E91/><V21/><F127/><W2/><G72/><T99/><D99/><U4/><E71/><N who="2" m="42439" /><F90/><W125/><G125/><T134/><D134/><U34/><E70/><V75/><F75/><W103/><G130/><T101/><D101/><U15/><E0/><V84/><F84/><W25/><G129/><T108/><D108/><U54/><E54/><V106/><F106/><W62/><G2/><T53/><D53/><U49/><REACH who="1" step="1"/><E4/><REACH who="1" ten="201,155,259,365" step="2"/><V85/><F85/><W69/><G69/><T77/><D77/><U111/><E111/><V97/><F97/><W35/><G96/><T132/><D132/><U61/><E61/><AGARI ba="1,2" hai="12,19,20,36,43,45,55,59,61,79,82,87,109,110" machi="61" ten="40,1300,0" yaku="1,1,53,0" doraHai="92" doraHaiUra="24" who="0" fromWho="1" sc="201,36,155,-16,259,0,365,0" /><INIT seed="4,0,0,3,2,60" ten="237,139,259,365" oya="0" hai0="12,67,89,79,110,102,111,93,130,22,13,61,35" hai1="24,72,133,43,122,85,56,65,31,73,54,45,49" hai2="3,15,8,74,90,114,37,115,88,41,16,27,23" hai3="123,77,21,124,36,30,86,9,53,129,70,112,101"/><T78/><D35/><U69/><E133/><V118/><F74/><W120/><G36/><T96/><D130/><U75/><E122/><V17/><F118/><W62/><G129/><T95/><D110/><U25/><E85/><V80/><F3/><W68/><G112/><N who="2" m="43049" /><F80/><N who="3" m="47375" /><G101/><T38/><D38/><U116/><E116/><V64/><F64/><W100/><G100/><T7/><D111/><U94/><E94/><V47/><AGARI ba="0,0" hai="8,15,16,17,23,27,37,41,47,88,90" m="43049" machi="47" ten="30,4000,0" yaku="15,1,54,2" doraHai="60" who="2" fromWho="2" sc="237,-20,139,-10,259,40,365,-10" /><INIT seed="5,0,0,3,2,119" ten="217,129,299,355" oya="1" hai0="55,93,38,116,74,113,18,7,84,2,135,32,117" hai1="99,49,35,60,129,25,40,98,22,45,73,70,31" hai2="92,33,77,9,43,118,78,47,29,107,63,81,26" hai3="124,34,126,100,94,51,114,10,82,16,64,6,102"/><U75/><E129/><V80/><F118/><W110/><G110/><T128/><D18/><U97/><REACH who="1" step="1"/><E35/><REACH who="1" ten="217,119,299,355" step="2"/><V58/><F107/><W91/><G34/><T4/><D32/><U133/><E133/><V44/><F92/><W61/><G94/><T85/><D128/><U52/><E52/><V14/><F80/><W89/><G82/><T53/><D135/><U23/><E23/><V101/><F81/><W46/><G126/><T106/><D93/><U15/><E15/><V62/><F14/><W5/><G124/><T134/><D134/><U72/><E72/><V88/><F33/><W11/><G114/><T17/><D74/><U50/><E50/><V48/><F48/><W12/><G51/><T69/><D113/><U57/><E57/><V90/><F58/><W125/><G12/><T87/><D116/><U105/><E105/><V112/><F112/><W127/><G125/><T1/><D106/><U79/><E79/><V65/><F78/><W132/><G127/><T13/><D117/><U96/><N who="1" m="24576" /><DORA hai="120" /><U21/><E21/><V131/><F77/><W111/><G132/><T67/><D55/><U108/><E108/><V28/><F131/><W27/><G111/><T104/><D104/><U122/><E122/><V24/><F101/><W0/><G102/><T86/><D53/><U130/><E130/><V109/><F109/><W76/><G100/><T83/><D83/><U68/><E68/><V37/><F37/><W41/><G76/><T3/><D38/><U19/><E19/><V103/><F103/><W71/><G16/><T54/><N who="0" m="21504" /><DORA hai="123" /><T42/><D17/><RYUUKYOKU ba="0,1" sc="217,-10,119,30,299,-10,355,-10" hai1="22,25,31,40,45,49,60,70,73,75" /><INIT seed="5,1,1,3,3,6" ten="207,149,289,345" oya="1" hai0="131,35,45,54,101,111,10,43,16,119,56,135,117" hai1="53,96,74,38,32,91,23,22,102,36,120,12,124" hai2="13,3,82,42,46,11,68,50,25,72,127,29,126" hai3="52,88,128,98,77,1,51,115,71,78,132,61,4"/><U87/><E120/><V130/><F68/><W40/><G115/><T24/><D111/><U103/><E32/><V76/><F130/><W48/><G128/><T28/><D131/><U104/><E124/><V17/><REACH who="2" step="1"/><F3/><REACH who="2" ten="207,149,279,345" step="2"/><W106/><G71/><T64/><D119/><U31/><E36/><V73/><F73/><W20/><G1/><T125/><D117/><U85/><E38/><V129/><F129/><W75/><G75/><T14/><D125/><U5/><E74/><V89/><F89/><W37/><G88/><T118/><D118/><U109/><E109/><V80/><F80/><W79/><G37/><T19/><D135/><U110/><E110/><V27/><F27/><W83/><G83/><T59/><D101/><U95/><E103/><V67/><F67/><W34/><G77/><T18/><D64/><U81/><E81/><V39/><F39/><W58/><G78/><T84/><D84/><U26/><E87/><V57/><F57/><W65/><G58/><T105/><D59/><U99/><E85/><V134/><F134/><W90/><G79/><T49/><REACH who="0" step="1"/><D105/><REACH who="0" ten="197,149,279,345" step="2"/><U122/><E104/><V70/><F70/><W44/><G106/><T7/><D7/><U100/><E5/><V30/><F30/><W121/><G4/><T97/><D97/><U112/><E31/><V0/><F0/><W69/><G98/><T41/><D41/><U116/><E99/><V55/><F55/><W114/><G132/><T15/><D15/><U92/><E53/><V9/><F9/><W66/><G52/><T8/><D8/><U62/><E12/><V94/><F94/><RYUUKYOKU ba="1,3" sc="197,15,149,-15,279,15,345,-15" hai0="10,14,16,18,19,24,28,35,43,45,49,54,56" hai2="11,13,17,25,29,42,46,50,72,76,82,126,127" /><INIT seed="6,2,3,1,4,74" ten="212,134,294,330" oya="2" hai0="135,119,126,75,9,14,58,45,67,63,133,83,24" hai1="100,121,41,112,36,60,85,66,47,81,80,125,11" hai2="98,111,29,113,130,96,34,73,51,31,105,93,59" hai3="106,48,114,46,77,97,4,94,56,13,124,70,7"/><V12/><F113/><W52/><G70/><T32/><D126/><U57/><E125/><V0/><F0/><W23/><G106/><T33/><D119/><U39/><E112/><V134/><F73/><W19/><G114/><T132/><D24/><U15/><E121/><V95/><F134/><W27/><G77/><N who="0" m="44479" /><D45/><U8/><E100/><V35/><F105/><W92/><G124/><T3/><D3/><U118/><E118/><V89/><F130/><W5/><G46/><T61/><D63/><U123/><E123/><V2/><F2/><W79/><G79/><T76/><D76/><U30/><E30/><V20/><F111/><W108/><G108/><T38/><D38/><U72/><E72/><V129/><F129/><W10/><G92/><T65/><D65/><U17/><E39/><V53/><F34/><W103/><AGARI ba="2,3" hai="4,5,7,10,13,19,23,27,48,52,56,94,97,103" machi="103" ten="20,5200,0" yaku="0,1,7,1,8,1,54,1" doraHai="74" who="3" fromWho="3" sc="212,-15,134,-15,294,-28,330,88" /><INIT seed="7,0,0,2,1,111" ten="197,119,266,418" oya="3" hai0="16,95,37,53,91,80,52,30,29,92,43,48,127" hai1="76,114,118,3,41,78,81,87,45,5,133,71,73" hai2="67,28,103,8,113,50,51,106,68,6,61,69,44" hai3="58,132,120,72,13,27,21,86,115,57,47,93,99"/><W19/><G72/><T46/><D127/><U84/><E118/><V75/><F113/><W90/><G115/><T4/><D4/><U123/><E123/><V108/><F108/><W66/><G132/><T85/><D53/><U56/><E71/><V7/><F75/><W9/><G120/><T33/><D33/><U2/><E133/><V117/><F117/><W96/><G47/><T23/><D37/><U15/><E114/><V35/><F68/><W130/><G130/><T129/><D43/><U131/><E131/><V112/><F112/><W104/><G104/><T102/><D129/><U77/><E77/><V128/><F128/><W25/><G25/><N who="0" m="14567" /><D102/><U122/><E122/><V124/><F124/><W109/><G109/><T70/><D70/><U14/><E56/><N who="3" m="21610" /><G66/><T97/><D97/><U54/><E54/><V98/><F103/><W110/><G110/><T1/><D1/><U0/><E73/><V59/><F6/><AGARI ba="0,0" hai="6,9,13,19,21,27,86,90,93,96,99" m="21610" machi="6" ten="30,1500,0" yaku="8,1" doraHai="111" who="3" fromWho="2" sc="197,0,119,0,266,-15,418,15" owari="197,-20.0,119,-38.0,251,5.0,433,53.0" /></mjloggm>