<mjloggm ver="2.3"><GO type="169" lobby="0"/><UN n0="%E4%B8%83%E3%83%84%E6%98%9F%E3%83%9B%E3%82%AF%E3%82%B5%E3%82%A4" n1="%E3%82%AD%E3%83%AA%E3%83%8E%40%E6%84%9B" n2="%E8%AB%B8%E8%91%9B%E4%BA%AE" n3="%E3%83%95%E3%82%A3%E3%83%AD%E3%82%BD%E3%83%95%E3%82%A3%E3%82%A2" dan="17,16,17,17" rate="2171.97,2043.42,2221.87,2106.56" sx="M,F,F,M"/><TAIKYOKU oya="0"/><INIT seed="0,0,0,4,0,125" ten="250,250,250,250" oya="0" hai0="28,53,19,81,54,34,121,51,130,0,100,44,1" hai1="24,38,6,69,105,119,106,37,85,56,79,18,63" hai2="7,23,82,135,80,76,108,120,115,4,96,17,40" hai3="94,11,131,20,59,110,67,116,118,43,111,66,126"/><T99/><D121/><U45/><E69/><V9/><F115/><W84/><G43/><T13/><D54/><U41/><E119/><V48/><F120/><W26/><G11/><T123/><D123/><U71/><E71/><V103/><F108/><W42/><G42/><T98/><D28/><U32/><E6/><V107/><F135/><W86/><G94/><T101/><D34/><U73/><E73/><V95/><F107/><W117/><G126/><T35/><D35/><U74/><E74/><V22/><F22/><W128/><G59/><T77/><D99/><U60/><E37/><V49/><F40/><W29/><G86/><T8/><D130/><N who="3" m="49705" /><G84/><T88/><D77/><U134/><E134/><V65/><F65/><AGARI ba="0,0" hai="20,26,29,65,66,67,110,111,116,117,118" m="49705" machi="65" ten="40,8000,1" yaku="19,1,52,3" doraHai="125" who="3" fromWho="2" sc="250,0,250,0,250,-80,250,80" /><INIT seed="1,0,0,3,4,118" ten="250,250,170,330" oya="1" hai0="83,60,14,128,52,120,84,49,87,82,38,3,43" hai1="59,94,4,18,127,85,55,45,80,67,70,27,7" hai2="129,51,42,74,89,119,81,108,123,76,2,72,114" hai3="116,97,0,112,104,44,35,96,48,8,32,75,24"/><U33/><E127/><V31/><F119/><W122/><G116/><T1/><D14/><U111/><E111/><V133/><F2/><W39/><G112/><T105/><D105/><U63/><E94/><V36/><F108/><W110/><G39/><T28/><D28/><U17/><E45/><V90/><F114/><W98/><G75/><T19/><D19/><U30/><E17/><V56/><F129/><W34/><G104/><T20/><D20/><U88/><E18/><V113/><F113/><W69/><G69/><T10/><D60/><AGARI ba="0,0" hai="4,7,27,30,33,55,59,60,63,67,70,80,85,88" machi="60" ten="30,2900,0" yaku="7,1,54,1" doraHai="118" who="1" fromWho="0" sc="250,-29,250,29,170,0,330,0" /><INIT seed="1,1,0,4,3,94" ten="221,279,170,330" oya="1" hai0="43,130,18,45,84,56,106,44,88,62,37,24,73" hai1="68,69,19,103,131,28,75,74,25,0,51,133,64" hai2="92,96,1,55,102,31,29,5,39,122,107,118,59" hai3="40,128,97,126,79,132,123,78,112,86,30,80,47"/><U76/><E0/><V4/><F122/><W6/><G123/><T41/><D73/><U117/><E117/><V35/><F118/><W63/><G112/><T57/><D130/><U108/><E131/><V12/><F12/><W104/><BYE who="2" /><G128/><UN n2="%E8%AB%B8%E8%91%9B%E4%BA%AE" /><T83/><D106/><U77/><E133/><V113/><F113/><W87/><G132/><T81/><D18/><U17/><E51/><V53/><F39/><W67/><G126/><T21/><D62/><U82/><E108/><V36/><F36/><W48/><G30/><N who="2" m="11273" /><F1/><W100/><G6/><N who="2" m="2665" /><F107/><W11/><G11/><T61/><D61/><U54/><E28/><V26/><F35/><W111/><G111/><T115/><D115/><U58/><E64/><V34/><F34/><W121/><G121/><T42/><D24/><U105/><E68/><V23/><F59/><N who="0" m="22602" /><D37/><U134/><E69/><V3/><F3/><W14/><G14/><T20/><D81/><U85/><E134/><V135/><F135/><W22/><G22/><AGARI ba="1,0" hai="20,21,22,41,42,43,44,45,83,84,88" m="22602" machi="22" ten="30,2000,0" yaku="8,1,54,1" doraHai="94" who="0" fromWho="3" sc="221,23,279,0,170,0,330,-23" /><INIT seed="2,0,0,2,2,69" ten="244,279,170,307" oya="2" hai0="32,37,58,126,65,79,0,116,114,112,86,19,130" hai1="129,42,131,10,117,73,56,7,54,75,85,22,12" hai2="109,134,35,9,68,118,105,62,96,47,113,84,49" hai3="108,120,128,59,97,74,13,1,80,76,132,123,122"/><V41/><F118/><W66/><G1/><T39/><D32/><U83/><E117/><V17/><F113/><W77/><G77/><T111/><D116/><U55/><E22/><V93/><F35/><W92/><G13/><T64/><D0/><U34/><E34/><V78/><F105/><W125/><G66/><T29/><D58/><U15/><E42/><V133/><F109/><W48/><G48/><T2/><D2/><U26/><E26/><V124/><F124/><W36/><G59/><T71/><D29/><U127/><E127/><V20/><F9/><W45/><G108/><T5/><D126/><U99/><E99/><V43/><F43/><W24/><G24/><T57/><D57/><U14/><E7/><V21/><F68/><W104/><G92/><T44/><D111/><U46/><E10/><V94/><F62/><W103/><G125/><T51/><D71/><U61/><E54/><V121/><F121/><W90/><G90/><T38/><D5/><U107/><E107/><V135/><F17/><W27/><G27/><T110/><D110/><U67/><E67/><N who="0" m="25673" /><D19/><U100/><E46/><V6/><F6/><W70/><G70/><T102/><D102/><U30/><E100/><N who="2" m="60431" /><F94/><W60/><G60/><T11/><D11/><U72/><REACH who="1" step="1"/><E30/><REACH who="1" ten="244,269,170,307" step="2"/><V28/><F28/><W106/><G106/><T23/><D23/><U31/><E31/><V3/><F3/><W25/><G104/><T89/><D44/><U53/><E53/><V119/><F119/><W115/><G122/><T81/><D112/><U4/><E4/><V18/><F18/><W98/><G120/><RYUUKYOKU ba="0,1" sc="244,-15,269,15,170,15,307,-15" hai1="12,14,15,55,56,61,72,73,75,83,85,129,131" hai2="20,21,41,47,49,78,84,133,134,135" /><INIT seed="2,1,1,2,4,30" ten="229,284,185,292" oya="2" hai0="82,111,98,114,127,124,18,112,78,76,28,56,131" hai1="89,125,104,62,123,21,87,24,90,29,45,13,39" hai2="94,80,1,4,84,121,75,25,53,126,46,63,11" hai3="83,27,130,97,67,6,105,113,52,102,23,17,77"/><V85/><F121/><W33/><G67/><T133/><D18/><U95/><E104/><V31/><F75/><W40/><G40/><T12/><D28/><U58/><E123/><V110/><F126/><W3/><G130/><T109/><D12/><U48/><E39/><V43/><F110/><W50/><G113/><T66/><D56/><U34/><E125/><V68/><F94/><W54/><G33/><T88/><D66/><U32/><E13/><V8/><F8/><W129/><G129/><T86/><D131/><U44/><E90/><V92/><F92/><W59/><G54/><T115/><D133/><U116/><E116/><V69/><F85/><W15/><G3/><T36/><D36/><U57/><E57/><V134/><F134/><W135/><G135/><T103/><D127/><U64/><REACH who="1" step="1"/><E44/><REACH who="1" ten="229,274,185,292" step="2"/><V96/><F46/><W132/><G132/><T41/><D124/><U9/><E9/><V118/><F118/><W22/><G15/><T100/><D100/><U91/><E91/><V119/><F119/><W37/><G37/><T60/><D111/><U128/><E128/><V122/><F122/><W101/><G102/><T71/><D109/><U55/><AGARI ba="1,2" hai="21,24,29,32,34,45,48,55,58,62,64,87,89,95" machi="55" ten="20,8000,1" yaku="1,1,0,1,7,1,52,2,53,0" doraHai="30" doraHaiUra="2" who="1" fromWho="1" sc="229,-21,274,103,185,-41,292,-21" /><INIT seed="3,0,0,5,3,36" ten="208,377,144,271" oya="3" hai0="109,121,68,55,71,59,82,47,45,9,57,14,63" hai1="61,111,88,65,1,102,43,8,119,12,7,17,98" hai2="105,97,129,53,133,46,3,108,83,72,130,70,37" hai3="76,127,4,118,50,100,124,39,113,38,84,35,54"/><W80/><G118/><T95/><D121/><U25/><E119/><V92/><F105/><W21/><G113/><T15/><D109/><U131/><E131/><V30/><F108/><W99/><G35/><T34/><D34/><U16/><E111/><V85/><F72/><W120/><G120/><T13/><D9/><U23/><E43/><V112/><F112/><W134/><G4/><T26/><D26/><U132/><E132/><V116/><F116/><W19/><G134/><T81/><D95/><U28/><E102/><V107/><F133/><W122/><G122/><T66/><D55/><U74/><E74/><V77/><F70/><W11/><G11/><T58/><REACH who="0" step="1"/><D71/><REACH who="0" ten="198,377,144,271" step="2"/><U96/><E25/><V22/><F53/><W20/><G20/><T110/><D110/><U73/><E23/><V51/><F107/><W5/><G21/><T79/><D79/><U33/><E33/><V126/><F22/><W104/><G76/><T32/><D32/><U64/><E8/><V117/><F117/><W56/><G54/><T6/><D6/><U44/><E7/><V89/><F77/><W114/><G5/><T52/><D52/><U18/><E65/><V0/><F92/><W128/><G104/><T86/><D86/><U29/><E64/><V49/><F85/><W101/><G84/><T31/><D31/><U106/><E29/><V135/><F30/><W123/><G123/><T40/><D40/><U93/><E28/><V67/><F67/><W125/><G125/><T90/><D90/><U24/><E24/><V87/><F135/><W62/><G127/><T2/><D2/><RYUUKYOKU ba="0,1" sc="198,30,377,-10,144,-10,271,-10" hai0="13,14,15,45,47,57,58,59,63,66,68,81,82" /><INIT seed="4,1,1,0,2,33" ten="228,367,134,261" oya="0" hai0="134,120,48,94,19,25,6,113,55,73,97,100,65" hai1="24,103,23,107,61,128,49,29,96,84,126,44,118" hai2="108,50,37,93,62,85,35,43,110,123,28,67,18" hai3="3,117,12,92,66,115,5,130,101,99,74,2,10"/><T4/><D120/><U71/><E118/><V87/><F123/><W15/><G117/><T98/><D73/><U60/><E71/><V8/><F37/><W81/><G115/><T57/><D113/><U122/><E122/><V13/><F35/><W39/><G39/><T95/><D134/><U135/><E135/><V76/><F28/><W131/><G15/><T38/><D38/><U121/><E121/><V102/><F76/><N who="3" m="44183" /><G66/><T112/><D112/><U20/><E126/><V132/><F132/><W119/><G119/><T42/><D42/><U105/><E105/><V45/><F110/><W31/><G31/><T41/><D41/><U129/><E84/><V56/><REACH who="2" step="1"/><F108/><REACH who="2" ten="228,367,124,261" step="2"/><W125/><G125/><T40/><D40/><N who="1" m="24711" /><E20/><V36/><F36/><W22/><G22/><N who="0" m="13535" /><D65/><U91/><E129/><AGARI ba="1,2" hai="2,3,5,10,12,92,99,101,129,130,131" m="44183" machi="129" ten="30,3900,0" yaku="19,1,52,2" doraHai="33" who="3" fromWho="1" sc="228,0,367,-42,124,0,261,62" /><INIT seed="5,0,0,3,1,78" ten="228,325,124,323" oya="1" hai0="36,0,16,122,40,53,120,12,14,68,22,72,118" hai1="73,32,47,107,9,58,77,112,61,54,101,67,110" hai2="30,103,28,109,123,93,10,8,17,74,125,126,55" hai3="24,114,76,85,70,108,2,56,91,66,65,21,43"/><U46/><E110/><V116/><F109/><W97/><G2/><T89/><D68/><U98/><E32/><V94/><F123/><W38/><G70/><T92/><D118/><U63/><E112/><V42/><F116/><W87/><G114/><T80/><D0/><U15/><E73/><V100/><F74/><W45/><G97/><T90/><D53/><U95/><E107/><V135/><F135/><W130/><G76/><N who="0" m="44039" /><D12/><U18/><REACH who="1" step="1"/><E77/><REACH who="1" ten="228,315,124,323" step="2"/><V57/><F126/><W20/><G108/><T99/><D122/><U84/><E84/><V19/><F125/><W111/><G87/><T31/><D120/><U69/><AGARI ba="0,1" hai="9,15,18,46,47,54,58,61,63,67,69,95,98,101" machi="69" ten="20,3900,0" yaku="1,1,0,1,7,1,53,0" doraHai="78" doraHaiUra="33" who="1" fromWho="1" sc="228,-13,315,49,124,-13,323,-13" /><INIT seed="5,1,0,5,0,70" ten="215,364,111,310" oya="1" hai0="33,110,1,125,57,106,107,124,16,4,109,92,29" hai1="12,41,37,13,25,61,39,126,0,115,132,86,40" hai2="35,69,11,114,44,53,3,104,119,98,128,7,55" hai3="5,112,51,84,58,127,88,73,89,100,94,24,31"/><U62/><E0/><V105/><F119/><W8/><G73/><T19/><D57/><U48/><E25/><V113/><F69/><W49/><G127/><N who="0" m="48715" /><D92/><U97/><E126/><V122/><F122/><W130/><G130/><T17/><D106/><U79/><E97/><V75/><F35/><W102/><G112/><N who="2" m="43113" /><F75/><W45/><G89/><T71/><D107/><N who="2" m="41034" /><F128/><W21/><G58/><T81/><D81/><U23/><E115/><V66/><F66/><W32/><G32/><T72/><D72/><U91/><E79/><V52/><F98/><W87/><G84/><T47/><D47/><AGARI ba="1,0" hai="3,7,11,44,47,52,53,55" m="41034,43113" machi="47" ten="40,5200,0" yaku="15,1,11,1,54,1" doraHai="70" who="2" fromWho="0" sc="215,-55,364,0,111,55,310,0" /><INIT seed="6,0,0,4,2,59" ten="160,364,166,310" oya="2" hai0="91,62,64,123,66,58,69,100,65,113,26,121,85" hai1="8,36,83,82,115,120,21,77,135,23,76,13,79" hai2="97,111,93,14,86,81,131,124,16,130,45,126,30" hai3="103,55,94,73,70,89,33,0,105,24,96,87,68"/><V48/><F30/><W129/><G129/><N who="2" m="49161" /><F111/><W4/><G4/><T2/><D2/><U118/><E118/><V88/><F48/><W117/><G0/><T116/><D113/><U1/><E1/><V10/><F45/><W106/><G106/><T34/><D116/><U127/><E120/><V98/><F98/><W72/><G72/><T53/><D100/><AGARI ba="0,0" hai="10,14,16,81,86,88,93,97,100,124,126" m="49161" machi="100" ten="30,5800,0" yaku="19,1,54,2" doraHai="59" who="2" fromWho="0" sc="160,-58,364,0,166,58,310,0" /><INIT seed="6,1,0,3,5,1" ten="102,364,224,310" oya="2" hai0="105,4,36,58,34,102,16,19,85,109,93,72,50" hai1="80,90,134,135,21,52,71,101,122,76,2,133,37" hai2="20,123,132,42,82,47,114,107,26,88,104,84,32" hai3="87,44,81,69,99,10,17,103,77,33,12,40,79"/><V29/><F123/><W91/><G69/><T118/><D109/><U35/><E35/><V28/><F114/><W73/><G33/><T31/><D36/><U130/><E122/><V98/><F132/><W92/><G73/><T25/><D72/><U116/><E116/><V65/><F65/><W45/><G45/><T128/><D128/><U112/><E130/><V127/><F127/><W8/><G8/><T49/><D118/><U111/><E111/><V53/><F53/><W110/><G110/><T0/><D105/><U121/><E121/><V125/><F125/><W54/><G54/><T27/><D58/><U48/><E37/><AGARI ba="1,0" hai="10,12,17,37,40,44,77,79,81,87,91,92,99,103" machi="37" ten="30,1000,0" yaku="7,1" doraHai="1" who="3" fromWho="1" sc="102,0,364,-13,224,0,310,13" /><INIT seed="7,0,0,5,4,70" ten="102,351,224,323" oya="3" hai0="72,40,21,27,125,12,96,128,126,116,106,67,135" hai1="51,97,38,34,64,50,25,58,117,131,11,65,54" hai2="115,23,14,68,93,63,22,87,44,118,109,92,29" hai3="7,119,3,26,78,90,111,16,75,130,6,49,59"/><W100/><G119/><T86/><D67/><U99/><E131/><V73/><F118/><W95/><G130/><T30/><D116/><U61/><E117/><V5/><F109/><W113/><G113/><T85/><D128/><U132/><E132/><V122/><F73/><W133/><G133/><T89/><D135/><U32/><E11/><V121/><F115/><W10/><G6/><T79/><D12/><U1/><E1/><V35/><F35/><W107/><G111/><T18/><D30/><U2/><E2/><V56/><F68/><W103/><G107/><T46/><D72/><U124/><E124/><V94/><F44/><W8/><G78/><T19/><D79/><U37/><E25/><V66/><F87/><W80/><G80/><T28/><D106/><U84/><E84/><V0/><F0/><W134/><G75/><T53/><D53/><U108/><E54/><V74/><F74/><W60/><G49/><T62/><D62/><U9/><E61/><V33/><F33/><W76/><G76/><T24/><D96/><U123/><E108/><V101/><F101/><W110/><G110/><T43/><D46/><U41/><E9/><N who="3" m="3690" /><G7/><T20/><REACH who="0" step="1"/><D89/><REACH who="0" ten="92,351,224,323" step="2"/><U88/><E65/><V114/><F29/><W82/><G134/><T112/><D112/><U42/><E64/><V127/><F114/><W120/><G3/><T77/><D77/><U105/><E105/><V15/><F15/><W57/><G60/><T4/><D4/><U69/><E69/><V98/><F5/><W13/><G90/><T39/><D39/><U48/><E37/><V81/><F63/><RYUUKYOKU ba="0,1" sc="92,30,351,-10,224,-10,323,-10" hai0="18,19,20,21,24,27,28,40,43,85,86,125,126" owari="122,-38.0,351,46.0,214,-19.0,313,11.0" /></mjloggm>