<mjloggm ver="2.3"><GO type="169" lobby="0"/><UN n0="%E4%BF%9D%E7%99%92%E8%BA%AB" n1="%E3%81%9F%E3%81%8D%E3%81%8A%E3%82%93%40%53%49" n2="%E6%9D%8F%E9%9B%A8" n3="%E5%87%BA%E3%82%8B%E3%83%94%E3%82%A8%E3%83%AD" dan="17,16,16,16" rate="2233.85,2104.07,2091.77,2199.74" sx="M,M,F,M"/><TAIKYOKU oya="0"/><INIT seed="0,0,0,2,2,44" ten="250,250,250,250" oya="0" hai0="96,10,63,66,134,109,21,104,30,15,98,31,8" hai1="108,103,33,62,127,75,118,36,112,79,46,100,1" hai2="29,91,95,14,40,89,128,133,99,20,48,5,82" hai3="84,4,111,61,25,22,42,68,102,11,35,81,16"/><T83/><D134/><U34/><E118/><V90/><F133/><W105/><G42/><T73/><D109/><U41/><E108/><V12/><F128/><W69/><G111/><T53/><D10/><U101/><E127/><V28/><F5/><W76/><G35/><T38/><D38/><U115/><E1/><V130/><F130/><W0/><G105/><T2/><D2/><U77/><E62/><V122/><F122/><W74/><G102/><T7/><D104/><U17/><E17/><V23/><F23/><W27/><G27/><T58/><D21/><U132/><E132/><V135/><F135/><W94/><REACH who="3" step="1"/><G61/><REACH who="3" ten="250,250,250,240" step="2"/><T117/><D117/><U93/><E103/><V97/><F40/><W78/><G78/><T106/><D106/><U88/><E101/><V124/><F124/><W60/><G60/><T107/><D107/><U125/><E100/><V32/><F32/><N who="1" m="12393" /><E75/><V65/><F90/><AGARI ba="0,1" hai="0,4,11,16,22,25,68,69,74,76,81,84,90,94" machi="90" ten="40,2600,0" yaku="1,1,54,1,53,0" doraHai="44" doraHaiUra="92" who="3" fromWho="2" sc="250,0,250,0,250,-26,240,36" /><INIT seed="1,0,0,3,5,99" ten="250,250,224,276" oya="1" hai0="114,15,120,128,25,112,72,58,5,38,103,28,7" hai1="52,118,125,11,57,126,65,1,40,107,21,49,80" hai2="59,27,113,10,39,92,74,108,77,75,102,121,29" hai3="64,109,8,17,24,130,36,23,42,63,55,16,101"/><U124/><E118/><V54/><F121/><W93/><G109/><T6/><D38/><U119/><E119/><V3/><F39/><W87/><G130/><T71/><D71/><U97/><E80/><V43/><F43/><W100/><G42/><T82/><D58/><U90/><E21/><V106/><F108/><W45/><G36/><T20/><D72/><U131/><E131/><V115/><F106/><W26/><G64/><T73/><D128/><U104/><E1/><V88/><F10/><W85/><G85/><T61/><D61/><N who="1" m="38063" /><E11/><V70/><F3/><W60/><G45/><T51/><D120/><U91/><E40/><V76/><F70/><W41/><G41/><T123/><D123/><U111/><E111/><V4/><F4/><W33/><G33/><T95/><D82/><U31/><E31/><V48/><F74/><W32/><G32/><T133/><D73/><U132/><E132/><V122/><F122/><W13/><G26/><T18/><D133/><U94/><E91/><V105/><F75/><W53/><G63/><T12/><D114/><N who="2" m="43530" /><F76/><W86/><G60/><T81/><D81/><U35/><E35/><N who="2" m="20927" /><F77/><W79/><G87/><T30/><D112/><U78/><E78/><V89/><F105/><W2/><G2/><T19/><D30/><U68/><E68/><V110/><F110/><W22/><G8/><T69/><D69/><U34/><E34/><V129/><F129/><W44/><G79/><T135/><D135/><U37/><E37/><V117/><F117/><W84/><G86/><T14/><D51/><U66/><E66/><V134/><F134/><RYUUKYOKU ba="0,0" sc="250,10,250,10,224,10,276,-30" hai0="5,6,7,12,14,15,18,19,20,25,28,95,103" hai1="49,52,90,94,97,104,107,124,125,126" hai2="48,54,59,88,89,92,102" /><INIT seed="1,1,0,2,5,123" ten="260,260,234,246" oya="1" hai0="36,89,31,29,80,54,98,45,112,21,103,106,20" hai1="130,121,52,10,85,0,100,102,120,110,101,64,135" hai2="25,131,27,108,105,133,87,125,74,57,23,12,40" hai3="28,32,35,26,6,109,76,55,81,73,78,39,107"/><U90/><E130/><V92/><F105/><W128/><G128/><T48/><D112/><U132/><E64/><V113/><F74/><W38/><G78/><T19/><D36/><U53/><E0/><V2/><F2/><W9/><G55/><N who="1" m="21066" /><E10/><V42/><F131/><W56/><G56/><T14/><D29/><U83/><E110/><V58/><F113/><W37/><G35/><T3/><D3/><U127/><E127/><V129/><F129/><W17/><G17/><T86/><REACH who="0" step="1"/><D31/><REACH who="0" ten="250,260,234,246" step="2"/><U114/><E114/><V71/><F125/><W95/><G38/><T99/><D99/><U4/><E4/><V44/><F108/><W5/><G109/><T117/><D117/><U119/><E119/><V96/><F96/><W124/><G124/><T79/><D79/><U67/><E67/><V91/><F133/><AGARI ba="1,1" hai="83,85,90,100,101,102,120,121,132,133,135" m="21066" machi="133" ten="30,2900,0" yaku="20,1,54,1" doraHai="123" who="1" fromWho="2" sc="250,0,260,42,234,-32,246,0" /><INIT seed="1,2,0,4,5,3" ten="250,302,202,246" oya="1" hai0="15,122,12,63,54,47,94,98,96,16,48,131,79" hai1="13,66,55,106,42,105,56,118,89,6,5,67,37" hai2="130,121,101,24,43,36,46,74,100,78,22,93,104" hai3="69,86,4,85,65,123,125,11,115,87,31,120,18"/><U76/><E118/><V21/><F121/><W23/><G115/><T64/><D122/><U0/><E0/><V27/><F104/><W128/><G31/><T10/><D131/><U113/><E113/><V116/><F116/><W14/><G128/><T109/><D109/><U92/><E105/><V132/><F130/><W82/><G125/><T114/><D114/><U90/><E106/><V108/><F108/><W19/><G19/><T68/><D79/><U32/><E32/><V135/><F78/><W9/><G9/><T71/><D71/><U127/><E127/><V117/><F74/><W99/><G99/><T58/><D94/><U133/><E133/><N who="2" m="51275" /><F117/><W57/><G69/><T62/><REACH who="0" step="1"/><D15/><REACH who="0" ten="240,302,202,246" step="2"/><U51/><E76/><V88/><F27/><W49/><G123/><T60/><D60/><U20/><E92/><V59/><F24/><W30/><G120/><T17/><D17/><N who="1" m="10287" /><E37/><V134/><F134/><W33/><G30/><T75/><D75/><U34/><E34/><V84/><F101/><W2/><G33/><T72/><D72/><U110/><E110/><V97/><F100/><W102/><G102/><T45/><D45/><N who="1" m="26039" /><E90/><V119/><F119/><W29/><G29/><T25/><D25/><U39/><E39/><V80/><F93/><W28/><G28/><T41/><AGARI ba="2,1" hai="10,12,16,41,47,48,54,58,62,63,64,68,96,98" machi="41" ten="20,5200,0" yaku="1,1,0,1,7,1,54,1,53,0" doraHai="3" doraHaiUra="70" who="0" fromWho="0" sc="240,68,302,-28,202,-15,246,-15" /><INIT seed="2,0,0,3,0,69" ten="308,274,187,231" oya="2" hai0="2,64,128,81,55,123,37,96,54,33,135,117,118" hai1="20,27,80,22,36,94,35,87,46,90,98,114,5" hai2="16,18,17,24,106,45,105,68,113,74,40,65,13" hai3="58,26,115,85,0,107,28,63,82,52,29,104,6"/><V66/><F113/><W43/><G29/><T109/><D96/><U126/><E114/><V1/><F1/><W49/><G6/><T103/><D81/><U83/><E126/><V56/><F68/><W133/><G133/><T130/><D103/><U79/><E5/><V75/><F75/><W84/><G84/><T78/><D78/><U127/><E127/><V116/><F74/><W30/><G30/><T72/><D64/><U119/><E119/><V112/><F112/><W89/><G0/><T39/><D72/><U25/><E35/><V93/><F116/><N who="0" m="44650" /><D2/><U122/><E122/><V92/><F105/><W21/><G115/><T4/><D4/><U108/><E108/><V47/><F106/><W120/><G120/><T12/><D123/><U11/><E11/><V19/><F24/><W32/><G32/><T50/><D33/><U31/><E83/><V7/><F7/><W131/><G131/><N who="0" m="50219" /><D12/><U61/><E98/><V95/><F56/><W10/><REACH who="3" step="1"/><G10/><REACH who="3" ten="308,274,187,221" step="2"/><T48/><D135/><U62/><E87/><V44/><F40/><W67/><G67/><T100/><D109/><U59/><E31/><V41/><F41/><W71/><G71/><T124/><D124/><U73/><E73/><V91/><REACH who="2" step="1"/><F91/><REACH who="2" ten="308,274,177,221" step="2"/><W70/><G70/><T77/><D77/><U121/><E90/><V76/><F76/><W14/><G14/><T57/><D100/><U15/><E79/><V60/><F60/><W97/><G97/><T8/><D8/><AGARI ba="0,2" hai="8,13,16,17,18,19,44,45,47,65,66,92,93,95" machi="8" ten="50,24000,3" yaku="1,1,29,2,8,1,54,1,53,3" doraHai="69" doraHaiUra="88" who="2" fromWho="0" sc="308,-240,274,0,177,260,221,0" /><INIT seed="2,1,0,5,3,55" ten="68,274,437,221" oya="2" hai0="60,31,80,61,100,24,62,28,51,42,34,30,15" hai1="11,53,73,94,50,129,57,41,79,82,26,88,116" hai2="130,90,58,105,132,69,59,127,3,123,74,5,118" hai3="44,128,17,91,83,32,72,89,87,108,107,21,113"/><V97/><RYUUKYOKU type="yao9" ba="1,0" sc="68,0,274,0,437,0,221,0" hai2="3,5,58,59,69,74,90,97,105,118,123,127,130,132" /><INIT seed="2,2,0,5,5,83" ten="68,274,437,221" oya="2" hai0="56,110,61,18,20,25,77,79,119,78,109,76,135" hai1="115,50,17,13,43,132,120,63,106,33,134,58,44" hai2="107,103,62,41,108,6,3,19,95,38,69,0,60" hai3="98,122,116,28,32,84,88,104,55,124,51,49,21"/><V34/><F34/><W68/><G68/><T113/><D113/><U133/><E106/><V59/><F69/><W90/><G32/><T12/><D135/><U31/><E115/><V92/><F107/><W125/><G122/><T91/><N who="0" m="19456" /><DORA hai="53" /><T82/><D119/><U70/><E70/><V89/><F103/><W14/><G116/><T100/><D100/><U127/><E127/><N who="3" m="48714" /><G104/><T47/><D47/><U42/><E120/><V52/><F108/><W117/><G117/><T48/><D48/><U24/><E43/><V114/><F114/><W80/><G51/><T27/><D82/><U105/><E105/><V130/><F130/><W65/><G65/><T81/><D81/><U121/><E121/><V9/><F0/><W26/><G14/><T1/><D1/><U2/><E2/><V40/><F38/><W87/><G98/><T74/><D74/><U23/><E63/><V11/><F62/><W39/><G39/><T86/><D110/><U15/><E15/><V8/><F3/><W72/><G72/><T66/><REACH who="0" step="1"/><D109/><REACH who="0" ten="58,274,437,221" step="2"/><U57/><AGARI ba="2,1" hai="13,17,23,24,31,33,42,44,50,57,58,132,133,134" machi="57" ten="40,8000,1" yaku="0,1,20,1,52,2" doraHai="83,53" who="1" fromWho="1" sc="58,-22,274,96,437,-42,221,-22" /><INIT seed="3,0,0,2,3,13" ten="36,370,395,199" oya="3" hai0="40,121,7,88,8,45,44,65,2,77,54,48,36" hai1="90,33,130,25,125,30,70,87,108,61,5,79,11" hai2="82,122,100,99,75,0,50,34,52,57,118,80,123" hai3="135,63,3,60,114,104,116,4,85,28,69,31,56"/><W120/><G69/><T109/><D109/><U22/><E108/><V41/><F118/><W67/><G104/><T66/><D121/><N who="2" m="46090" /><F34/><W37/><G37/><T103/><D103/><U59/><E125/><V29/><F0/><W91/><G114/><T113/><D113/><U64/><E130/><V15/><F29/><W84/><G135/><T124/><D124/><U49/><E79/><V38/><F75/><W12/><G3/><T24/><D24/><U101/><E101/><V32/><F32/><W27/><G63/><T132/><D132/><U111/><E111/><V128/><F128/><W47/><G116/><T1/><D1/><U16/><E49/><V68/><F68/><W14/><G47/><T94/><REACH who="0" step="1"/><D77/><REACH who="0" ten="26,370,395,199" step="2"/><U102/><E102/><V78/><F78/><W10/><G120/><T89/><D89/><U92/><E70/><V55/><F100/><W74/><G91/><T115/><D115/><U127/><E127/><V126/><F126/><W72/><G14/><T19/><D19/><U21/><E16/><V98/><F15/><AGARI ba="0,1" hai="5,11,15,21,22,25,30,33,59,61,64,87,90,92" machi="15" ten="30,1000,0" yaku="7,1" doraHai="13" who="1" fromWho="2" sc="26,0,370,20,395,-10,199,0" /><INIT seed="4,0,0,1,5,94" ten="26,390,385,199" oya="0" hai0="122,34,25,74,35,112,45,99,100,62,31,102,93" hai1="132,37,33,9,52,56,36,97,104,0,68,22,1" hai2="91,8,65,135,125,48,107,58,120,82,79,53,15" hai3="4,95,129,61,114,78,18,7,119,117,101,105,121"/><T75/><D122/><U66/><E33/><V69/><F120/><W90/><G78/><T133/><D112/><U123/><E123/><V43/><F107/><W28/><G28/><T6/><D133/><U49/><E132/><V108/><F108/><W71/><G101/><T64/><D35/><U134/><E134/><V77/><F135/><W11/><G105/><T86/><D6/><U72/><E72/><V10/><F125/><W57/><G71/><T19/><D100/><U40/><E104/><V29/><F29/><W113/><G129/><T47/><D86/><U106/><E106/><V17/><F43/><W38/><G38/><T2/><D2/><U109/><E97/><V13/><F69/><W89/><G89/><T30/><D30/><U115/><E109/><V103/><F103/><W60/><G60/><T87/><D19/><U96/><E96/><V83/><F65/><W32/><G18/><T130/><D87/><U127/><E127/><V24/><F24/><W73/><G32/><T85/><D85/><U118/><E118/><V116/><F116/><W41/><G41/><T44/><REACH who="0" step="1"/><D130/><REACH who="0" ten="16,390,385,199" step="2"/><U76/><E0/><V55/><F91/><W16/><G119/><T59/><AGARI ba="0,1" hai="25,31,34,44,45,47,59,62,64,74,75,93,99,102" machi="59" ten="30,11700,0" yaku="1,1,2,1,0,1,52,1,53,0" doraHai="94" doraHaiUra="131" who="0" fromWho="0" sc="16,127,390,-39,385,-39,199,-39" /><INIT seed="4,1,0,1,5,59" ten="143,351,346,160" oya="0" hai0="79,23,119,21,3,72,40,83,69,20,76,24,86" hai1="117,111,16,116,36,35,103,27,87,131,2,107,25" hai2="56,68,112,132,42,97,101,32,82,43,129,96,127" hai3="54,120,17,50,128,60,29,18,95,28,130,125,75"/><T108/><D119/><U37/><E2/><V88/><F68/><W85/><G75/><T4/><D108/><U53/><E111/><V74/><F32/><W15/><G120/><T33/><D69/><U5/><E5/><V134/><F112/><W118/><G118/><T89/><D3/><U0/><E0/><V22/><F129/><W99/><G85/><T70/><D4/><U110/><E131/><N who="3" m="50218" /><G125/><T1/><D1/><U12/><E110/><V49/><F127/><W66/><G18/><T77/><D70/><U10/><E87/><N who="2" m="50295" /><F74/><W104/><G104/><T63/><D40/><U92/><E107/><V122/><F122/><W105/><G105/><T61/><REACH who="0" step="1"/><D72/><REACH who="0" ten="133,351,346,160" step="2"/><U93/><E116/><V6/><F6/><W9/><G29/><AGARI ba="1,1" hai="20,21,23,24,29,33,61,63,76,77,79,83,86,89" machi="29" ten="40,12000,1" yaku="1,1,2,1,52,2,53,0" doraHai="59" doraHaiUra="11" who="0" fromWho="3" sc="133,133,351,0,346,0,160,-123" /><INIT seed="4,2,0,1,0,105" ten="266,351,346,37" oya="0" hai0="79,38,132,23,118,61,112,129,52,69,135,11,41" hai1="30,6,21,93,107,125,73,22,5,116,26,62,55" hai2="103,101,100,48,24,43,128,53,115,117,40,33,51" hai3="87,104,39,90,67,36,10,19,25,65,72,7,32"/><T131/><D23/><U86/><E107/><V106/><F106/><W57/><G104/><T83/><D11/><U134/><E134/><N who="0" m="51241" /><D118/><U28/><E73/><V122/><F122/><W29/><G19/><T85/><D69/><U130/><E130/><N who="0" m="49673" /><D112/><U34/><E86/><V3/><F128/><W76/><G76/><T49/><D61/><U1/><E93/><V96/><F3/><W102/><G67/><T18/><D18/><U14/><E55/><V13/><F115/><W70/><G70/><T17/><D17/><N who="1" m="10423" /><E62/><V94/><F117/><W35/><G57/><N who="0" m="32911" /><D41/><N who="2" m="15946" /><F33/><W27/><G65/><T97/><D97/><U8/><E116/><V133/><F133/><W75/><G35/><T108/><D108/><U44/><E6/><V111/><F111/><W98/><G27/><T84/><D38/><U88/><E34/><V42/><F24/><W58/><G58/><T120/><D120/><U37/><E37/><N who="3" m="14410" /><G90/><T126/><D126/><U110/><E88/><N who="2" m="55367" /><F42/><W31/><G87/><T54/><D54/><U68/><E125/><V77/><F77/><W99/><G99/><T59/><D59/><U74/><E68/><V47/><F51/><W56/><G56/><T80/><D80/><U50/><E50/><V89/><F89/><W64/><G64/><T91/><D91/><U0/><E26/><V127/><F127/><W92/><G31/><T81/><D81/><U16/><E28/><V66/><F66/><W71/><G71/><T124/><D124/><U20/><E30/><V63/><F63/><W46/><G46/><T4/><D4/><U12/><E44/><V82/><F82/><RYUUKYOKU ba="2,0" sc="266,10,351,-30,346,10,37,10" hai0="79,83,84,85" hai2="13,47,48,53,100,101,103" hai3="7,10,25,29,32,72,75,92,98,102" /><INIT seed="4,3,0,3,4,37" ten="276,321,356,47" oya="0" hai0="100,75,28,53,32,103,43,13,132,48,98,35,82" hai1="27,88,23,90,30,10,79,121,105,130,134,49,65" hai2="122,135,38,101,115,59,62,41,87,91,56,17,14" hai3="99,107,0,5,36,117,4,92,118,133,60,89,124"/><T57/><D132/><U46/><E121/><V119/><F122/><W110/><G133/><T72/><D103/><U69/><E134/><V126/><F135/><W108/><G107/><T34/><D28/><U11/><E130/><V63/><F101/><W55/><G36/><T7/><D82/><U93/><E105/><V47/><F115/><W81/><G81/><T85/><D85/><U52/><E79/><V61/><F126/><W40/><G0/><T74/><D7/><U6/><E6/><V39/><F39/><W64/><G55/><T86/><D86/><U19/><E69/><V20/><REACH who="2" step="1"/><F119/><REACH who="2" ten="276,321,346,47" step="2"/><W77/><G124/><T8/><D43/><U109/><E109/><V25/><F25/><W106/><G40/><T45/><D45/><U97/><E65/><V95/><AGARI ba="3,1" hai="14,17,20,38,41,47,56,59,61,62,63,87,91,95" machi="95" ten="30,4000,0" yaku="1,1,0,1,52,1,53,0" doraHai="37" doraHaiUra="29" who="2" fromWho="2" sc="276,-23,321,-13,346,59,47,-13" /><INIT seed="5,0,0,4,1,38" ten="253,308,405,34" oya="1" hai0="12,71,100,24,7,62,8,99,61,46,130,116,78" hai1="83,60,86,90,35,89,66,92,93,25,19,16,39" hai2="13,9,41,27,125,45,132,57,33,128,64,119,28" hai3="22,77,88,127,69,54,74,126,52,20,44,49,21"/><U117/><E117/><V42/><F119/><W67/><G77/><T76/><D116/><U114/><E114/><V17/><F128/><W113/><G74/><T34/><D130/><U51/><E39/><V95/><F132/><W121/><G113/><T63/><D71/><U4/><E4/><V101/><F125/><N who="3" m="47627" /><G121/><T32/><D46/><U11/><E11/><V48/><F64/><W124/><N who="3" m="47635" /><W120/><DORA hai="118" /><G120/><T106/><REACH who="0" step="1"/><D24/><REACH who="0" ten="243,308,405,34" step="2"/><U98/><E83/><V5/><F45/><W10/><G69/><T6/><D6/><U68/><REACH who="1" step="1"/><E51/><REACH who="1" ten="243,298,405,34" step="2"/><V23/><F48/><W14/><G49/><T30/><D30/><AGARI ba="0,2" hai="16,19,25,30,35,60,66,68,86,89,90,92,93,98" machi="30" ten="40,12000,1" yaku="1,1,2,1,54,1,53,1" doraHai="38,118" doraHaiUra="58,50" who="1" fromWho="0" sc="243,-120,298,140,405,0,34,0" /><INIT seed="5,1,0,4,5,99" ten="123,438,405,34" oya="1" hai0="20,84,128,15,70,31,69,58,120,38,34,132,24" hai1="101,124,6,17,43,65,107,135,79,126,1,109,82" hai2="68,16,119,111,63,116,112,67,104,59,62,54,133" hai3="2,50,77,22,72,131,100,127,0,61,85,4,26"/><U12/><E109/><V57/><F104/><W103/><G72/><T134/><D38/><U37/><E135/><N who="0" m="51753" /><D128/><U60/><E12/><V102/><F133/><W64/><G2/><T53/><D120/><U87/><E17/><V7/><F7/><W19/><G131/><T114/><D114/><U108/><E108/><V122/><F102/><N who="3" m="38955" /><G0/><T41/><D41/><U48/><E48/><N who="2" m="30919" /><F16/><N who="3" m="12615" /><G127/><T76/><D15/><U81/><E101/><V129/><F111/><W55/><G4/><T93/><D34/><U91/><E107/><V47/><F129/><W36/><G36/><T49/><D93/><U105/><E105/><V130/><F130/><W106/><G106/><T25/><D25/><U46/><E6/><V121/><F112/><W74/><G74/><T89/><D89/><U18/><E1/><V39/><F121/><W52/><G19/><T28/><D28/><U118/><E18/><V44/><F122/><W27/><G27/><T35/><D35/><U73/><E118/><N who="2" m="45099" /><F39/><W23/><G23/><T11/><D11/><U66/><E126/><V113/><F113/><W117/><G117/><T83/><AGARI ba="1,0" hai="20,24,31,49,53,58,69,70,76,83,84" m="51753" machi="83" ten="30,1100,0" yaku="20,1" doraHai="99" who="0" fromWho="0" sc="123,14,438,-6,405,-4,34,-4" /><INIT seed="6,0,0,0,5,73" ten="137,432,401,30" oya="2" hai0="80,92,27,57,49,79,125,5,51,32,41,15,17" hai1="3,70,93,133,85,14,103,26,75,121,64,69,42" hai2="36,114,43,62,55,63,45,23,11,4,18,98,50" hai3="20,10,22,29,72,2,46,66,95,109,12,116,122"/><V112/><F98/><W58/><G72/><T120/><D120/><U124/><E14/><V61/><F23/><W82/><G2/><T53/><D125/><U54/><E54/><V84/><F18/><W108/><G116/><T119/><D119/><U44/><E133/><V129/><F84/><W28/><G122/><T60/><D41/><U86/><E86/><V83/><F83/><W34/><G34/><T47/><D47/><U56/><E75/><V127/><F127/><W81/><G46/><T30/><D92/><U132/><E132/><V115/><F129/><W74/><G74/><T38/><D38/><U94/><E26/><V9/><REACH who="2" step="1"/><F4/><REACH who="2" ten="137,432,391,30" step="2"/><W21/><G109/><T13/><D5/><U99/><E124/><V134/><F134/><W77/><G108/><T65/><D17/><U102/><E85/><V16/><F16/><N who="3" m="8215" /><G95/><T91/><D32/><U52/><E94/><V96/><F96/><W135/><G135/><T6/><D6/><U87/><E87/><V113/><N who="2" m="28672" /><DORA hai="78" /><V110/><F110/><W33/><G33/><T106/><D80/><N who="3" m="30825" /><G77/><T76/><D79/><U71/><E93/><V105/><F105/><W24/><G24/><T107/><D76/><U97/><E121/><V48/><F48/><N who="0" m="18506" /><D107/><U37/><E37/><V35/><F35/><W7/><G7/><T67/><D106/><U68/><E97/><V128/><F128/><W104/><G104/><T126/><D126/><U88/><E99/><V25/><F25/><W31/><G20/><N who="0" m="15719" /><D91/><U100/><E88/><V1/><F1/><W8/><G8/><T59/><D13/><U131/><E3/><RYUUKYOKU ba="0,1" sc="137,-15,432,-15,391,15,30,15" hai2="9,11,36,43,45,50,55,61,62,63" hai3="21,22,28,29,31,58,66" /><INIT seed="6,1,1,2,2,134" ten="122,417,406,45" oya="2" hai0="135,7,48,38,112,54,76,71,52,25,19,45,60" hai1="109,20,64,42,14,97,80,129,91,111,6,69,107" hai2="120,9,96,72,70,43,50,63,13,126,119,104,118" hai3="56,106,28,105,121,31,133,61,57,34,90,116,24"/><V23/><F120/><W53/><G133/><T37/><D135/><U55/><E129/><V2/><F72/><W73/><G73/><T125/><D7/><U39/><E39/><N who="0" m="14857" /><D19/><U93/><E42/><V10/><F2/><W122/><G31/><T77/><D25/><U4/><E55/><V99/><F23/><W85/><G116/><T49/><D77/><U44/><E44/><V94/><F104/><W98/><G98/><T87/><D76/><U15/><E64/><V117/><F117/><W36/><G36/><T79/><D79/><U12/><E69/><V131/><F43/><W46/><G46/><N who="0" m="27671" /><D87/><U16/><E107/><V21/><F50/><W108/><G108/><T83/><D83/><U27/><E80/><V0/><F21/><W95/><G106/><T128/><D128/><U26/><E26/><V115/><F131/><W78/><G78/><T67/><D125/><U82/><E82/><V51/><F51/><W1/><G105/><T68/><D112/><U33/><E33/><V8/><F8/><W81/><G1/><T127/><D127/><U113/><E111/><V89/><F0/><W22/><G81/><T18/><D18/><U58/><E109/><V62/><F126/><W32/><REACH who="3" step="1"/><G57/><AGARI ba="1,1" hai="45,49,54,57,60,67,68,71" m="27671,14857" machi="57" ten="30,12000,2" yaku="35,5,54,1" doraHai="134" who="0" fromWho="3" sc="122,133,417,0,406,0,45,-123" owari="255,-14.0,417,51.0,406,21.0,-78,-58.0" /></mjloggm>