<mjloggm ver="2.3"><GO type="169" lobby="0"/><UN n0="%E3%83%8F%E3%82%B9%E5%A4%AA" n1="%48%49%59%4F%4D%59" n2="%E8%A3%8F%E3%83%89%E3%83%A9%E3%81%AF%E6%81%8B%E4%BA%BA" n3="%33%6E%6F%6D%79%5F%64%73" dan="17,16,16,17" rate="2220.07,2076.28,2132.10,2163.03" sx="M,F,F,M"/><TAIKYOKU oya="0"/><INIT seed="0,0,0,1,4,134" ten="250,250,250,250" oya="0" hai0="131,126,31,50,0,27,67,4,102,111,95,101,16" hai1="114,15,132,124,5,55,75,42,36,107,127,65,61" hai2="105,135,12,90,116,62,99,13,7,71,118,59,47" hai3="68,28,81,94,109,52,9,49,23,8,30,39,57"/><T69/><D131/><U125/><E132/><V83/><F135/><W88/><G39/><T63/><D111/><U35/><E75/><V89/><F71/><W77/><G68/><T84/><D0/><U26/><E107/><V25/><F47/><W48/><G109/><T6/><D50/><U21/><E35/><V117/><F25/><W82/><G48/><T129/><D129/><U60/><E114/><V24/><F24/><W104/><G104/><T128/><D128/><U79/><E79/><V11/><F13/><W10/><G23/><T119/><D119/><U32/><E55/><N who="2" m="34175" /><F83/><N who="3" m="31755" /><G77/><T70/><D70/><U80/><E80/><V41/><F41/><W58/><G58/><T91/><D6/><U106/><E106/><V38/><F38/><W93/><G93/><T34/><D16/><N who="1" m="10399" /><E65/><V14/><F14/><W43/><G43/><T103/><REACH who="0" step="1"/><D4/><REACH who="0" ten="240,250,250,250" step="2"/><U100/><E5/><V76/><F76/><W2/><G2/><T112/><D112/><U121/><E121/><V29/><F29/><W51/><G51/><T54/><D54/><U92/><E36/><V19/><F7/><W86/><AGARI ba="0,1" hai="8,9,10,28,30,49,52,57,86,88,94" m="31755" machi="86" ten="30,4000,0" yaku="8,1,54,2" doraHai="134" who="3" fromWho="3" sc="240,-20,250,-10,250,-10,250,50" /><INIT seed="1,0,0,1,1,99" ten="220,240,240,300" oya="1" hai0="18,56,21,10,70,67,126,35,80,14,60,105,101" hai1="46,40,33,134,1,72,117,63,100,106,64,61,42" hai2="91,94,85,129,108,17,116,115,112,130,74,59,36" hai3="89,86,8,38,128,50,133,20,5,3,93,13,104"/><U7/><E117/><V111/><F36/><W22/><G38/><T75/><D126/><U45/><E134/><V34/><F34/><W107/><G128/><N who="2" m="49257" /><F17/><W6/><G133/><T55/><D35/><U78/><E33/><V73/><F116/><W125/><G125/><T4/><D80/><U110/><E110/><N who="2" m="42027" /><F59/><W131/><G131/><T57/><D75/><AGARI ba="0,0" hai="73,74,75,85,91,94,112,115" m="42027,49257" machi="75" ten="40,8000,1" yaku="19,1,14,1,34,2" doraHai="99" who="2" fromWho="0" sc="220,-80,240,0,240,80,300,0" /><INIT seed="2,0,0,5,1,64" ten="140,240,320,300" oya="2" hai0="71,77,48,73,124,85,8,88,39,114,93,76,31" hai1="100,60,132,112,92,6,47,69,84,10,82,96,103" hai2="133,65,135,17,27,51,120,23,61,98,5,66,102" hai3="116,32,29,129,15,123,111,105,72,79,110,4,117"/><V78/><F120/><W26/><G105/><T104/><D114/><U14/><E132/><V19/><F78/><W87/><G87/><T113/><D113/><U131/><E131/><V68/><F5/><W2/><G79/><T3/><D39/><U130/><E130/><V1/><F1/><W122/><G72/><T13/><D124/><U58/><E112/><V28/><F65/><W63/><G15/><T43/><D3/><U119/><E119/><N who="3" m="45642" /><G63/><T45/><D104/><U57/><E47/><V109/><F109/><N who="3" m="41483" /><G129/><T49/><D31/><U91/><E58/><V20/><F28/><W89/><G89/><T56/><D76/><U126/><E126/><V7/><F7/><W59/><G59/><T24/><D24/><U101/><REACH who="1" step="1"/><E69/><REACH who="1" ten="140,230,320,300" step="2"/><V0/><F133/><W41/><G41/><T121/><D71/><U115/><E115/><V81/><F135/><W95/><G95/><T83/><D121/><U18/><E18/><V99/><F17/><W36/><G36/><T94/><D93/><U75/><E75/><V106/><F68/><W53/><G53/><AGARI ba="0,1" hai="6,10,14,53,57,60,82,84,91,92,96,100,101,103" machi="53" ten="30,7700,0" yaku="1,1,7,1,8,1,53,1" doraHai="64" doraHaiUra="11" who="1" fromWho="3" sc="140,0,230,87,320,0,300,-77" /><INIT seed="3,0,0,0,5,38" ten="140,317,320,223" oya="3" hai0="60,127,135,97,40,37,131,104,99,122,126,82,51" hai1="31,114,6,94,50,64,110,76,5,70,2,73,52" hai2="27,45,111,35,42,57,61,13,102,96,63,91,125" hai3="105,23,43,117,92,34,11,28,0,74,80,58,65"/><W49/><G105/><T66/><D104/><U128/><E114/><V83/><F111/><W14/><G117/><T8/><D8/><U100/><E110/><V79/><F91/><W86/><G0/><T75/><D75/><U108/><E108/><V3/><F3/><W20/><G74/><T24/><D24/><U15/><E128/><V18/><F27/><W116/><G116/><T22/><D22/><U84/><E73/><V77/><F35/><W134/><G134/><T81/><D37/><U17/><E64/><V78/><F83/><W59/><G34/><T101/><D122/><U88/><E70/><V54/><F125/><W112/><G112/><T113/><D113/><U26/><E100/><V1/><F63/><W67/><G92/><T103/><D60/><U132/><E76/><V48/><F1/><W98/><G98/><T7/><D66/><N who="3" m="25097" /><G58/><T123/><D123/><U41/><E132/><V30/><F30/><W9/><G9/><T29/><D135/><U56/><E2/><V69/><F69/><W32/><G32/><T129/><D29/><U25/><E5/><V106/><F78/><N who="3" m="46359" /><G59/><T53/><D7/><U90/><E6/><V55/><F54/><W95/><G95/><T4/><D4/><U44/><E31/><V47/><F47/><N who="3" m="25855" /><G28/><T87/><D53/><U89/><E94/><V39/><F61/><W118/><G118/><T93/><D93/><U16/><E84/><V115/><F115/><W62/><G62/><T133/><D133/><U33/><E33/><V46/><F46/><W36/><G36/><T10/><D87/><U119/><E119/><RYUUKYOKU ba="0,0" sc="140,-15,317,-15,320,15,223,15" hai2="13,18,39,42,45,48,55,57,77,79,96,102,106" hai3="11,14,20,23" /><INIT seed="3,1,0,3,1,82" ten="125,302,335,238" oya="3" hai0="66,124,105,22,45,48,36,1,30,64,44,90,91" hai1="29,61,131,122,56,62,76,10,0,132,78,50,18" hai2="25,33,87,73,69,108,103,8,86,40,20,113,58" hai3="53,41,84,92,67,63,125,57,13,38,126,89,39"/><W9/><G67/><T129/><D105/><U135/><E122/><V106/><F113/><W111/><G111/><T80/><D1/><U4/><E131/><V65/><F73/><W42/><G42/><T19/><D129/><U115/><E115/><V23/><F8/><W93/><G93/><T114/><D114/><U130/><E130/><V121/><F58/><W51/><G63/><T68/><D124/><U60/><E29/><N who="2" m="19631" /><F40/><W134/><G134/><N who="1" m="51242" /><E18/><V26/><F26/><W88/><G89/><T46/><D68/><U34/><E34/><V21/><F121/><W2/><G2/><T3/><D3/><U97/><E97/><N who="2" m="61807" /><F108/><W31/><G31/><T95/><D36/><U52/><AGARI ba="1,0" hai="0,4,10,50,52,56,60,61,62,76,78" m="51242" machi="52" ten="40,2700,0" yaku="20,1,54,1" doraHai="82" who="1" fromWho="1" sc="125,-8,302,30,335,-8,238,-14" /><INIT seed="4,0,0,5,2,41" ten="117,332,327,224" oya="0" hai0="63,77,93,33,101,18,43,116,58,132,69,98,71" hai1="134,82,97,110,130,26,39,47,10,86,17,24,78" hai2="9,80,59,61,48,94,123,31,42,95,92,113,102" hai3="127,40,62,85,20,111,44,83,103,131,30,76,65"/><T45/><D116/><U14/><E110/><V7/><F123/><W4/><G131/><T105/><D132/><U54/><E130/><V135/><F113/><W100/><G127/><T90/><D33/><U52/><E134/><V50/><F31/><W35/><G35/><T3/><D3/><U126/><E126/><V72/><F102/><W8/><G111/><T91/><D77/><U66/><E66/><V46/><F135/><W25/><G62/><T129/><D129/><U117/><E117/><V74/><F50/><W28/><G28/><T121/><D121/><U49/><E39/><V2/><REACH who="2" step="1"/><F80/><REACH who="2" ten="117,332,317,224" step="2"/><W37/><REACH who="3" step="1"/><G65/><AGARI ba="0,1" hai="2,7,9,42,46,48,59,61,65,72,74,92,94,95" machi="65" ten="40,5200,0" yaku="1,1,2,1,52,1,53,0" doraHai="41" doraHaiUra="22" who="2" fromWho="3" sc="117,0,332,0,317,62,224,-52" /><INIT seed="5,0,0,5,5,78" ten="117,332,379,172" oya="1" hai0="127,75,7,98,105,119,54,25,109,61,99,69,70" hai1="122,8,3,27,79,16,107,13,52,103,33,85,68" hai2="88,126,71,36,22,133,76,124,20,62,80,65,91" hai3="92,63,4,55,95,83,0,44,100,6,41,14,60"/><U37/><E122/><V73/><F133/><W101/><G0/><T115/><D119/><U17/><E37/><V74/><F74/><W12/><G41/><T19/><D109/><U24/><E68/><V28/><F36/><W10/><G44/><T11/><D115/><U15/><E3/><V45/><F45/><W64/><G64/><T94/><D127/><N who="2" m="48682" /><F28/><W40/><G40/><T30/><D19/><U57/><E107/><V125/><F125/><W48/><G48/><T31/><D75/><U46/><E46/><V50/><F50/><W121/><G121/><T39/><D39/><U135/><E103/><V47/><F47/><W53/><REACH who="3" step="1"/><G10/><REACH who="3" ten="117,332,379,162" step="2"/><T42/><D42/><U114/><E135/><V38/><F38/><W93/><G93/><T82/><D94/><U111/><E111/><V18/><F65/><W87/><G87/><T2/><D105/><U43/><E43/><V120/><F120/><W128/><G128/><T67/><D69/><U106/><E106/><V51/><F71/><W59/><G59/><T58/><D82/><AGARI ba="0,1" hai="4,6,12,14,53,55,60,63,82,83,92,95,100,101" machi="82" ten="25,16000,3" yaku="1,1,22,2,8,1,52,2,53,2" doraHai="78" doraHaiUra="9" who="3" fromWho="0" sc="117,-160,332,0,379,0,162,170" owari="-43,-54.0,332,13.0,379,48.0,332,-7.0" /></mjloggm>