<mjloggm ver="2.3"><GO type="169" lobby="0"/><UN n0="%E3%83%97%E3%83%AC%E3%82%B9%E3%83%97" n1="%E6%84%9B%E5%AE%95%E6%B4%8B%E6%A6%8E%E2%98%85" n2="%E9%A2%A8%E6%B4%A5%E9%81%93" n3="%E9%AE%AD%E8%8C%B6%E6%BC%AC%E3%81%91" dan="17,16,16,16" rate="2181.55,2151.29,2094.38,2065.27" sx="M,F,M,M"/><TAIKYOKU oya="0"/><INIT seed="0,0,0,5,0,22" ten="250,250,250,250" oya="0" hai0="125,28,15,104,70,90,120,75,30,102,59,34,89" hai1="1,64,2,103,8,67,119,55,97,41,105,118,109" hai2="60,20,130,92,74,87,16,19,83,71,54,7,69" hai3="27,46,33,65,25,112,57,91,85,98,56,84,36"/><T32/><D120/><U5/><E2/><V121/><F121/><W11/><G33/><T4/><D75/><U113/><E109/><V110/><F130/><W111/><G112/><T107/><D59/><U44/><E113/><V88/><F110/><W68/><G68/><T123/><D123/><U100/><E100/><V21/><F7/><W128/><G111/><T80/><D70/><U40/><E40/><V82/><F69/><W127/><G36/><T47/><D15/><U26/><E55/><V135/><F135/><W6/><G46/><T17/><D80/><U76/><E76/><V58/><F71/><W134/><G134/><T35/><D17/><N who="2" m="6730" /><F74/><W95/><G127/><T66/><D4/><U126/><E126/><V13/><F13/><N who="3" m="5367" /><G128/><T62/><D125/><U10/><E10/><V45/><F45/><W0/><G0/><T50/><D62/><U108/><E108/><V39/><F39/><W18/><G18/><T78/><D66/><U99/><E64/><V9/><F9/><W49/><G57/><T14/><D14/><U48/><E67/><V93/><F82/><W122/><G122/><T86/><D78/><U37/><E37/><V129/><F129/><W12/><G12/><T114/><D114/><U72/><E72/><V96/><F93/><W52/><G65/><T79/><D79/><AGARI ba="0,0" hai="20,21,54,58,60,79,83,87,88,92,96" m="6730" machi="79" ten="30,3900,0" yaku="8,1,54,2" doraHai="22" who="2" fromWho="0" sc="250,-39,250,0,250,39,250,0" /><INIT seed="1,0,0,2,0,66" ten="211,250,289,250" oya="1" hai0="51,19,30,31,121,127,105,33,46,95,5,70,57" hai1="60,45,104,52,134,89,48,87,54,55,123,50,23" hai2="9,132,15,59,102,71,16,49,36,126,29,43,42" hai3="1,58,39,53,0,2,101,4,22,68,21,117,27"/><U83/><E134/><V100/><F36/><W86/><G39/><T124/><D105/><U103/><E123/><V93/><F126/><N who="0" m="48170" /><D57/><U129/><E129/><V133/><F71/><W8/><G101/><T20/><D95/><U99/><E60/><V88/><F29/><W37/><G37/><T116/><D70/><U40/><REACH who="1" step="1"/><E23/><REACH who="1" ten="211,240,289,250" step="2"/><V18/><F133/><W130/><G22/><T77/><D121/><U78/><E78/><V73/><F132/><W81/><G130/><T119/><D77/><U75/><E75/><V118/><F73/><W114/><G117/><T56/><D116/><U14/><E14/><V61/><F118/><W67/><G1/><T98/><D119/><U122/><E122/><V74/><F74/><W85/><G0/><T17/><D20/><U107/><E107/><V38/><F61/><W35/><G21/><T76/><D76/><U109/><E109/><V65/><F15/><W131/><G131/><T41/><D31/><U6/><E6/><V90/><F9/><W84/><G8/><T97/><D5/><U91/><E91/><V106/><F106/><W94/><G4/><T10/><D10/><U28/><E28/><V34/><F90/><W44/><G2/><T62/><D30/><U3/><E3/><V96/><F88/><W72/><G72/><T82/><D33/><U12/><E12/><V108/><F108/><W115/><G35/><T24/><D19/><U13/><E13/><V135/><F18/><W128/><G128/><T112/><D17/><U120/><E120/><V47/><F135/><W113/><G114/><T7/><D112/><RYUUKYOKU ba="0,1" sc="211,-10,240,30,289,-10,250,-10" hai1="40,45,48,50,52,54,55,83,87,89,99,103,104" /><INIT seed="1,1,1,1,2,83" ten="201,270,279,240" oya="1" hai0="15,54,92,81,116,5,80,47,35,57,28,87,36" hai1="26,55,34,20,50,66,106,112,82,115,48,2,117" hai2="89,17,98,99,131,33,75,22,126,100,23,7,78" hai3="44,79,135,13,32,38,94,43,101,110,86,59,96"/><U77/><E117/><V60/><F33/><W125/><G110/><T30/><D116/><U118/><E118/><V52/><F131/><W85/><G125/><T133/><D133/><U1/><E34/><V72/><F7/><W74/><G135/><T11/><D35/><U71/><E106/><V45/><F78/><W25/><G13/><T103/><D36/><U124/><E124/><V120/><F120/><W91/><G74/><T114/><D114/><U119/><E50/><V3/><F3/><W18/><G59/><T95/><D47/><U111/><E119/><V65/><F22/><W70/><G70/><T27/><D80/><U105/><E105/><V21/><F21/><W37/><G37/><T6/><D6/><U62/><E111/><V63/><F126/><W39/><G39/><T58/><D58/><U84/><E115/><V127/><F127/><W69/><G69/><T67/><D67/><U122/><E122/><V24/><F65/><W64/><G64/><T108/><D27/><U73/><E73/><V46/><F72/><W0/><G0/><T102/><D102/><U113/><E113/><V51/><F75/><W4/><G4/><T104/><D104/><U130/><E130/><V10/><F46/><W132/><G132/><T128/><D108/><U93/><E93/><N who="0" m="35913" /><D103/><U129/><E129/><V90/><F100/><W88/><G79/><N who="0" m="46527" /><D128/><U8/><E112/><V97/><F10/><W49/><G38/><T107/><D107/><U123/><E8/><V121/><F121/><W42/><G44/><T41/><D41/><U31/><E123/><V53/><F53/><RYUUKYOKU ba="1,1" sc="201,10,270,10,279,10,240,-30" hai0="5,11,15,28,30,54,57" hai1="1,2,20,26,31,48,55,62,66,71,77,82,84" hai2="17,23,24,45,51,52,60,63,89,90,97,98,99" /><INIT seed="1,2,1,4,3,47" ten="211,280,289,210" oya="1" hai0="75,32,100,77,70,38,109,132,81,88,63,39,91" hai1="59,55,37,127,27,118,54,18,7,78,35,65,52" hai2="36,86,24,105,89,104,125,34,28,23,113,101,123" hai3="58,30,84,103,85,110,95,12,41,94,80,31,114"/><U134/><E118/><V20/><F123/><W97/><G114/><T17/><D109/><U4/><E37/><V124/><F36/><W22/><G110/><T92/><D132/><U117/><E117/><V90/><F101/><W111/><G111/><T51/><D32/><U71/><E71/><V119/><F119/><W1/><G1/><T48/><D100/><U3/><E3/><V74/><F74/><W44/><G58/><T6/><D6/><U8/><E127/><N who="2" m="48715" /><F89/><W72/><G72/><T62/><D17/><U93/><E134/><V2/><F2/><W9/><G94/><T64/><D91/><U14/><E78/><V29/><F29/><W79/><G22/><N who="2" m="8233" /><F113/><W82/><G82/><AGARI ba="2,1" hai="24,28,34,82,86,90,104,105" m="8233,48715" machi="82" ten="30,1000,0" yaku="18,1" doraHai="47" who="2" fromWho="3" sc="211,0,280,0,289,26,210,-16" /><INIT seed="2,0,0,4,5,95" ten="211,280,315,194" oya="2" hai0="64,91,49,46,129,87,112,86,56,48,25,122,98" hai1="135,110,104,5,113,42,63,106,100,107,131,16,39" hai2="108,128,3,89,50,82,35,88,55,13,94,0,116" hai3="15,67,77,134,74,101,41,97,57,114,81,78,72"/><V27/><F116/><W99/><G41/><T111/><D122/><U130/><E113/><V80/><F128/><N who="1" m="49193" /><E110/><V90/><F108/><W62/><G134/><T21/><D111/><U117/><E117/><V54/><F94/><W9/><G114/><T85/><D129/><U105/><E135/><V121/><F121/><W32/><G32/><T33/><D33/><U12/><E5/><V11/><F35/><W45/><G45/><T22/><D112/><U58/><E42/><V7/><F27/><W123/><G101/><T93/><D22/><N who="1" m="11527" /><E39/><V53/><REACH who="2" step="1"/><F50/><REACH who="2" ten="211,280,305,194" step="2"/><W14/><G123/><T61/><REACH who="0" step="1"/><D46/><REACH who="0" ten="201,280,305,194" step="2"/><U52/><E107/><V28/><F28/><AGARI ba="0,2" hai="21,25,28,48,49,56,61,64,85,86,87,91,93,98" machi="28" ten="40,8000,1" yaku="1,1,2,1,8,1,52,1,53,0" doraHai="95" doraHaiUra="70" who="0" fromWho="2" sc="201,100,280,0,305,-80,194,0" /><INIT seed="3,0,0,3,1,103" ten="301,280,225,194" oya="3" hai0="89,12,24,36,5,84,121,92,43,7,98,60,86" hai1="76,23,102,11,116,87,18,56,30,80,104,126,14" hai2="105,94,85,25,59,58,117,34,118,29,113,120,106" hai3="111,13,125,95,93,134,51,132,96,69,32,1,21"/><W54/><G69/><T81/><D121/><U88/><E126/><V3/><F113/><W72/><G1/><T68/><D36/><U22/><E116/><V41/><F3/><W49/><G32/><T9/><D43/><U108/><E108/><V62/><F120/><W20/><G72/><T46/><D46/><U119/><E119/><V91/><F118/><W101/><G125/><T123/><D123/><U133/><E133/><V2/><F117/><W135/><G111/><T71/><D24/><U4/><E30/><V53/><F2/><W63/><G63/><T10/><D60/><U55/><E104/><V129/><F129/><W64/><G64/><T8/><D84/><U61/><E102/><V27/><F41/><W110/><G110/><T19/><D9/><U35/><E35/><V97/><F27/><W131/><G131/><T122/><D122/><U127/><E127/><V42/><F42/><W70/><G70/><T44/><D44/><U28/><E28/><V17/><F17/><N who="3" m="10287" /><G21/><T115/><D19/><U83/><REACH who="1" step="1"/><E18/><REACH who="1" ten="301,270,225,194" step="2"/><V82/><REACH who="2" step="1"/><F59/><REACH who="2" ten="301,270,215,194" step="2"/><W48/><G132/><T114/><D71/><U26/><E26/><V77/><AGARI ba="0,2" hai="25,29,34,53,58,62,77,82,85,91,94,97,105,106" machi="77" ten="20,16000,3" yaku="1,1,2,1,0,1,7,1,52,2,53,2" doraHai="103" doraHaiUra="100" who="2" fromWho="2" sc="301,-40,270,-40,215,180,194,-80" /><INIT seed="4,0,0,2,3,13" ten="261,230,395,114" oya="0" hai0="121,0,86,132,127,64,106,10,2,83,1,70,18" hai1="119,107,116,7,17,47,104,25,79,35,22,56,14" hai2="100,57,8,24,93,29,32,11,54,130,82,40,42" hai3="39,61,19,89,114,75,74,20,51,45,95,33,133"/><T62/><D121/><U102/><E79/><V65/><F130/><W3/><G114/><T125/><D106/><U21/><E35/><V72/><F65/><W12/><G133/><T31/><D31/><U4/><E104/><V46/><F72/><W67/><G3/><T113/><D113/><U37/><E56/><V53/><F82/><W23/><G39/><T126/><D132/><U52/><E37/><V34/><F34/><W26/><G33/><T117/><D117/><U84/><E84/><V131/><F131/><W129/><G129/><T49/><D49/><U9/><E7/><V59/><F100/><W68/><G45/><T81/><REACH who="0" step="1"/><D86/><REACH who="0" ten="251,230,395,114" step="2"/><U71/><E116/><V98/><F29/><W60/><G51/><T135/><D135/><U88/><E119/><V115/><F115/><W5/><G61/><T110/><D110/><U63/><E107/><V97/><F32/><W96/><REACH who="3" step="1"/><G5/><REACH who="3" ten="251,230,395,104" step="2"/><T91/><D91/><U44/><E88/><V27/><F46/><W78/><G78/><T77/><D77/><U36/><E47/><V73/><F73/><W80/><G80/><T124/><D124/><U30/><E44/><V103/><F103/><W15/><G15/><AGARI ba="0,2" hai="0,1,2,10,15,18,62,64,70,81,83,125,126,127" machi="15" ten="50,12000,1" yaku="1,1,18,1,52,1,53,1" doraHai="13" doraHaiUra="66" who="0" fromWho="3" sc="251,140,230,0,395,0,104,-120" owari="391,19.0,230,-17.0,395,50.0,-16,-52.0" /></mjloggm>