<mjloggm ver="2.3"><GO type="169" lobby="0"/><UN n0="%E3%81%A8%E3%82%82%E3%81%BE%E3%81%95" n1="%E8%B0%B7%E5%8F%A3%E3%81%93%E3%81%86%E3%81%B8%E3%81%84" n2="%E9%95%B7%E5%B2%A1" n3="%E5%87%BA%E3%82%8B%E3%83%94%E3%82%A8%E3%83%AD" dan="16,18,16,16" rate="2175.72,2294.45,2087.14,2192.22" sx="M,M,M,M"/><TAIKYOKU oya="0"/><INIT seed="0,0,0,2,5,130" ten="250,250,250,250" oya="0" hai0="113,79,18,14,12,36,28,107,32,43,34,85,59" hai1="111,60,24,5,84,90,56,64,70,91,100,83,102" hai2="0,76,25,8,13,95,104,122,1,74,22,44,133" hai3="54,20,72,35,6,106,96,80,77,114,3,27,11"/><T63/><D107/><U67/><E111/><V78/><F104/><W29/><G114/><T66/><D113/><U41/><E41/><V73/><F122/><W71/><G54/><T101/><D101/><U129/><E129/><V46/><F95/><W75/><G75/><T58/><D14/><U45/><E45/><V124/><F13/><W40/><G40/><T86/><D43/><U117/><E117/><V119/><F22/><W65/><G20/><T132/><D36/><U125/><E125/><V105/><F105/><W82/><G82/><T55/><D28/><U69/><E5/><V81/><F25/><W97/><G97/><T17/><D17/><U121/><E121/><V103/><F103/><N who="3" m="62823" /><G65/><T51/><D132/><U99/><E91/><V108/><F108/><W31/><G29/><T61/><D34/><U16/><E67/><V118/><F8/><W10/><G11/><N who="0" m="6431" /><D32/><U89/><E70/><AGARI ba="0,0" hai="3,6,10,27,31,35,70,71,72,77,80" m="62823" machi="70" ten="30,2000,0" yaku="33,2" doraHai="130" who="3" fromWho="1" sc="250,0,250,-20,250,0,250,20" /><INIT seed="1,0,0,4,2,53" ten="250,230,250,270" oya="1" hai0="64,99,58,112,43,104,113,40,18,47,98,97,80" hai1="106,89,117,34,5,111,9,108,73,29,102,65,67" hai2="107,74,132,119,31,32,93,129,14,2,134,8,133" hai3="44,41,11,86,130,1,109,121,69,90,83,75,60"/><U95/><E73/><V19/><F107/><W125/><G109/><N who="1" m="42058" /><E117/><V88/><F119/><W118/><G118/><T55/><D104/><U16/><E106/><V126/><F126/><W49/><G125/><T82/><D64/><U105/><E105/><V35/><F129/><W56/><G69/><T131/><D43/><U52/><E102/><V81/><F2/><W10/><G130/><T37/><D18/><U63/><E34/><V30/><F81/><W22/><G1/><T72/><D131/><U71/><E29/><N who="2" m="10763" /><F74/><W68/><G68/><T36/><D36/><U100/><E100/><V94/><F94/><W79/><G22/><T61/><REACH who="0" step="1"/><D72/><REACH who="0" ten="240,230,250,270" step="2"/><U38/><E38/><V120/><F120/><W123/><G121/><T85/><D85/><AGARI ba="0,1" hai="8,14,19,32,35,85,88,93,132,133,134" m="10763" machi="85" ten="30,2000,0" yaku="20,1,54,1" doraHai="53" who="2" fromWho="0" sc="240,-20,230,0,250,30,270,0" /><INIT seed="2,0,0,2,2,111" ten="220,230,280,270" oya="2" hai0="32,87,75,89,108,60,19,72,133,106,48,86,81" hai1="38,16,92,124,117,45,100,99,59,62,2,115,30" hai2="131,135,46,27,112,132,122,40,90,91,88,129,11" hai3="50,7,24,18,69,63,123,17,29,121,42,13,36"/><V98/><F122/><W37/><G7/><T77/><D32/><U94/><E117/><V22/><F11/><W0/><G0/><T126/><D60/><U28/><E124/><V56/><F98/><W61/><G50/><T20/><D106/><U39/><E115/><V65/><F112/><W71/><G13/><T4/><D4/><U49/><E2/><V34/><F34/><W43/><REACH who="3" step="1"/><G29/><REACH who="3" ten="220,230,280,260" step="2"/><T80/><D126/><U79/><E30/><V83/><F83/><W120/><G120/><T54/><D108/><U102/><E28/><V95/><F27/><AGARI ba="0,1" hai="17,18,24,27,36,37,42,43,61,63,69,71,121,123" machi="27" ten="25,3200,0" yaku="1,1,22,2,53,0" doraHai="111" doraHaiUra="73" who="3" fromWho="2" sc="220,0,230,0,280,-32,260,42" /><INIT seed="3,0,0,0,5,29" ten="220,230,248,302" oya="3" hai0="67,125,36,11,113,9,73,24,21,44,6,38,17" hai1="16,34,128,63,112,3,10,56,94,102,76,32,15" hai2="70,37,93,35,62,30,135,116,69,87,121,75,18" hai3="105,46,85,27,126,132,64,110,19,58,131,8,51"/><W12/><G105/><T7/><D125/><U108/><E112/><V120/><F116/><W31/><G126/><T59/><D73/><U115/><E115/><V89/><F135/><W77/><G132/><T13/><D113/><U96/><E108/><V47/><F75/><W86/><G110/><T26/><D44/><U83/><E3/><V42/><F18/><W43/><G77/><T55/><D67/><U98/><E98/><V0/><F0/><W71/><G71/><T74/><D26/><U114/><E128/><V109/><F109/><W81/><G81/><T118/><D74/><U123/><E123/><N who="2" m="47179" /><F62/><W130/><G64/><T88/><D118/><U117/><E117/><V22/><F22/><W97/><G97/><T65/><D65/><U60/><E114/><V100/><F100/><W66/><G130/><T134/><D88/><U103/><E102/><V41/><F42/><W14/><G14/><T106/><D106/><U52/><E63/><V57/><F57/><W23/><REACH who="3" step="1"/><G131/><REACH who="3" ten="220,230,248,292" step="2"/><T107/><D107/><U39/><E39/><V4/><F4/><W82/><G82/><T53/><D134/><U111/><E111/><V124/><F124/><W72/><G72/><AGARI ba="0,1" hai="10,15,16,32,34,52,56,60,72,76,83,94,96,103" machi="72" ten="30,8000,1" yaku="7,1,52,2,54,2" doraHai="29" who="1" fromWho="3" sc="220,0,230,90,248,0,292,-80" /><INIT seed="4,0,0,5,0,40" ten="220,320,248,212" oya="0" hai0="60,29,134,101,56,131,88,92,78,33,115,59,45" hai1="49,105,19,94,57,86,80,21,48,89,26,121,9" hai2="36,67,55,104,17,119,8,69,132,96,46,11,54" hai3="31,2,120,85,81,95,7,0,102,62,135,13,28"/><T103/><D115/><U126/><E105/><V73/><F73/><W32/><G31/><T43/><D131/><U116/><E116/><V23/><F132/><W35/><G35/><T27/><D78/><U90/><E126/><V14/><F119/><W133/><G120/><T83/><D83/><U20/><E121/><V87/><F69/><W114/><G114/><T37/><D134/><N who="3" m="51209" /><G62/><T3/><D3/><U61/><E21/><V64/><F87/><W128/><G128/><T6/><D6/><U44/><E9/><V68/><F8/><N who="3" m="4255" /><G28/><T113/><D113/><U97/><REACH who="1" step="1"/><E44/><REACH who="1" ten="220,310,248,212" step="2"/><V10/><F11/><W51/><G32/><T63/><D60/><U99/><E99/><V4/><F96/><N who="3" m="59679" /><G51/><T93/><D63/><U108/><E108/><V82/><F104/><W50/><G50/><T112/><D112/><U76/><E76/><AGARI ba="0,1" hai="0,2,76,81,85" m="59679,4255,51209" machi="76" ten="30,1000,0" yaku="20,1" doraHai="40" who="3" fromWho="1" sc="220,0,310,-10,248,0,212,20" /><INIT seed="5,0,0,4,5,10" ten="220,300,248,232" oya="1" hai0="121,50,126,95,116,1,119,49,134,30,75,65,32" hai1="72,54,113,7,66,59,99,55,64,130,2,118,34" hai2="125,33,87,110,122,11,20,37,77,120,101,106,115" hai3="98,8,88,84,47,17,107,82,63,67,5,15,53"/><U97/><E118/><V68/><F20/><W90/><G107/><T69/><D1/><U114/><E72/><V57/><F11/><W14/><G98/><N who="1" m="37386" /><E34/><V28/><F28/><W61/><G90/><T41/><D75/><U25/><E25/><V42/><F87/><W94/><G94/><T127/><D95/><U93/><E93/><V43/><F77/><W92/><G92/><T79/><D79/><U0/><E7/><V81/><F81/><W117/><G117/><N who="0" m="45131" /><D30/><U111/><E59/><V86/><F86/><W12/><G5/><T26/><D26/><U103/><E130/><V35/><F106/><W108/><G108/><T52/><D32/><U91/><E91/><V133/><F110/><W27/><G27/><T39/><D134/><U44/><E44/><N who="2" m="23631" /><F133/><W16/><G17/><T109/><D109/><U80/><E80/><V19/><F19/><W46/><G63/><N who="0" m="40127" /><D121/><U40/><E103/><V48/><F120/><W36/><G36/><T112/><D112/><N who="1" m="43115" /><E40/><V85/><F122/><W18/><G18/><T105/><D105/><U51/><E111/><V62/><F101/><W24/><G24/><T56/><D39/><U132/><E132/><V128/><F115/><W21/><G21/><T76/><D76/><U45/><E54/><N who="2" m="34103" /><F35/><W73/><G73/><T3/><D3/><AGARI ba="0,0" hai="0,2,3,45,51,55,64,66" m="43115,37386" machi="3" ten="30,1500,0" yaku="15,1" doraHai="10" who="1" fromWho="0" sc="220,-15,300,15,248,0,232,0" /><INIT seed="5,1,0,0,4,7" ten="205,315,248,232" oya="1" hai0="88,38,127,62,22,65,75,17,122,25,126,78,54" hai1="85,134,69,102,96,23,24,112,68,36,105,48,74" hai2="2,123,125,63,30,51,113,33,91,115,39,107,130" hai3="58,15,116,80,40,34,61,103,29,11,135,18,13"/><U16/><E36/><V120/><F107/><W32/><G135/><T43/><D54/><U41/><E74/><V66/><F2/><W83/><G40/><T8/><D75/><U76/><E134/><V114/><F39/><W31/><G116/><T109/><D78/><U28/><E112/><V95/><F130/><W56/><G103/><T53/><D53/><U133/><E133/><V132/><F132/><W3/><G3/><T110/><D122/><U82/><REACH who="1" step="1"/><E28/><REACH who="1" ten="205,305,248,232" step="2"/><V92/><F30/><W26/><G31/><T52/><D38/><U73/><E73/><V50/><F123/><W117/><G34/><T124/><D126/><U49/><E49/><N who="2" m="18443" /><F120/><W108/><G117/><T70/><D124/><U42/><E42/><V72/><F125/><W128/><G128/><T10/><D43/><U64/><E64/><V67/><F33/><W94/><G32/><T60/><D127/><U19/><E19/><V106/><F72/><W59/><G29/><T79/><D17/><U129/><E129/><V84/><F67/><W118/><G118/><T55/><D65/><U37/><E37/><V57/><F106/><W86/><G18/><T21/><D55/><U119/><E119/><V111/><F111/><W90/><G108/><T131/><D131/><U27/><E27/><V101/><F115/><W47/><G26/><T6/><D110/><U44/><AGARI ba="1,1" hai="16,23,24,41,44,48,68,69,76,82,85,96,102,105" machi="44" ten="30,11700,0" yaku="1,1,0,1,54,1,53,1" doraHai="7" doraHaiUra="20" who="1" fromWho="1" sc="205,-40,305,130,248,-40,232,-40" /><INIT seed="5,2,0,0,3,55" ten="165,435,208,192" oya="1" hai0="95,128,49,94,5,120,133,65,38,125,129,115,45" hai1="20,106,16,6,66,31,27,101,113,131,44,22,14" hai2="122,12,63,25,32,62,109,67,91,39,126,77,18" hai3="119,71,98,70,8,68,118,17,64,23,78,53,76"/><U74/><E74/><V116/><F116/><N who="3" m="44587" /><G8/><T79/><D79/><N who="3" m="30249" /><G98/><T72/><D72/><U105/><E101/><V0/><F0/><W130/><G130/><N who="0" m="50283" /><D5/><U93/><E131/><V41/><F109/><W97/><G97/><T40/><D94/><U134/><E93/><V58/><F122/><W46/><G64/><T127/><D95/><U42/><E6/><V1/><F1/><W96/><G96/><T51/><D115/><U87/><E113/><V34/><F91/><W85/><G85/><T89/><D89/><U80/><E66/><V121/><F121/><W50/><G71/><T88/><D88/><U54/><E54/><V117/><F117/><W111/><G111/><T56/><D120/><U84/><E84/><V36/><F77/><W99/><G99/><T135/><D65/><U107/><E87/><V102/><F102/><W35/><G35/><T112/><D112/><U43/><E107/><V57/><F34/><W47/><G46/><T2/><D2/><U61/><E44/><V9/><F32/><W123/><G123/><T24/><D24/><AGARI ba="2,0" hai="17,23,24,47,50,53,68,70" m="30249,44587" machi="24" ten="30,1000,0" yaku="12,1" doraHai="55" who="3" fromWho="0" sc="165,-16,435,0,208,0,192,16" /><INIT seed="6,0,0,2,0,126" ten="149,435,208,208" oya="2" hai0="33,114,128,135,91,56,42,73,39,110,17,89,30" hai1="9,57,4,127,63,47,52,19,123,21,133,26,124" hai2="94,31,34,99,15,46,61,108,134,23,55,20,28" hai3="64,132,43,131,70,79,104,74,125,1,59,97,129"/><V25/><F134/><W36/><G1/><T62/><D110/><U113/><E133/><V80/><F108/><W22/><G132/><T77/><D135/><U71/><E71/><V54/><F34/><W11/><G11/><T95/><D77/><U120/><E113/><V5/><F80/><N who="3" m="45175" /><G59/><T76/><D76/><U16/><E19/><N who="2" m="10367" /><F5/><W66/><G22/><T41/><D73/><U90/><E90/><N who="2" m="55767" /><F54/><W50/><G50/><T116/><D39/><U102/><E102/><V88/><F88/><W72/><G72/><T13/><D91/><U32/><E32/><V37/><F37/><W8/><G8/><T29/><D33/><U67/><E67/><V7/><F7/><W58/><G58/><T49/><D49/><U87/><E87/><V10/><F10/><W82/><G82/><T3/><D3/><N who="1" m="159" /><E47/><V6/><F6/><W60/><G64/><T122/><D116/><U101/><E101/><V45/><F45/><N who="3" m="23783" /><G125/><AGARI ba="0,0" hai="16,21,26,52,57,63,120,123,124,125,127" m="159" machi="125" ten="30,3900,0" yaku="18,1,54,2" doraHai="126" who="1" fromWho="3" sc="149,0,435,39,208,0,208,-39" /><INIT seed="7,0,0,3,1,43" ten="149,474,208,169" oya="3" hai0="121,37,6,44,116,9,103,106,22,69,94,56,70" hai1="79,90,127,122,113,108,92,52,126,54,15,16,62" hai2="48,71,32,119,80,117,84,4,88,24,38,31,47" hai3="67,130,26,65,97,110,78,14,36,134,96,104,82"/><W1/><G1/><N who="0" m="207" /><D56/><U27/><E108/><V91/><F71/><N who="0" m="27146" /><D22/><N who="1" m="13767" /><E122/><V59/><F38/><W51/><G36/><T35/><D94/><U64/><E79/><V98/><F4/><W39/><G39/><T118/><D121/><U45/><E113/><V12/><F12/><W72/><G110/><T123/><D123/><U29/><E29/><V19/><F19/><W63/><G67/><T89/><D89/><U132/><E132/><V20/><F59/><W73/><G134/><T131/><D35/><U75/><E75/><V95/><F32/><W57/><G130/><T2/><D2/><U102/><E102/><V101/><F101/><W13/><G73/><T30/><D30/><U42/><E15/><V25/><F25/><W41/><G26/><T86/><D86/><U111/><E111/><V34/><F34/><W10/><G104/><T40/><D131/><U3/><E3/><V93/><F93/><W100/><G100/><T85/><D85/><U11/><E11/><V28/><F31/><W55/><G41/><AGARI ba="0,0" hai="20,24,28,41,47,48,80,84,88,91,95,98,117,119" machi="41" ten="30,3900,0" yaku="7,1,52,1,54,1" doraHai="43" who="2" fromWho="3" sc="149,0,474,0,208,39,169,-39" owari="149,-25.0,474,57.0,247,5.0,130,-37.0" /></mjloggm>