<mjloggm ver="2.3"><GO type="169" lobby="0"/><UN n0="%EF%BC%9D%E9%B7%BA%E6%A3%AE%E7%81%BC%EF%BC%9D" n1="%64%61%6E%6E%63%68%69" n2="%E8%87%B3%E5%AE%9D%E3%81%99%E3%81%8E" n3="%E6%99%82%E5%B4%8E%E7%8B%82%E4%B8%89" dan="17,17,17,16" rate="2163.75,2189.62,2199.25,2064.41" sx="F,M,M,F"/><TAIKYOKU oya="0"/><INIT seed="0,0,0,5,3,83" ten="250,250,250,250" oya="0" hai0="21,18,131,19,2,106,25,81,15,100,84,76,29" hai1="91,88,10,118,14,130,26,50,46,68,34,0,42" hai2="87,97,71,51,27,132,112,28,6,75,24,73,80" hai3="119,31,12,8,62,96,35,33,49,104,85,45,20"/><T94/><D2/><U55/><E68/><V127/><F132/><W109/><G119/><T59/><D131/><U48/><E118/><V90/><F127/><W74/><G74/><T40/><D106/><U134/><E134/><V122/><F122/><W4/><G109/><T78/><D40/><U41/><E130/><V60/><F112/><W37/><G37/><T65/><D78/><U72/><E0/><V52/><F6/><W66/><G20/><T56/><D65/><U11/><E72/><V105/><F27/><W70/><G31/><T103/><D19/><U107/><E107/><V43/><F43/><W16/><G4/><T82/><D81/><U67/><E67/><V79/><F60/><W5/><G5/><T129/><D129/><U123/><E123/><V102/><F79/><W1/><G1/><T114/><D114/><U32/><E26/><V3/><F71/><W23/><G23/><T93/><D94/><U58/><E42/><V9/><F9/><W111/><G111/><T17/><D18/><U54/><E41/><V61/><F61/><W115/><G85/><T69/><D69/><U133/><E133/><V92/><F105/><W126/><G126/><T135/><D135/><U7/><REACH who="1" step="1"/><E11/><REACH who="1" ten="250,240,250,250" step="2"/><V77/><F3/><W22/><G8/><T89/><D25/><U121/><E121/><V38/><F38/><W36/><G36/><T63/><D29/><U39/><E39/><V125/><F125/><W30/><G115/><T86/><D63/><U47/><E47/><N who="2" m="27775" /><F77/><W120/><G120/><T116/><D116/><U13/><E13/><V124/><F124/><RYUUKYOKU ba="0,1" sc="250,10,240,10,250,10,250,-30" hai0="15,17,21,56,59,76,82,84,86,89,93,100,103" hai1="7,10,14,32,34,46,48,50,54,55,58,88,91" hai2="24,28,73,75,80,87,90,92,97,102" /><INIT seed="0,1,1,2,2,94" ten="260,250,260,220" oya="0" hai0="63,47,33,69,128,56,120,89,104,67,52,45,125" hai1="36,15,119,112,102,78,95,87,42,65,86,74,48" hai2="18,1,75,132,73,99,93,70,24,14,106,83,28" hai3="21,58,133,92,90,124,55,107,23,113,51,105,37"/><T76/><D33/><U72/><E36/><V53/><F132/><W64/><G113/><T20/><D120/><U8/><E65/><V16/><F106/><W62/><G133/><T25/><D128/><U66/><E66/><V103/><F1/><W34/><G34/><T117/><D117/><U29/><E29/><V109/><F109/><W71/><G124/><T31/><D125/><U49/><E119/><V54/><F70/><W12/><G37/><T101/><D76/><U46/><E112/><V96/><F99/><W30/><G23/><T115/><D115/><U39/><E39/><V130/><F130/><W82/><G82/><T98/><REACH who="0" step="1"/><D89/><REACH who="0" ten="250,250,260,220" step="2"/><U110/><E78/><V7/><F75/><W9/><G30/><T88/><D88/><U2/><E74/><V131/><F131/><W80/><G80/><T135/><D135/><U43/><E72/><V61/><F83/><W122/><G122/><T84/><D84/><U41/><E86/><V123/><F73/><W79/><G79/><T116/><D116/><U68/><E87/><V97/><F123/><W85/><REACH who="3" step="1"/><G21/><REACH who="3" ten="250,250,260,210" step="2"/><T13/><D13/><U91/><E15/><V19/><F14/><W17/><AGARI ba="1,3" hai="9,12,17,51,55,58,62,64,71,85,90,92,105,107" machi="17" ten="20,8000,1" yaku="1,1,2,1,0,1,7,1,53,1" doraHai="94" doraHaiUra="59" who="3" fromWho="3" sc="250,-41,250,-21,260,-21,210,113" /><INIT seed="1,0,0,5,2,30" ten="209,229,239,323" oya="1" hai0="61,111,83,52,134,99,107,27,127,20,70,110,53" hai1="124,44,129,35,73,96,4,118,90,0,28,133,84" hai2="48,68,85,115,25,62,102,86,60,59,32,80,74" hai3="46,113,49,105,45,41,15,24,13,42,3,23,89"/><U5/><E73/><V72/><F115/><W33/><G113/><T38/><D38/><U11/><E118/><V50/><F102/><W58/><G105/><T31/><D134/><U95/><E5/><V63/><F68/><W106/><G106/><T10/><D127/><U2/><E133/><V117/><F117/><W77/><G3/><T16/><D83/><U9/><E9/><V56/><F32/><W125/><G77/><T22/><D10/><U94/><E124/><V92/><F25/><W123/><G123/><T67/><D107/><U76/><E129/><V29/><F29/><W66/><G33/><T104/><D99/><U43/><E28/><V40/><F92/><W91/><G125/><T119/><D104/><U116/><E116/><V103/><F103/><W64/><G58/><N who="2" m="22057" /><F40/><W114/><G114/><T108/><D119/><U97/><E97/><V26/><F26/><AGARI ba="0,0" hai="16,20,22,26,27,31,52,53,61,67,70,108,110,111" machi="26" ten="40,5200,0" yaku="14,1,54,2" doraHai="30" who="0" fromWho="2" sc="209,52,229,0,239,-52,323,0" /><INIT seed="2,0,0,3,1,26" ten="261,229,187,323" oya="2" hai0="63,81,11,20,24,119,70,87,60,79,103,112,65" hai1="131,84,92,80,35,13,46,134,51,33,28,94,91" hai2="96,133,75,108,118,9,88,111,90,98,129,85,58" hai3="76,29,135,39,5,56,30,66,122,18,37,78,107"/><V8/><F118/><W34/><G107/><T44/><D119/><U16/><E131/><V123/><F129/><W62/><G122/><T17/><D112/><U31/><E134/><V89/><F123/><W126/><G34/><T52/><D103/><U102/><E35/><V45/><F75/><W124/><G5/><T77/><D11/><N who="2" m="4170" /><F133/><W110/><G110/><N who="2" m="42025" /><F45/><W41/><G18/><T7/><D7/><U125/><E33/><V40/><F40/><W47/><G39/><T101/><D101/><U15/><E125/><N who="3" m="48234" /><G135/><T43/><D43/><U32/><E32/><V130/><F130/><W74/><G74/><T55/><D44/><U22/><E13/><V82/><F58/><W27/><G27/><T104/><D104/><U116/><E116/><V14/><F14/><W114/><G114/><T19/><D19/><U61/><E61/><V49/><F49/><W68/><G56/><T36/><D36/><U105/><E105/><V99/><AGARI ba="0,0" hai="82,85,88,89,90,96,98,99" m="42025,4170" machi="99" ten="40,7800,0" yaku="14,1,10,1,54,1" doraHai="26" who="2" fromWho="2" sc="261,-26,229,-26,187,78,323,-26" /><INIT seed="2,1,0,0,2,48" ten="235,203,265,297" oya="2" hai0="61,108,69,84,94,100,130,80,116,76,70,43,102" hai1="7,96,49,128,39,33,107,35,112,120,46,45,87" hai2="97,51,36,135,101,134,22,124,125,32,111,4,47" hai3="126,117,89,30,77,123,2,67,115,113,82,8,127"/><V72/><F32/><W20/><G67/><T12/><D108/><U10/><E112/><N who="3" m="43082" /><G89/><T9/><D130/><U40/><E128/><V0/><F72/><W52/><G117/><T119/><D43/><U104/><E120/><V133/><F36/><W73/><G123/><T58/><D70/><U37/><E87/><V59/><F111/><W68/><G68/><T1/><D1/><U88/><E104/><N who="2" m="63535" /><F59/><W21/><G2/><T3/><D3/><U98/><E98/><V14/><F0/><W62/><G8/><T41/><D41/><U105/><E10/><N who="2" m="4423" /><F22/><N who="3" m="8811" /><G30/><T90/><D69/><U66/><E96/><V56/><F56/><AGARI ba="1,0" hai="52,56,62,73,77,82,126,127" m="8811,43082" machi="56" ten="30,3900,0" yaku="11,1,52,1,54,1" doraHai="48" who="3" fromWho="2" sc="235,0,203,0,265,-42,297,42" /><INIT seed="3,0,0,4,4,114" ten="235,203,223,339" oya="3" hai0="36,101,39,92,69,104,8,77,29,121,89,47,62" hai1="128,126,82,54,14,22,130,107,94,106,34,45,135" hai2="32,25,16,12,111,42,133,109,88,79,129,81,117" hai3="119,102,53,52,49,116,56,131,59,103,75,97,30"/><W7/><G75/><T26/><D121/><U19/><E34/><V65/><F133/><W95/><G131/><N who="1" m="50218" /><E135/><V132/><F132/><W100/><G7/><T38/><D77/><U1/><E1/><V60/><F129/><W15/><G15/><T13/><D104/><N who="1" m="39979" /><E94/><V73/><F42/><W74/><G74/><T125/><D101/><U99/><E99/><V33/><F117/><W83/><G83/><T91/><D125/><U40/><E82/><V9/><F88/><W124/><G30/><T115/><D115/><U105/><N who="1" m="39987" /><U113/><DORA hai="24" /><E113/><V41/><F41/><W5/><G5/><T23/><D47/><U86/><E54/><V76/><F79/><W20/><G20/><T84/><D91/><U98/><E98/><V87/><F73/><W78/><G78/><T66/><REACH who="0" step="1"/><D36/><REACH who="0" ten="225,203,223,339" step="2"/><N who="1" m="21639" /><E86/><V2/><F2/><W108/><G124/><AGARI ba="0,1" hai="14,19,22,124,126" m="21639,39987,50218" machi="124" ten="50,1600,0" yaku="19,1" doraHai="114,24" who="1" fromWho="3" sc="225,0,203,26,223,0,339,-16" /><INIT seed="4,0,0,3,2,128" ten="225,229,223,323" oya="0" hai0="59,127,22,45,87,113,58,10,101,93,1,17,77" hai1="112,34,111,24,110,85,4,103,118,5,43,53,14" hai2="104,32,86,62,83,126,35,37,55,25,119,65,129" hai3="6,23,13,71,68,52,64,115,134,63,44,3,109"/><T96/><D113/><U123/><E118/><V98/><F119/><W60/><G109/><T0/><D127/><U72/><E72/><V120/><F126/><W90/><G115/><T92/><D45/><U41/><E112/><V56/><F129/><W38/><G3/><T29/><D29/><U124/><E123/><V135/><F37/><W16/><G6/><T100/><D10/><U132/><E124/><V8/><F120/><W28/><G28/><T46/><D0/><U67/><E67/><V9/><F104/><W7/><G7/><T50/><D1/><U20/><E34/><V95/><F35/><W47/><G134/><T42/><D77/><U15/><E132/><V105/><F105/><W40/><G90/><N who="0" m="53343" /><D101/><U48/><E103/><N who="2" m="60895" /><F32/><W2/><G2/><T76/><D76/><U18/><E110/><V36/><F36/><W107/><G107/><T39/><D39/><U108/><E108/><V91/><F135/><W54/><G44/><T33/><D33/><U31/><E111/><V79/><F79/><W51/><G38/><T73/><D73/><U12/><E31/><V117/><F117/><W27/><G27/><AGARI ba="0,0" hai="17,22,27,42,46,50,58,59,93,96,100" m="53343" machi="27" ten="30,1500,0" yaku="8,1" doraHai="128" who="0" fromWho="3" sc="225,15,229,0,223,0,323,-15" /><INIT seed="4,1,0,5,3,45" ten="240,229,223,308" oya="0" hai0="78,81,27,13,15,125,37,69,116,18,113,64,61" hai1="57,58,31,55,89,56,19,100,30,107,63,39,29" hai2="4,88,71,54,135,0,90,35,73,33,16,28,14" hai3="85,6,40,123,43,132,104,93,82,51,83,91,68"/><T115/><D116/><U44/><E100/><V9/><F135/><W98/><G68/><T48/><D37/><U23/><E107/><V2/><F73/><W47/><G132/><T12/><D125/><U42/><REACH who="1" step="1"/><E89/><REACH who="1" ten="240,219,223,308" step="2"/><V74/><F90/><W59/><G104/><T66/><D115/><U126/><E126/><V130/><F130/><W114/><G114/><T112/><D113/><U119/><E119/><V84/><F74/><W50/><G123/><T120/><D112/><U36/><E36/><V75/><F75/><W127/><G127/><T38/><D120/><U60/><E60/><V22/><F71/><W5/><G83/><T46/><D38/><U124/><E124/><V110/><F110/><W76/><G40/><T52/><D61/><U87/><E87/><V26/><F54/><AGARI ba="1,1" hai="5,6,43,47,50,51,54,59,76,82,85,91,93,98" machi="54" ten="40,5200,0" yaku="8,1,52,2" doraHai="45" who="3" fromWho="2" sc="240,0,219,0,223,-55,308,65" /><INIT seed="5,0,0,2,1,64" ten="240,219,168,373" oya="1" hai0="125,72,39,109,134,15,111,52,107,82,129,85,9" hai1="4,104,131,100,51,8,41,30,32,89,46,1,80" hai2="49,7,54,119,87,132,77,79,63,117,20,86,69" hai3="92,50,93,130,34,73,18,102,81,126,21,97,47"/><U75/><E131/><V0/><F132/><W61/><G34/><T99/><D39/><U101/><E104/><V38/><F38/><W25/><G126/><T29/><D72/><U113/><E113/><V67/><F20/><W53/><G130/><T12/><D129/><U108/><E108/><V5/><F87/><W88/><G73/><T78/><D29/><U3/><E3/><V68/><F68/><W31/><G61/><T36/><D36/><U122/><E122/><V23/><F23/><W60/><G60/><T116/><D116/><U121/><E121/><V42/><F42/><W133/><G133/><T74/><D134/><U96/><E89/><V55/><F55/><W110/><G81/><T44/><D15/><U127/><E127/><V114/><F114/><W40/><G110/><T128/><D128/><U33/><E30/><V123/><F123/><W98/><G40/><T124/><D74/><U17/><E17/><AGARI ba="0,0" hai="17,18,21,25,31,47,50,53,88,92,93,97,98,102" machi="17" ten="40,2600,0" yaku="8,1,54,1" doraHai="64" who="3" fromWho="1" sc="240,0,219,-26,168,0,373,26" /><INIT seed="6,0,0,5,0,76" ten="240,193,168,399" oya="2" hai0="125,116,48,98,59,134,87,80,119,73,61,120,74" hai1="31,123,54,57,103,67,39,58,117,68,6,51,121" hai2="72,49,53,38,17,42,122,92,95,83,62,7,132" hai3="77,52,5,110,109,24,105,45,11,21,33,135,112"/><V71/><F132/><W133/><G105/><T40/><D120/><N who="1" m="46155" /><E103/><V81/><F122/><W100/><G100/><T84/><D134/><N who="3" m="51209" /><G112/><T10/><D125/><U15/><E31/><V66/><F7/><W19/><G77/><N who="0" m="46095" /><D98/><U50/><E6/><V131/><F131/><W18/><G33/><T85/><D74/><U60/><E15/><V20/><F72/><W78/><G78/><T89/><D73/><U130/><E39/><V2/><F2/><N who="3" m="439" /><G18/><T46/><D10/><U64/><E130/><V0/><F0/><W129/><G129/><T4/><D4/><U91/><E91/><V124/><F124/><W79/><G79/><T70/><D89/><U37/><E37/><V88/><F42/><W86/><G86/><T23/><D87/><U16/><E16/><V115/><F38/><W27/><G27/><T126/><D85/><U34/><E34/><V63/><F63/><W29/><G19/><T43/><D23/><U30/><E30/><V55/><F115/><W41/><G41/><T93/><D43/><U99/><E99/><N who="2" m="57735" /><F95/><W106/><G106/><T118/><D93/><U3/><E3/><V97/><F97/><W111/><G111/><T44/><D126/><U25/><E25/><N who="2" m="14479" /><F55/><W12/><G12/><T107/><D107/><U36/><E36/><V102/><F102/><W113/><G113/><T127/><D127/><U69/><E117/><V114/><F114/><W65/><G110/><T8/><D40/><U47/><E67/><V35/><F35/><W32/><G65/><N who="0" m="41263" /><D8/><U108/><E108/><V101/><F101/><W14/><G109/><T1/><D1/><RYUUKYOKU ba="0,0" sc="240,10,193,10,168,10,399,-30" hai0="44,46,48,59,116,118,119" hai1="47,50,51,54,57,58,60,64,68,69" hai2="49,53,62,66,71,81,83" /><INIT seed="6,1,0,2,3,113" ten="250,203,178,369" oya="2" hai0="85,115,27,23,135,33,106,124,68,118,101,112,54" hai1="77,2,110,38,134,65,95,96,84,92,69,1,87" hai2="36,111,127,125,26,28,76,56,18,132,99,43,57" hai3="122,4,104,79,35,53,107,24,89,63,55,98,3"/><V14/><F132/><W83/><G122/><T19/><D68/><U58/><E38/><V51/><F36/><W126/><G3/><T103/><D135/><U52/><E134/><V29/><F76/><W119/><G4/><T130/><D130/><U44/><E110/><V74/><F74/><W131/><G89/><T90/><D124/><N who="2" m="47690" /><F111/><W11/><G11/><T66/><D66/><U34/><E34/><N who="2" m="20759" /><F29/><W129/><G79/><T72/><D72/><U81/><E44/><N who="2" m="26015" /><F99/><W114/><G98/><T39/><D39/><U108/><E108/><V9/><AGARI ba="1,0" hai="9,14,18,56,57" m="26015,20759,47690" machi="9" ten="30,1500,0" yaku="18,1" doraHai="113" who="2" fromWho="2" sc="250,-6,203,-6,178,18,369,-6" /><INIT seed="6,2,0,1,0,108" ten="244,197,196,363" oya="2" hai0="69,66,51,105,1,73,84,126,119,25,102,122,31" hai1="63,60,106,58,68,127,124,3,16,111,9,110,57" hai2="19,120,11,125,123,114,41,85,74,90,81,20,40" hai3="45,116,53,131,55,135,72,77,37,15,36,28,42"/><V59/><F74/><W43/><G116/><T87/><D73/><U49/><E106/><V103/><F103/><W70/><G70/><T18/><D122/><U10/><E3/><V75/><F75/><W130/><G28/><T33/><D1/><U117/><E68/><V32/><F32/><W101/><G101/><T47/><D126/><U89/><E89/><V34/><F34/><W29/><G29/><T4/><D4/><U46/><E16/><V92/><F125/><N who="1" m="48201" /><E10/><V94/><F123/><W14/><G77/><T38/><D38/><U22/><E22/><V82/><F120/><W27/><G72/><T8/><D8/><U86/><E86/><N who="2" m="50511" /><F11/><W54/><G36/><T112/><D18/><U50/><E9/><V13/><F114/><W98/><G98/><N who="0" m="61655" /><D119/><U95/><E95/><N who="2" m="36395" /><F59/><N who="1" m="22537" /><E117/><V12/><F13/><W104/><G14/><T88/><D112/><U35/><E35/><V21/><F20/><W65/><G15/><T129/><D88/><AGARI ba="2,0" hai="12,19,21,40,41,82,85,88" m="36395,50511" machi="88" ten="30,2900,0" yaku="8,1,54,1" doraHai="108" who="2" fromWho="0" sc="244,-35,197,0,196,35,363,0" /><INIT seed="6,3,0,1,3,24" ten="209,197,231,363" oya="2" hai0="0,134,25,46,74,40,98,41,5,75,62,17,124" hai1="36,19,34,52,18,130,125,2,7,64,60,96,83" hai2="126,88,1,59,133,53,22,38,129,118,106,90,69" hai3="32,55,119,29,65,78,10,42,100,33,54,37,77"/><V127/><F118/><W48/><G119/><T56/><D134/><U30/><E36/><V16/><F133/><W31/><G100/><T61/><D124/><N who="2" m="47658" /><F38/><W95/><G95/><T115/><D115/><U91/><E125/><V49/><F106/><W107/><G107/><T51/><D41/><U50/><E130/><V101/><F101/><W116/><G65/><T117/><D62/><U131/><E131/><V109/><F129/><W4/><G42/><T27/><D117/><U80/><E7/><V105/><F105/><W99/><G37/><T76/><D98/><U12/><E2/><V123/><F123/><W86/><G99/><T102/><D102/><U89/><E96/><V72/><F109/><W81/><G116/><T108/><D108/><U68/><E83/><V103/><F103/><W66/><G66/><T3/><D5/><U20/><E19/><V92/><F69/><W93/><G93/><T39/><D17/><U11/><E34/><V94/><F72/><W132/><G132/><T35/><D74/><U120/><E120/><V84/><F1/><N who="0" m="586" /><D35/><U28/><E20/><V79/><F79/><W82/><G33/><T135/><D135/><U21/><E21/><V122/><F122/><W26/><G32/><T57/><D76/><U113/><E113/><V43/><F43/><W9/><G78/><T111/><D75/><U63/><E63/><V121/><F121/><W73/><G77/><T104/><D104/><U6/><E6/><V13/><F94/><W23/><G73/><T8/><D111/><U67/><E80/><N who="2" m="49159" /><F90/><N who="1" m="34313" /><E67/><V87/><F92/><W112/><G81/><RYUUKYOKU ba="3,0" sc="209,-15,197,15,231,15,363,-15" hai1="11,12,18,28,30,50,52,60,64,68" hai2="13,16,22,49,53,59,87" /><INIT seed="6,4,0,1,3,107" ten="194,212,246,348" oya="2" hai0="55,126,72,106,63,117,2,65,39,57,77,60,118" hai1="67,84,41,47,116,0,85,27,129,64,92,114,36" hai2="110,120,33,74,3,56,124,24,115,87,79,80,123" hai3="28,69,83,38,132,76,11,103,62,82,96,30,108"/><V51/><F3/><W59/><G108/><T19/><D106/><U50/><E116/><N who="0" m="44649" /><D39/><U73/><E0/><V16/><F110/><W109/><G69/><T15/><D2/><U101/><E73/><V122/><F124/><W34/><G11/><N who="0" m="6655" /><D126/><U88/><E114/><V68/><F115/><W48/><G48/><N who="0" m="30951" /><D65/><U90/><E129/><V46/><F68/><W49/><G38/><T21/><D21/><U43/><E101/><V86/><F56/><W133/><G59/><T54/><D54/><U135/><E135/><V35/><F35/><W53/><G34/><T134/><D134/><U9/><E9/><V23/><REACH who="2" step="1"/><F33/><REACH who="2" ten="194,212,236,348" step="2"/><W78/><G109/><T58/><D58/><U40/><E36/><V93/><F93/><W81/><G132/><T113/><D113/><U45/><E45/><V75/><F75/><W94/><G133/><T44/><D44/><U26/><E47/><V4/><F4/><W89/><G94/><T71/><D71/><U7/><E7/><V1/><F1/><W25/><G81/><AGARI ba="4,1" hai="60,63,72,77,81" m="30951,6655,44649" machi="81" ten="30,2000,0" yaku="12,1,52,1" doraHai="107" who="0" fromWho="3" sc="194,42,212,0,236,0,348,-32" /><INIT seed="7,0,0,5,4,16" ten="236,212,236,316" oya="3" hai0="42,66,120,89,10,77,22,74,128,47,132,55,108" hai1="38,81,60,92,104,8,1,33,45,41,46,94,28" hai2="25,117,61,24,18,84,85,3,111,86,123,130,29" hai3="11,59,100,37,65,88,44,112,30,91,101,90,99"/><W39/><G30/><T114/><D108/><U36/><E104/><V103/><F111/><W23/><G23/><T49/><D120/><U2/><E60/><V50/><F123/><W43/><G11/><T19/><D128/><U7/><E33/><V54/><F130/><W12/><G12/><T87/><D132/><U32/><E32/><V34/><F117/><W26/><G26/><T135/><D135/><U105/><E105/><V27/><F3/><W133/><G133/><T75/><D66/><U107/><E107/><V79/><F79/><W70/><G70/><T21/><D114/><U93/><E28/><V134/><F134/><W129/><G129/><T64/><D64/><U17/><E1/><V102/><F61/><W116/><G116/><T56/><D77/><U52/><E17/><V5/><F5/><W68/><G68/><T51/><D74/><U58/><E81/><V13/><F34/><W71/><G71/><T131/><D75/><U106/><E106/><V6/><F6/><W48/><G112/><T97/><D97/><U82/><E82/><V124/><F124/><W109/><G109/><T119/><D119/><U127/><E127/><V110/><F110/><W53/><G65/><T121/><D121/><U15/><E2/><V76/><F76/><W118/><G118/><T9/><D131/><U80/><E80/><V126/><F126/><W69/><G69/><T14/><D10/><U115/><E115/><V67/><F67/><W72/><G72/><T4/><D4/><U62/><E38/><N who="3" m="14346" /><G99/><T78/><D78/><U83/><E83/><AGARI ba="0,0" hai="9,14,19,21,22,42,47,49,51,55,56,83,87,89" machi="83" ten="30,7700,0" yaku="7,1,8,1,52,2" doraHai="16" who="0" fromWho="1" sc="236,77,212,-77,236,0,316,0" owari="313,11.0,135,-36.0,236,-16.0,316,41.0" /></mjloggm>