<mjloggm ver="2.3"><GO type="185" lobby="0"/><UN n0="%50%42%33%2D%50" n1="%E7%9C%81%E5%AE%9F" n2="%E4%B8%83%E7%80%AC%E6%82%A0%E6%9C%88" n3="" dan="18,17,17,0" rate="2279.45,2207.52,2278.24,1500.00" sx="F,F,F,C"/><TAIKYOKU oya="0"/><INIT seed="0,0,0,1,4,133" ten="350,350,350,0" oya="0" hai0="93,62,84,123,92,83,76,88,59,85,104,40,67" hai1="135,129,90,95,45,103,115,97,124,118,87,81,53" hai2="34,32,131,3,60,54,75,107,52,98,73,119,78" hai3=""/><T37/><N who="0" m="31520" /><T36/><D104/><U111/><E118/><V120/><N who="2" m="30752" /><V100/><F3/><T38/><REACH who="0" step="1"/><D93/><REACH who="0" ten="340,350,350,0" step="2"/><U55/><E95/><V44/><F107/><T77/><D77/><U116/><E116/><V41/><F119/><T125/><D125/><U134/><E124/><V121/><F78/><T109/><D109/><U130/><E111/><V56/><F121/><T46/><AGARI ba="0,1" hai="36,37,38,40,46,59,62,67,76,83,84,85,88,92" m="31520" machi="46" ten="30,12000,2" yaku="1,1,0,1,52,1,54,1,53,3" doraHai="133" doraHaiUra="68" who="0" fromWho="0" sc="340,130,350,-60,350,-60,0,0" /><INIT seed="0,1,0,4,1,130" ten="470,290,290,0" oya="0" hai0="92,59,46,98,128,62,66,69,67,109,131,43,45" hai1="124,116,65,114,105,85,100,110,63,135,122,120,3" hai2="129,107,56,44,37,81,79,34,57,32,88,94,117" hai3=""/><T83/><D67/><U48/><N who="1" m="30752" /><U77/><N who="1" m="31264" /><U70/><E116/><V75/><F117/><T58/><D45/><U33/><E3/><V51/><F107/><T118/><D118/><U95/><E33/><V133/><F129/><N who="0" m="49738" /><D109/><U50/><E110/><V60/><F57/><T123/><N who="0" m="31520" /><T55/><D55/><U121/><N who="1" m="31008" /><U82/><E105/><V52/><F37/><T74/><D83/><U112/><E48/><V134/><F32/><T119/><D74/><U125/><E50/><V86/><REACH who="2" step="1"/><F34/><REACH who="2" ten="470,290,280,0" step="2"/><T101/><D119/><U106/><E70/><V80/><F80/><T104/><D104/><U91/><E106/><V40/><AGARI ba="1,1" hai="40,44,51,52,56,60,75,79,81,86,88,94,133,134" machi="40" ten="30,9000,2" yaku="1,1,0,1,52,2,54,2,53,1" doraHai="130" doraHaiUra="38" who="2" fromWho="2" sc="470,-61,290,-31,280,102,0,0" /><INIT seed="1,0,0,4,3,125" ten="409,259,382,0" oya="1" hai0="74,100,83,48,37,35,45,64,40,84,46,117,126" hai1="97,54,131,43,3,39,33,47,93,50,70,132,89" hai2="116,52,121,65,32,133,114,2,128,44,120,49,0" hai3=""/><U129/><E3/><V91/><N who="2" m="30752" /><V38/><N who="2" m="31008" /><V110/><F116/><T127/><D35/><U69/><E33/><V81/><F32/><T109/><D74/><U119/><E119/><V108/><F133/><T75/><D75/><U41/><E132/><V36/><F114/><T67/><D117/><U111/><E111/><N who="2" m="42539" /><F128/><N who="1" m="49225" /><E43/><V102/><F102/><T94/><D100/><U56/><AGARI ba="0,0" hai="39,41,47,50,54,56,69,70,89,93,97" m="49225" machi="56" ten="30,7800,0" yaku="19,1,52,3" doraHai="125" who="1" fromWho="1" sc="409,-39,259,78,382,-39,0,0" /><INIT seed="1,1,0,4,3,48" ten="370,337,343,0" oya="1" hai0="113,89,102,98,86,130,93,90,128,0,57,70,120" hai1="125,43,127,33,96,1,135,75,122,124,92,106,100" hai2="79,2,59,103,62,114,94,107,72,109,95,84,45" hai3=""/><U65/><N who="1" m="31264" /><U132/><E1/><V91/><F2/><T97/><N who="0" m="30752" /><T51/><D0/><U112/><E33/><V69/><F109/><T36/><D36/><U32/><E32/><V44/><F69/><T78/><D70/><U49/><E112/><V116/><F116/><T123/><N who="0" m="31520" /><T101/><D113/><U63/><E75/><V118/><F118/><T54/><D78/><U88/><E49/><V50/><F95/><T58/><D58/><U110/><E43/><V131/><F131/><N who="0" m="50218" /><D86/><U61/><E110/><V39/><F39/><T129/><N who="0" m="50226" /><T3/><DORA hai="64" /><D3/><U104/><E104/><AGARI ba="1,0" hai="51,54,57,89,90,93,97,98,101,102,104" m="50226,31520,30752" machi="104" ten="40,8000,1" yaku="19,1,52,3" doraHai="48,64" who="0" fromWho="1" sc="370,82,337,-82,343,0,0,0" /><INIT seed="2,0,0,1,4,33" ten="452,255,343,0" oya="2" hai0="2,135,104,51,89,65,50,46,88,126,124,100,127" hai1="99,81,123,84,110,0,79,43,42,52,102,32,66" hai2="77,68,95,91,56,133,39,85,105,97,60,103,129" hai3=""/><V122/><N who="2" m="31264" /><V61/><F133/><T111/><D2/><U64/><N who="1" m="31520" /><U41/><E32/><V113/><F113/><T71/><D135/><U80/><E0/><V92/><F129/><T3/><D3/><U63/><E110/><V47/><F68/><T109/><D51/><U69/><E66/><V118/><F118/><T45/><D45/><U75/><E52/><V72/><F95/><T106/><D65/><U57/><E69/><V54/><F61/><T87/><D71/><U74/><REACH who="1" step="1"/><E81/><REACH who="1" ten="452,245,343,0" step="2"/><V59/><F59/><T44/><D109/><U94/><AGARI ba="0,1" hai="41,42,43,57,63,64,74,75,79,80,84,94,99,102" m="31520" machi="94" ten="30,6000,1" yaku="1,1,2,1,0,1,52,1,53,1" doraHai="33" doraHaiUra="62" who="1" fromWho="1" sc="452,-20,245,70,343,-40,0,0" /><INIT seed="4,0,0,1,1,34" ten="432,315,303,0" oya="0" hai0="66,92,135,90,77,114,37,100,86,49,45,67,68" hai1="82,63,119,76,64,41,56,84,59,96,133,104,2" hai2="132,108,131,75,113,103,53,110,73,98,118,101,97" hai3=""/><T36/><D135/><U123/><N who="1" m="31520" /><U52/><E119/><V0/><F53/><T125/><D125/><U106/><E133/><V128/><F132/><T47/><D114/><U60/><E2/><V115/><REACH who="2" step="1"/><F0/><REACH who="2" ten="432,315,293,0" step="2"/><T112/><D112/><U65/><E41/><V121/><N who="2" m="31008" /><V61/><F61/><T40/><D40/><U50/><REACH who="1" step="1"/><E96/><REACH who="1" ten="432,305,293,0" step="2"/><V126/><F126/><T89/><D37/><U130/><E130/><V58/><F58/><AGARI ba="0,2" hai="50,52,56,58,59,60,63,64,65,76,82,84,104,106" m="31520" machi="58" ten="30,8000,1" yaku="1,1,7,1,9,1,52,1,54,1,53,0" doraHai="34" doraHaiUra="91" who="1" fromWho="2" sc="432,0,305,100,293,-80,0,0" /><INIT seed="5,0,0,5,5,135" ten="432,405,213,0" oya="1" hai0="60,92,44,105,97,74,1,34,63,109,128,118,48" hai1="61,59,79,102,96,43,54,93,65,2,130,37,58" hai2="35,124,133,82,134,39,120,62,123,47,71,112,80" hai3=""/><U40/><E2/><V94/><N who="2" m="30752" /><V108/><N who="2" m="31520" /><V115/><F35/><T90/><D1/><U95/><E130/><V87/><F108/><T114/><D109/><U117/><E117/><V49/><F39/><T50/><D114/><N who="2" m="43562" /><F124/><T33/><D92/><U67/><E37/><V36/><F36/><T99/><D90/><U72/><E65/><V104/><F104/><T57/><D105/><U46/><E46/><V55/><F94/><T38/><D38/><U52/><E67/><V84/><F62/><T42/><D63/><U76/><E93/><V53/><F53/><T75/><D60/><U69/><E61/><V127/><F127/><T91/><D34/><U70/><E95/><V83/><F71/><T73/><D33/><U111/><E111/><V66/><F66/><T3/><D3/><U41/><E69/><V119/><F119/><T85/><D118/><U100/><E70/><V51/><F51/><T68/><D48/><U116/><E116/><V107/><F107/><T125/><D68/><U64/><E64/><V32/><F32/><T56/><D50/><U81/><E54/><V88/><F82/><T98/><D125/><U101/><E81/><V77/><AGARI ba="0,0" hai="47,49,55,77,80,83,84,87,88,133,134" m="43562,31520,30752" machi="77" ten="30,6000,1" yaku="15,1,11,1,52,2,54,1" doraHai="135" who="2" fromWho="2" sc="432,-20,405,-40,213,60,0,0" /><INIT seed="6,0,0,3,5,122" ten="412,365,273,0" oya="2" hai0="91,86,65,2,134,64,99,95,133,75,103,131,93" hai1="81,52,57,55,132,47,104,109,90,135,118,125,41" hai2="80,0,35,38,115,67,83,3,82,98,60,102,111" hai3=""/><V56/><F35/><T120/><N who="0" m="30752" /><T50/><D131/><U49/><E104/><V100/><F115/><T69/><D75/><U68/><E68/><V94/><F38/><T37/><D37/><U89/><E125/><V42/><F42/><T129/><D2/><U76/><E118/><V106/><REACH who="2" step="1"/><F111/><REACH who="2" ten="412,365,263,0" step="2"/><T85/><D129/><U53/><E109/><V121/><N who="2" m="31008" /><V84/><F84/><T40/><D85/><U112/><E112/><V33/><F33/><T43/><D43/><U113/><E113/><V114/><F114/><T127/><D40/><U105/><E135/><V107/><F107/><T46/><D133/><U74/><E132/><V44/><F44/><T34/><D46/><U72/><E105/><V36/><F36/><T119/><D134/><U77/><E72/><V123/><N who="2" m="31520" /><V45/><F45/><T108/><D86/><U92/><E74/><V124/><F124/><T110/><D110/><U128/><E128/><V59/><F59/><T117/><D108/><U39/><E39/><V48/><F48/><T66/><D50/><U88/><E49/><V51/><F51/><T87/><D34/><U61/><E47/><V54/><F54/><T63/><D127/><U32/><E41/><V62/><F62/><RYUUKYOKU ba="0,1" sc="412,10,365,-20,263,10,0,0" hai0="63,64,65,66,69,87,91,93,95,99,103,117,119" hai2="0,3,56,60,67,80,82,83,94,98,100,102,106" /><INIT seed="6,1,1,0,4,58" ten="422,345,273,0" oya="2" hai0="60,118,48,64,50,54,72,127,49,81,65,116,76" hai1="3,45,88,52,120,133,66,41,57,104,68,47,80" hai2="77,129,131,101,44,95,59,93,117,63,111,55,38" hai3=""/><V53/><F117/><T2/><D2/><U61/><N who="1" m="30752" /><U42/><E3/><V135/><F135/><T78/><D127/><U99/><E133/><V73/><F111/><T106/><D106/><U119/><E119/><V128/><F101/><T34/><D34/><U126/><E126/><V92/><F77/><T85/><D72/><U46/><E104/><V112/><F112/><T96/><D76/><U37/><E41/><V109/><F73/><T69/><D96/><U51/><E80/><V97/><F109/><T114/><D114/><U35/><E35/><V124/><F124/><T84/><D84/><U36/><E36/><V83/><F83/><T67/><D69/><U0/><E0/><V115/><F115/><T56/><AGARI ba="1,1" hai="48,49,50,54,56,60,64,65,67,78,81,85,116,118" machi="56" ten="40,2000,0" yaku="0,1,52,1" doraHai="58" who="0" fromWho="0" sc="422,32,345,-8,273,-14,0,0" owari="454,40.0,337,-6.0,259,-34.0,0,0.0" /></mjloggm>