<mjloggm ver="2.3"><GO type="169" lobby="0"/><UN n0="%E3%82%84%E3%81%AE%E3%81%A1" n1="%E8%9B%99%E7%8E%8B%E5%9B%BD%E9%9D%A9%E5%91%BD%E8%BB%8D" n2="%E3%81%8B%E3%81%B0%E3%82%84%E3%81%8D%E3%82%89%E3%81%8F%E3%81%A0" n3="%4D%4D%44%54%30%37%31%35" dan="17,16,17,16" rate="2137.55,2150.23,2098.40,2129.83" sx="M,M,M,M"/><TAIKYOKU oya="0"/><INIT seed="0,0,0,5,2,77" ten="250,250,250,250" oya="0" hai0="63,128,23,80,56,110,8,26,129,21,118,19,49" hai1="5,39,12,106,73,25,6,16,131,65,32,96,27" hai2="102,75,9,30,101,79,95,117,57,37,59,71,52" hai3="104,133,50,18,84,24,74,100,66,3,83,54,94"/><T116/><D49/><U85/><E73/><V97/><F71/><W126/><G133/><T120/><D120/><U22/><E131/><N who="0" m="50249" /><D110/><U108/><E108/><V107/><F37/><W90/><G126/><T87/><D8/><U44/><E65/><V0/><F117/><W132/><G3/><T28/><D21/><U134/><E134/><V17/><F30/><W78/><G66/><N who="0" m="39271" /><D28/><U45/><E6/><V124/><F124/><W127/><G132/><T91/><AGARI ba="0,0" hai="19,23,26,80,87,91,116,118" m="39271,50249" machi="91" ten="30,3000,0" yaku="19,1,52,1" doraHai="77" who="0" fromWho="0" sc="250,30,250,-10,250,-10,250,-10" /><INIT seed="0,1,0,0,3,104" ten="280,240,240,240" oya="0" hai0="28,120,113,16,17,85,32,49,46,51,100,87,36" hai1="6,37,78,18,25,4,24,105,11,74,61,50,70" hai2="84,63,52,129,48,23,89,64,79,10,54,115,3" hai3="27,95,22,126,7,35,109,132,114,116,80,14,68"/><T9/><D113/><U69/><E37/><V117/><F115/><W93/><G68/><T29/><D36/><U55/><E105/><V76/><F129/><W58/><G116/><T75/><D100/><U97/><E97/><V108/><F108/><W90/><G109/><T128/><D32/><U2/><E6/><V92/><F117/><W33/><G126/><T43/><D128/><U47/><E18/><N who="0" m="7273" /><D9/><U56/><E70/><V125/><F23/><W133/><G114/><T130/><D130/><U71/><E71/><V1/><F54/><W107/><G107/><T40/><D75/><U65/><REACH who="1" step="1"/><E69/><REACH who="1" ten="280,230,240,240" step="2"/><V96/><F125/><W19/><G7/><T38/><D38/><U94/><E94/><V42/><F96/><W98/><G95/><T83/><D120/><U57/><E57/><V110/><F92/><W12/><G58/><T21/><D83/><AGARI ba="1,1" hai="2,4,11,24,25,47,50,55,56,61,65,74,78,83" machi="83" ten="40,2600,0" yaku="1,1,52,1,53,0" doraHai="104" doraHaiUra="111" who="1" fromWho="0" sc="280,-29,230,39,240,0,240,0" /><INIT seed="1,0,0,0,3,68" ten="251,269,240,240" oya="1" hai0="93,56,0,132,61,95,57,125,39,28,100,98,66" hai1="33,37,41,64,120,55,114,58,14,20,11,118,131" hai2="119,82,135,26,23,129,85,30,122,52,47,67,133" hai3="12,80,4,15,69,128,112,62,126,42,111,83,116"/><U76/><E120/><V89/><F122/><W54/><G112/><T59/><D0/><U99/><E118/><V9/><F119/><W130/><G116/><T90/><D132/><U40/><E33/><V91/><F129/><W65/><G42/><T134/><D134/><N who="2" m="51210" /><F67/><W63/><G111/><T127/><D28/><U6/><E114/><V32/><F9/><W124/><G54/><T46/><D46/><U5/><E64/><V44/><F32/><W121/><G121/><T3/><D3/><U115/><E131/><N who="3" m="50218" /><G4/><T109/><D39/><U79/><E5/><V104/><F104/><W108/><G108/><T29/><D29/><U113/><E113/><V27/><F27/><W75/><G75/><T88/><D109/><U48/><E115/><V38/><F52/><W103/><G103/><T102/><D100/><U22/><E22/><V107/><F107/><W18/><G63/><T34/><D34/><U70/><E20/><V1/><F1/><W110/><G110/><T78/><D102/><U16/><E6/><V105/><F105/><W106/><G106/><T13/><D13/><N who="3" m="5193" /><G18/><T94/><D61/><U77/><E70/><V45/><F91/><N who="0" m="34858" /><D66/><U25/><E25/><V7/><F7/><W53/><G53/><T101/><D78/><U51/><E77/><V87/><F87/><W8/><G8/><T117/><D117/><U96/><E79/><V71/><F71/><W97/><G97/><N who="1" m="37450" /><E76/><V92/><F82/><AGARI ba="0,0" hai="62,65,69,80,82,83,124,126" m="5193,50218" machi="82" ten="30,1000,0" yaku="19,1" doraHai="68" who="3" fromWho="2" sc="251,0,269,0,240,-10,240,10" /><INIT seed="2,0,0,5,2,32" ten="251,269,230,250" oya="2" hai0="1,28,108,134,6,123,39,122,75,111,83,115,53" hai1="74,73,76,5,110,91,46,10,16,87,59,117,40" hai2="126,65,22,19,132,125,0,7,38,129,36,18,88" hai3="69,127,48,17,37,44,81,79,8,104,24,35,47"/><V42/><F129/><W92/><G104/><T103/><D53/><U60/><E110/><N who="0" m="42025" /><D39/><U100/><E100/><V99/><F65/><W31/><G127/><N who="2" m="48649" /><F132/><W25/><G69/><T85/><D28/><U12/><E76/><V131/><F131/><W50/><G37/><N who="2" m="14441" /><F42/><W94/><G8/><N who="0" m="2127" /><D134/><U33/><E46/><V14/><F19/><W3/><G17/><T118/><D118/><U49/><E49/><V20/><F20/><W57/><G57/><T119/><D119/><U70/><E33/><V89/><F99/><W72/><G35/><T23/><D23/><U95/><E70/><V105/><F105/><W84/><G47/><T121/><D75/><U120/><E120/><V29/><F29/><W34/><G72/><T51/><D51/><U133/><E40/><V96/><F96/><W45/><G50/><T71/><D71/><U30/><E117/><V124/><N who="2" m="48657" /><V82/><DORA hai="56" /><F82/><W62/><G81/><T13/><D83/><U67/><E133/><V41/><F41/><W15/><G48/><T109/><D109/><U128/><E30/><V55/><F55/><W116/><G44/><T80/><D80/><U98/><E128/><V97/><F97/><W11/><G45/><T107/><D107/><U130/><E98/><V93/><F93/><W21/><G94/><T101/><D121/><U102/><E102/><V54/><F54/><W66/><G92/><T58/><D101/><U77/><E77/><V113/><F113/><W86/><G79/><T52/><D103/><U9/><E130/><V43/><F43/><W26/><G31/><T106/><D115/><RYUUKYOKU ba="0,0" sc="251,-15,269,15,230,15,250,-15" hai1="5,9,10,12,16,59,60,67,73,74,87,91,95" hai2="0,7,14,18,22,88,89" /><INIT seed="2,1,0,5,0,59" ten="236,284,245,235" oya="2" hai0="71,78,66,61,77,96,100,5,27,32,109,28,14" hai1="134,40,25,17,56,30,75,22,33,8,83,48,52" hai2="60,0,9,128,127,120,41,97,88,116,82,121,131" hai3="69,35,110,80,129,43,6,63,73,93,37,86,7"/><V1/><F116/><W24/><G110/><T117/><D109/><U107/><E107/><V12/><F41/><W99/><G129/><N who="2" m="49737" /><F127/><W106/><G73/><T95/><D117/><U34/><E134/><V3/><F60/><W49/><G37/><T84/><D5/><U53/><E40/><V44/><F44/><W98/><G98/><T47/><D47/><U76/><E8/><V115/><F115/><W65/><G43/><T94/><D14/><U70/><E70/><V114/><F114/><W102/><G93/><T26/><D26/><U74/><E74/><V13/><F13/><W90/><REACH who="3" step="1"/><G49/><REACH who="3" ten="236,284,245,225" step="2"/><T51/><D51/><U62/><E30/><AGARI ba="1,1" hai="6,7,24,30,35,63,65,69,80,86,90,99,102,106" machi="30" ten="40,8000,1" yaku="1,1,2,1,25,2,52,1,53,0" doraHai="59" doraHaiUra="11" who="3" fromWho="1" sc="236,0,284,-83,245,0,225,93" /><INIT seed="3,0,0,1,0,75" ten="236,201,245,318" oya="3" hai0="126,37,56,23,64,48,18,57,130,54,102,87,46" hai1="60,63,73,93,115,61,104,36,35,114,43,78,72" hai2="13,7,21,70,111,30,33,94,100,120,11,34,41" hai3="109,106,84,80,85,131,6,90,9,2,125,112,89"/><W122/><G112/><T76/><D130/><U16/><E35/><V47/><F70/><W123/><G131/><T121/><D126/><U38/><E104/><V26/><F111/><W15/><G125/><T20/><D121/><U58/><E58/><V59/><F120/><W124/><G124/><T117/><D117/><U96/><E43/><V29/><F29/><W68/><G109/><T39/><D102/><U40/><E40/><V88/><F59/><W98/><G68/><T82/><D23/><U5/><E5/><V103/><F34/><W129/><G129/><T66/><D56/><U91/><E73/><V118/><F33/><W10/><G98/><T81/><D81/><U31/><E31/><V12/><F12/><W55/><G55/><T17/><D17/><U62/><N who="1" m="15360" /><DORA hai="69" /><U77/><E72/><V8/><F8/><W110/><G106/><T32/><D32/><U1/><E1/><V83/><F83/><W135/><G135/><T128/><D128/><U28/><E28/><V79/><F79/><W95/><REACH who="3" step="1"/><G110/><REACH who="3" ten="236,201,245,308" step="2"/><T107/><D107/><U53/><E53/><V86/><REACH who="2" step="1"/><F118/><REACH who="2" ten="236,201,235,308" step="2"/><W3/><G3/><T116/><D116/><U71/><E71/><V132/><F132/><W67/><G67/><T22/><D64/><U52/><E115/><V44/><F44/><W101/><G101/><T134/><D66/><U19/><E114/><V92/><F92/><W99/><G99/><T45/><D134/><U74/><E74/><V113/><F113/><W97/><G97/><T27/><D45/><U24/><E96/><V0/><F0/><W25/><G25/><RYUUKYOKU ba="0,2" sc="236,-15,201,-15,235,15,308,15" hai2="7,11,13,21,26,30,41,47,86,88,94,100,103" hai3="2,6,9,10,15,80,84,85,89,90,95,122,123" /><INIT seed="3,1,2,1,4,6" ten="221,186,250,323" oya="3" hai0="9,7,18,64,34,65,35,61,98,60,123,71,38" hai1="101,120,86,118,28,46,0,32,90,2,27,94,128" hai2="67,112,24,1,76,33,52,130,53,31,73,80,20" hai3="110,99,37,100,72,62,111,74,15,79,57,134,55"/><W30/><G134/><T115/><D115/><U96/><E120/><V47/><F112/><W92/><G37/><T124/><D124/><U10/><E128/><V69/><F130/><W106/><G30/><T56/><D18/><U97/><E118/><V135/><F135/><W25/><G25/><T78/><D78/><U16/><E46/><V75/><F75/><W105/><G15/><T41/><D123/><U59/><E59/><V129/><F129/><W122/><G122/><T121/><D121/><U119/><E119/><V116/><F116/><W104/><REACH who="3" step="1"/><G79/><REACH who="3" ten="221,186,250,313" step="2"/><T95/><D38/><U14/><REACH who="1" step="1"/><E97/><REACH who="1" ten="221,176,250,313" step="2"/><V77/><F77/><W44/><G44/><T84/><D98/><U133/><E133/><V11/><F47/><W42/><G42/><T12/><D41/><U26/><E26/><V108/><F76/><W13/><G13/><T39/><D39/><U131/><E131/><V113/><F24/><W93/><G93/><AGARI ba="1,4" hai="0,2,10,14,16,27,28,32,86,90,93,94,96,101" machi="93" ten="30,7700,0" yaku="1,1,7,1,52,1,54,1,53,0" doraHai="6" doraHaiUra="132" who="1" fromWho="3" sc="221,0,176,120,250,0,313,-80" /><INIT seed="4,0,0,4,5,94" ten="221,296,250,233" oya="0" hai0="71,4,48,69,67,108,84,75,87,35,47,22,126" hai1="74,7,117,132,38,127,16,61,53,6,70,109,13" hai2="102,24,25,62,91,104,98,110,37,55,83,18,96" hai3="72,113,133,106,51,119,36,27,5,135,97,100,68"/><T112/><D75/><U26/><E38/><V79/><F110/><W41/><G51/><T118/><D35/><U63/><E109/><V130/><F37/><W31/><G5/><T95/><D108/><U57/><E132/><V134/><F134/><W66/><G119/><T21/><D118/><U58/><E127/><V124/><F124/><W23/><G72/><T11/><D126/><U81/><E70/><V90/><F130/><W60/><G113/><T111/><D112/><U49/><E26/><V59/><F18/><W30/><G30/><T34/><D34/><U101/><E117/><V10/><F10/><W103/><G100/><T107/><D107/><U88/><E101/><V32/><F32/><W64/><G66/><T56/><D71/><U129/><E129/><V89/><REACH who="2" step="1"/><F98/><REACH who="2" ten="221,296,240,233" step="2"/><W14/><REACH who="3" step="1"/><G14/><REACH who="3" ten="221,296,240,223" step="2"/><T19/><D111/><U105/><E13/><V82/><F82/><W73/><G73/><AGARI ba="0,2" hai="24,25,55,59,62,73,79,83,89,90,91,96,102,104" machi="73" ten="40,2600,0" yaku="1,1,52,1,53,0" doraHai="94" doraHaiUra="123" who="2" fromWho="3" sc="221,0,296,0,240,46,223,-26" /><INIT seed="5,0,0,1,2,76" ten="221,296,286,197" oya="1" hai0="80,104,16,28,79,122,87,31,37,88,93,106,40" hai1="47,108,27,60,82,132,64,38,134,1,123,56,17" hai2="13,10,92,41,24,130,70,120,119,45,105,129,121" hai3="46,115,7,71,5,77,33,128,55,44,39,113,29"/><U50/><E1/><V68/><F105/><W133/><G33/><T36/><D122/><N who="2" m="47210" /><F92/><W72/><G29/><T69/><D69/><N who="2" m="26730" /><F24/><W20/><G20/><T116/><D116/><U25/><E123/><V110/><F13/><W59/><G71/><T78/><D40/><N who="1" m="24935" /><E38/><N who="2" m="21687" /><F10/><W19/><G39/><T107/><D37/><U89/><E108/><V0/><F0/><W14/><G72/><T22/><D36/><U91/><E91/><V61/><F119/><W30/><G77/><T117/><D117/><U43/><E43/><V34/><F34/><W52/><G30/><T124/><D78/><U90/><E90/><V48/><F110/><W109/><G109/><T12/><REACH who="0" step="1"/><D124/><REACH who="0" ten="211,296,286,197" step="2"/><U62/><E134/><V23/><F130/><W118/><G128/><T18/><D18/><U83/><E132/><V3/><F129/><W6/><G19/><T9/><D9/><U66/><E17/><V21/><F3/><W67/><G133/><T65/><D65/><U102/><E64/><V49/><F21/><W53/><G118/><T127/><D127/><U85/><E66/><V15/><F23/><W112/><G14/><T100/><D100/><U2/><E102/><V74/><F15/><W75/><G75/><AGARI ba="0,1" hai="12,16,22,28,31,75,79,80,87,88,93,104,106,107" machi="75" ten="40,8000,1" yaku="1,1,52,1,54,2,53,0" doraHai="76" doraHaiUra="51" who="0" fromWho="3" sc="211,90,296,0,286,0,197,-80" /><INIT seed="6,0,0,5,0,47" ten="301,296,286,117" oya="2" hai0="39,116,86,128,19,72,52,63,71,98,104,13,20" hai1="129,51,36,14,77,1,90,87,22,89,26,0,119" hai2="67,57,17,45,64,65,59,11,109,32,53,10,44" hai3="42,41,99,15,88,115,24,68,127,8,12,134,126"/><V112/><F32/><W107/><G107/><T35/><D39/><U106/><E106/><V100/><F112/><W80/><G68/><T102/><D72/><U117/><E129/><V48/><F109/><W31/><G134/><T101/><D35/><U132/><E132/><V16/><F100/><W78/><G115/><T7/><D128/><U56/><E36/><V95/><F95/><N who="3" m="56807" /><G78/><T5/><D102/><U131/><E131/><V61/><F45/><W33/><G80/><T49/><D86/><U110/><E110/><V9/><REACH who="2" step="1"/><F59/><REACH who="2" ten="301,296,276,117" step="2"/><W97/><G97/><T6/><D116/><U91/><E117/><V58/><F58/><W2/><G2/><T93/><D71/><U105/><E1/><V123/><F123/><W103/><G103/><T40/><D104/><U28/><E0/><V124/><F124/><N who="3" m="47659" /><G15/><T25/><D13/><U113/><E105/><V60/><F60/><W23/><G33/><T43/><D63/><U81/><E113/><V46/><F46/><AGARI ba="0,1" hai="5,6,7,19,20,25,40,43,46,49,52,93,98,101" machi="46" ten="40,5200,0" yaku="8,1,52,1,54,1" doraHai="47" who="0" fromWho="2" sc="301,62,296,0,276,-52,117,0" /><INIT seed="7,0,0,0,5,11" ten="363,296,224,117" oya="3" hai0="52,21,23,29,95,132,106,125,57,76,73,63,96" hai1="116,14,69,88,114,103,74,37,119,9,81,48,124" hai2="121,55,60,19,58,0,51,35,110,10,30,16,1" hai3="82,56,97,62,67,78,7,26,86,113,135,38,126"/><W128/><G126/><T65/><D132/><U77/><E37/><V54/><F110/><W70/><G128/><T130/><D106/><U111/><E69/><V99/><F121/><W104/><G113/><T41/><D41/><U98/><E111/><V75/><F75/><W120/><G135/><T64/><D130/><U79/><E114/><V34/><F99/><W42/><G120/><T6/><D6/><U4/><E124/><V129/><F129/><W33/><G7/><T71/><D65/><U92/><E48/><V36/><F36/><W123/><G123/><T13/><D29/><U108/><E79/><V40/><F40/><W15/><G15/><T115/><D115/><U122/><E108/><V127/><F127/><W32/><G56/><T80/><D13/><U43/><E43/><V72/><F72/><N who="3" m="43335" /><G26/><T17/><D17/><U22/><E22/><V31/><F51/><W18/><G86/><T68/><D68/><U2/><E2/><V134/><F134/><W87/><G87/><T61/><D125/><U112/><E112/><V24/><F10/><W25/><G18/><T93/><D93/><U53/><E53/><V84/><F84/><W94/><G25/><T45/><D45/><U100/><REACH who="1" step="1"/><E122/><REACH who="1" ten="363,286,224,117" step="2"/><V118/><F55/><W83/><G83/><T66/><D52/><U5/><E5/><V12/><F54/><W8/><G8/><T47/><D47/><U109/><E109/><V50/><F0/><W20/><G20/><T59/><D71/><U39/><E39/><V105/><F1/><W107/><G42/><T85/><D73/><U102/><AGARI ba="0,1" hai="4,9,14,74,77,81,88,92,98,100,102,103,116,119" machi="102" ten="30,8000,1" yaku="1,1,5,1,0,1,52,1,54,1,53,0" doraHai="11" doraHaiUra="46" who="1" fromWho="1" sc="363,-20,286,90,224,-20,117,-40" owari="343,14.0,376,48.0,204,-20.0,77,-42.0" /></mjloggm>