<mjloggm ver="2.3"><GO type="169" lobby="0"/><UN n0="%E3%81%B8%E3%82%80%E3%81%B8%E3%82%80%EF%BC%92%E5%8F%B7" n1="%E3%81%98%E3%81%87%E3%82%8B" n2="%E3%83%AF%E3%83%8B%54%41" n3="%E3%81%84%E3%81%A1%E3%81%AE%E3%81%9B%E3%81%BB%E3%81%AA%E3%81%BF" dan="17,17,18,16" rate="2150.11,2159.90,2250.00,2152.49" sx="M,M,M,F"/><TAIKYOKU oya="0"/><INIT seed="0,0,0,1,5,32" ten="250,250,250,250" oya="0" hai0="132,109,93,133,21,62,78,9,70,117,67,87,36" hai1="60,26,77,44,98,75,16,19,28,14,51,34,76" hai2="50,92,46,52,110,47,84,124,54,69,85,126,80" hai3="101,90,107,1,23,58,4,41,38,48,65,130,81"/><T31/><D117/><U102/><E75/><V119/><F110/><W6/><G130/><T18/><D109/><U39/><E39/><V99/><F69/><W11/><G6/><T20/><D36/><U10/><E19/><V112/><F112/><W131/><G131/><T115/><D115/><U13/><E13/><V40/><F119/><W95/><G81/><T12/><D31/><U103/><E60/><V123/><F123/><W108/><G108/><T113/><D113/><U71/><E71/><V127/><F80/><W97/><G23/><T37/><D37/><U27/><E27/><V129/><F129/><W86/><G38/><T30/><D78/><U106/><REACH who="1" step="1"/><E103/><REACH who="1" ten="250,240,250,250" step="2"/><V49/><F40/><AGARI ba="0,1" hai="10,14,16,26,28,34,40,44,51,76,77,98,102,106" machi="40" ten="30,7700,0" yaku="1,1,2,1,7,1,54,1,53,0" doraHai="32" doraHaiUra="17" who="1" fromWho="2" sc="250,0,240,87,250,-77,250,0" /><INIT seed="1,0,0,0,2,132" ten="250,327,173,250" oya="1" hai0="111,33,48,12,3,91,112,79,81,103,59,42,54" hai1="25,24,75,109,56,11,126,9,118,116,45,70,135" hai2="26,65,67,29,0,19,28,105,71,20,131,84,57" hai3="41,128,61,17,83,35,127,52,130,63,93,78,40"/><U18/><E70/><V73/><F73/><W113/><G113/><T99/><D111/><U88/><E75/><V80/><F71/><W107/><G107/><T16/><D112/><U101/><E101/><V97/><F131/><N who="3" m="50219" /><G35/><T7/><D33/><U120/><E120/><V10/><F105/><W108/><G108/><T77/><D42/><N who="3" m="16489" /><G93/><T133/><D133/><U106/><E109/><V15/><F97/><W55/><G17/><T102/><D7/><U125/><E106/><V82/><F28/><W6/><G6/><T22/><D3/><U4/><E45/><V64/><F0/><W74/><G127/><N who="1" m="48650" /><E56/><V134/><F134/><W94/><G94/><N who="0" m="56799" /><D81/><U110/><E110/><V66/><N who="2" m="16384" /><DORA hai="34" /><V30/><F30/><W62/><AGARI ba="0,0" hai="52,55,61,62,63,74,78,83" m="16489,50219" machi="62" ten="40,2700,0" yaku="19,1,54,1" doraHai="132,34" who="3" fromWho="3" sc="250,-7,327,-13,173,-7,250,27" /><INIT seed="2,0,0,5,3,17" ten="243,314,166,277" oya="2" hai0="82,53,99,0,102,4,129,128,74,81,58,97,2" hai1="3,8,104,7,29,10,54,117,25,37,51,83,78" hai2="94,44,39,108,110,100,61,15,40,122,30,87,116" hai3="68,23,126,45,130,96,9,48,22,86,46,21,113"/><V120/><F30/><W31/><G68/><T124/><D4/><U55/><E117/><V65/><F15/><W14/><G126/><T76/><D124/><U75/><E104/><V32/><F32/><W119/><G119/><T67/><D67/><U20/><E10/><V1/><F1/><W18/><G130/><N who="0" m="50283" /><D82/><U80/><E51/><V19/><F19/><W49/><G113/><T115/><D115/><U98/><E98/><N who="0" m="37385" /><D102/><U91/><REACH who="1" step="1"/><E37/><REACH who="1" ten="243,304,166,277" step="2"/><V71/><F116/><W33/><G96/><T105/><D105/><U66/><E66/><V107/><F107/><W60/><G60/><AGARI ba="0,1" hai="0,2,53,58,60,74,76,81" m="37385,50283" machi="60" ten="30,1000,0" yaku="19,1" doraHai="17" who="0" fromWho="3" sc="243,20,304,0,166,0,277,-10" /><INIT seed="3,0,0,1,4,121" ten="263,304,166,267" oya="3" hai0="60,74,18,6,61,114,95,86,89,71,5,48,110" hai1="72,93,30,123,102,25,42,0,112,39,103,130,85" hai2="105,12,9,97,58,118,54,63,106,108,2,51,13" hai3="90,92,113,17,19,132,7,69,38,88,22,82,14"/><W116/><G113/><T126/><D126/><U64/><E112/><V52/><F118/><W98/><G116/><T131/><D131/><U29/><E72/><V40/><F2/><W104/><G38/><T32/><D114/><U57/><E123/><V70/><F70/><W115/><G115/><T120/><D120/><U109/><E0/><V33/><F33/><W107/><G69/><T76/><D32/><U1/><E1/><V73/><F73/><W53/><G132/><T56/><D110/><U68/><E109/><V125/><F125/><W15/><G7/><T87/><D74/><U101/><E57/><V45/><F108/><W83/><G53/><N who="0" m="31783" /><D71/><U35/><E130/><V8/><F54/><W117/><G117/><T94/><D18/><U134/><E134/><V3/><F3/><W43/><G43/><T75/><D75/><U122/><E30/><V77/><F77/><W124/><G124/><T46/><D46/><U44/><E122/><V62/><F62/><N who="0" m="24170" /><D95/><U16/><E64/><V127/><F127/><W100/><G104/><T133/><D133/><U128/><E128/><V65/><F106/><W31/><G31/><T55/><D55/><U4/><E4/><V20/><F40/><W129/><G129/><T135/><D135/><U41/><E41/><V26/><F105/><W37/><G37/><T24/><D24/><U66/><E66/><V111/><F111/><W81/><REACH who="3" step="1"/><G107/><REACH who="3" ten="263,304,166,257" step="2"/><T50/><D50/><N who="1" m="26903" /><E68/><V47/><F47/><W84/><G84/><T28/><D28/><N who="1" m="19855" /><E39/><V11/><F97/><W78/><G78/><T21/><D76/><U36/><E36/><RYUUKYOKU ba="0,1" sc="263,-15,304,-15,166,15,257,15" hai2="8,9,11,12,13,20,26,45,51,52,58,63,65" hai3="14,15,17,19,22,81,82,83,88,90,92,98,100" /><INIT seed="3,1,1,1,0,4" ten="248,289,181,272" oya="3" hai0="120,103,108,124,51,88,115,2,53,44,28,64,127" hai1="10,109,131,6,94,122,87,130,90,75,66,135,26" hai2="16,34,119,110,52,22,9,92,93,133,65,73,89" hai3="69,134,129,111,118,41,104,123,58,11,95,40,31"/><W67/><G118/><T12/><D2/><U97/><E122/><V107/><F119/><W0/><G123/><T81/><D120/><U55/><E109/><V37/><F107/><W102/><G104/><T20/><D108/><U15/><E75/><V3/><F110/><W30/><G111/><T114/><D103/><U83/><E135/><V21/><F73/><W45/><G69/><T5/><D64/><U98/><E66/><V19/><F37/><W106/><G106/><T23/><D28/><U72/><E26/><V17/><F34/><W126/><G134/><T116/><D116/><U99/><REACH who="1" step="1"/><E55/><REACH who="1" ten="248,279,181,272" step="2"/><V43/><F133/><W63/><G129/><T54/><D54/><U62/><E62/><V56/><F65/><W25/><G126/><N who="0" m="48171" /><D115/><U68/><E68/><V13/><F43/><W27/><G27/><T36/><D114/><U60/><E60/><N who="2" m="35847" /><F3/><W47/><G41/><T46/><D53/><U86/><E86/><N who="2" m="52279" /><F93/><W101/><G40/><T71/><D71/><U32/><E32/><V24/><F24/><W100/><G95/><T113/><D113/><U50/><E50/><V48/><F48/><W128/><G128/><T105/><D51/><U76/><AGARI ba="1,2" hai="6,10,15,72,76,83,87,90,94,97,98,99,130,131" machi="76" ten="30,7900,0" yaku="1,1,0,1,52,1,53,1" doraHai="4" doraHaiUra="8" who="1" fromWho="1" sc="248,-21,279,102,181,-21,272,-40" /><INIT seed="4,0,0,1,2,126" ten="227,381,160,232" oya="0" hai0="109,54,19,66,90,115,117,85,76,5,89,9,134" hai1="22,128,103,43,124,56,11,118,55,132,32,110,82" hai2="52,35,58,123,86,97,99,7,64,92,133,70,71" hai3="112,51,10,131,127,122,72,83,100,47,116,2,29"/><T45/><D117/><U77/><E32/><V25/><F123/><W73/><G116/><T93/><D115/><U42/><E118/><V13/><F133/><W113/><G122/><T67/><D134/><U63/><E110/><V0/><F0/><W69/><G127/><T18/><D109/><U80/><E124/><V119/><F119/><W78/><G69/><T111/><D76/><U84/><E132/><V23/><F35/><W46/><G29/><T135/><D135/><U94/><E128/><V88/><F64/><W62/><G62/><T95/><D111/><U1/><E1/><V130/><F130/><W114/><G131/><T50/><D66/><U41/><E11/><N who="2" m="4351" /><F70/><W75/><G100/><T59/><D59/><U104/><E104/><V4/><F4/><N who="3" m="1303" /><G51/><T61/><D61/><U98/><E22/><V21/><F21/><W60/><G60/><T48/><D48/><U15/><E15/><V37/><F37/><W107/><G107/><T101/><D67/><U39/><REACH who="1" step="1"/><E82/><REACH who="1" ten="227,371,160,232" step="2"/><V125/><F125/><W8/><G8/><T14/><REACH who="0" step="1"/><D101/><REACH who="0" ten="217,371,160,232" step="2"/><U102/><E102/><V26/><F71/><W91/><G91/><T40/><D40/><U129/><E129/><V57/><F88/><W34/><G34/><T81/><D81/><U79/><E79/><V106/><F106/><W121/><G121/><T33/><D33/><U30/><E30/><V31/><F31/><W65/><G65/><T16/><D16/><U49/><E49/><V96/><F92/><W12/><G12/><T105/><D105/><U53/><E53/><V44/><F52/><W24/><G24/><RYUUKYOKU ba="0,2" sc="217,10,371,10,160,-30,232,10" hai0="5,9,14,18,19,45,50,54,85,89,90,93,95" hai1="39,41,42,43,55,56,63,77,80,84,94,98,103" hai3="46,47,72,73,75,78,83,112,113,114" /><INIT seed="4,1,2,2,3,5" ten="227,381,130,242" oya="0" hai0="68,24,106,53,118,104,89,125,87,44,119,112,30" hai1="27,115,126,51,2,102,131,40,70,29,123,33,39" hai2="46,31,58,77,42,103,92,121,122,110,56,3,50" hai3="129,45,75,19,84,93,8,54,90,4,26,105,0"/><T91/><D68/><U21/><E123/><N who="2" m="47115" /><F3/><W41/><G105/><T59/><D44/><U23/><E131/><V38/><F31/><W11/><G129/><T14/><D14/><U82/><E126/><V109/><F77/><W49/><G75/><T1/><D1/><U37/><E51/><V133/><F92/><W66/><G66/><T60/><D125/><U113/><E40/><V107/><F103/><W73/><G73/><T127/><D127/><U9/><E70/><V114/><F107/><W12/><REACH who="3" step="1"/><G26/><REACH who="3" ten="227,381,130,232" step="2"/><T108/><D104/><U97/><E27/><V61/><F114/><W116/><G116/><T83/><D106/><U134/><E113/><V35/><F133/><W111/><G111/><N who="2" m="42505" /><F35/><W101/><G101/><T130/><D108/><U100/><E33/><V36/><F56/><W17/><G17/><T80/><D112/><U22/><E102/><V99/><F99/><W132/><G132/><T135/><D135/><U128/><E100/><V81/><F81/><W94/><G94/><T48/><D130/><U78/><E97/><V76/><F76/><W95/><G95/><T13/><D118/><U120/><E78/><V57/><F57/><W32/><G32/><T117/><D119/><U43/><E120/><V25/><F25/><W28/><G28/><T47/><D117/><U71/><E29/><V85/><F85/><W72/><G72/><T18/><D24/><U16/><E115/><V79/><F79/><W63/><G63/><T34/><D30/><U67/><E134/><V69/><F69/><W86/><G86/><N who="0" m="50375" /><D34/><U74/><E71/><V62/><F58/><RYUUKYOKU ba="1,3" sc="227,-15,381,-15,130,15,232,15" hai2="36,38,42,46,50,61,62" hai3="0,4,8,11,12,19,41,45,49,54,84,90,93" /><INIT seed="5,2,3,2,1,133" ten="212,366,145,247" oya="1" hai0="53,15,5,41,91,37,67,86,10,22,101,42,9" hai1="93,129,62,88,55,120,57,25,103,106,0,107,65" hai2="126,124,127,12,74,80,83,70,117,59,82,84,134" hai3="49,8,38,40,89,20,94,66,6,76,56,68,95"/><U16/><E120/><V98/><F134/><W109/><G109/><T11/><D101/><U108/><E0/><V31/><F117/><W45/><G76/><T85/><D67/><U119/><E119/><V60/><F70/><W51/><G68/><T1/><D37/><U13/><E108/><V122/><F122/><W71/><G71/><T99/><D1/><U105/><E129/><V54/><F74/><W112/><G112/><T28/><D53/><U131/><E131/><V36/><F36/><W7/><G94/><N who="0" m="56799" /><D28/><U2/><E25/><V78/><F31/><W121/><G121/><T47/><D5/><U29/><E2/><V100/><F12/><N who="3" m="5143" /><G7/><T24/><D24/><U90/><E29/><V26/><F26/><W125/><G38/><T50/><D42/><U69/><E103/><V33/><F33/><W132/><G132/><T130/><D130/><U19/><E93/><AGARI ba="2,3" hai="54,59,60,78,80,82,83,84,93,98,100,124,126,127" machi="93" ten="40,8000,1" yaku="18,1,52,3" doraHai="133" who="2" fromWho="1" sc="212,0,366,-86,145,116,247,0" /><INIT seed="6,0,0,1,3,51" ten="212,280,261,247" oya="2" hai0="63,43,111,81,103,89,59,37,125,62,12,21,120" hai1="6,65,30,40,67,2,52,23,72,119,100,47,22" hai2="24,97,7,95,76,5,44,86,116,114,0,112,57" hai3="118,25,106,121,91,128,18,19,90,82,49,77,11"/><V46/><F116/><W105/><G118/><T3/><D120/><U130/><E72/><V79/><F24/><W20/><G121/><T135/><D3/><U113/><E119/><V28/><F28/><W41/><G128/><T134/><D125/><U132/><E100/><V123/><F123/><W8/><G106/><T99/><D111/><U133/><E113/><N who="2" m="43627" /><F57/><W109/><G105/><T129/><D129/><U117/><E30/><V1/><F86/><N who="3" m="48463" /><G109/><T124/><D124/><U104/><E104/><V71/><F71/><W34/><G34/><T74/><D37/><U56/><E130/><V29/><F29/><W36/><G36/><T78/><D43/><U93/><E117/><V73/><F73/><W64/><G64/><T102/><D59/><U61/><E67/><V115/><N who="2" m="43635" /><V80/><DORA hai="32" /><F80/><W60/><G60/><T96/><D63/><U27/><E65/><V83/><F83/><W4/><G4/><N who="2" m="1609" /><F79/><W16/><G8/><T127/><D127/><U13/><E56/><V108/><F76/><W85/><G11/><T101/><D62/><U131/><E131/><V50/><F108/><W70/><G70/><T45/><D78/><U94/><E61/><V15/><F15/><W66/><G66/><T84/><D74/><U39/><E13/><V17/><F17/><N who="3" m="6763" /><G85/><T107/><D107/><U58/><E27/><V35/><F35/><W68/><G68/><T10/><D12/><U54/><E58/><V38/><F38/><W48/><G48/><T92/><D84/><U9/><E39/><V69/><F69/><W42/><G49/><T26/><D81/><RYUUKYOKU ba="0,0" sc="212,-10,280,-10,261,-10,247,30" hai3="19,20,25,41,42,90,91" /><INIT seed="7,1,0,1,1,75" ten="202,270,251,277" oya="3" hai0="96,62,31,25,33,39,35,114,51,18,123,99,69" hai1="132,110,118,60,102,47,87,91,32,40,6,68,106" hai2="71,113,101,50,56,77,129,3,82,36,105,85,88" hai3="122,11,45,130,126,111,59,22,119,83,107,74,61"/><W55/><G119/><T5/><D123/><U17/><E32/><V28/><F36/><W53/><G122/><T108/><D108/><U10/><E110/><V8/><F71/><W23/><G111/><T109/><D109/><U52/><E132/><V124/><F28/><W73/><G107/><T131/><D131/><U92/><E17/><V116/><F116/><W100/><G100/><T128/><D128/><U0/><E118/><V34/><F34/><W115/><G130/><T125/><D125/><U78/><E78/><V15/><F129/><W58/><G45/><T1/><D39/><U54/><E68/><V97/><F3/><W70/><G70/><T72/><D72/><U86/><E60/><V127/><F113/><W20/><G115/><T63/><D114/><U93/><E106/><V44/><F77/><W24/><G11/><T90/><D35/><U95/><E102/><V16/><REACH who="2" step="1"/><F56/><REACH who="2" ten="202,270,241,277" step="2"/><W12/><G126/><T67/><D1/><U29/><E29/><V104/><F104/><W4/><G58/><T120/><D69/><U135/><E0/><V43/><AGARI ba="1,1" hai="8,15,16,43,44,50,82,85,88,97,101,105,124,127" machi="43" ten="30,7900,0" yaku="1,1,0,1,54,2,53,0" doraHai="75" doraHaiUra="19" who="2" fromWho="2" sc="202,-21,270,-21,241,92,277,-40" owari="181,-32.0,249,5.0,333,43.0,237,-16.0" /></mjloggm>