<mjloggm ver="2.3"><GO type="169" lobby="0"/><UN n0="%E3%82%B7%E3%83%B3%E3%83%97%E3%83%AB%E3%81%AA%E3%83%AF%E3%82%AD%E3%82%AC" n1="%E8%A3%8F%E3%83%89%E3%83%A9%E3%81%AF%E6%81%8B%E4%BA%BA" n2="%E3%81%BF%E3%82%84%E3%81%B3%40%E6%9D%B1%E9%A2%A8" n3="%E3%81%97%E3%82%93%32" dan="17,16,16,17" rate="2208.78,2150.09,2118.14,2204.37" sx="M,F,M,M"/><TAIKYOKU oya="0"/><INIT seed="0,0,0,3,4,37" ten="250,250,250,250" oya="0" hai0="112,102,77,128,8,132,123,2,89,94,0,91,54" hai1="29,72,13,23,106,101,58,55,30,99,1,86,25" hai2="108,83,76,84,65,31,21,11,135,116,3,26,6" hai3="130,129,103,107,51,90,42,62,17,73,61,46,95"/><T115/><D123/><U9/><E72/><V32/><F108/><W19/><G73/><T80/><D8/><U109/><E109/><V124/><F135/><W24/><G107/><T59/><D2/><U111/><E111/><V92/><F124/><W104/><G104/><T22/><D0/><U33/><E1/><V52/><F116/><W66/><G103/><T133/><D22/><U120/><E86/><V7/><F65/><W87/><G24/><T93/><D59/><U96/><E96/><V16/><F6/><W118/><G118/><T35/><D54/><U40/><E120/><V131/><F131/><N who="3" m="50187" /><G62/><T53/><D53/><U34/><E29/><V79/><F92/><N who="0" m="35434" /><D102/><U98/><E98/><V121/><F121/><W27/><G27/><T36/><D36/><U4/><E34/><V70/><F70/><AGARI ba="0,0" hai="17,19,42,46,51,61,66,70,87,90,95" m="50187" machi="70" ten="30,2000,0" yaku="19,1,52,1" doraHai="37" who="3" fromWho="2" sc="250,0,250,0,250,-20,250,20" /><INIT seed="1,0,0,1,2,130" ten="250,250,230,270" oya="1" hai0="121,120,133,4,134,81,34,127,33,20,35,7,31" hai1="122,119,70,90,27,75,105,72,1,0,47,110,95" hai2="25,49,97,5,124,66,36,69,116,132,21,32,41" hai3="56,48,117,10,38,29,113,71,45,59,42,61,125"/><U114/><E27/><V123/><F116/><W62/><G29/><T22/><D81/><U13/><E13/><V58/><F123/><N who="0" m="47178" /><D127/><U74/><E47/><V46/><F124/><W86/><G125/><T14/><D31/><U104/><E119/><V37/><F132/><N who="0" m="50794" /><D14/><U84/><E122/><V19/><F32/><W2/><G113/><T92/><D92/><U63/><E114/><V40/><F5/><AGARI ba="0,0" hai="4,5,7,20,22,33,34,35" m="50794,47178" machi="5" ten="40,16000,3" yaku="28,2,13,1,20,1,34,2,52,3" doraHai="130" who="0" fromWho="2" sc="250,160,250,0,230,-160,270,0" /><INIT seed="2,0,0,2,4,15" ten="410,250,70,270" oya="2" hai0="41,8,89,68,45,115,2,18,85,103,48,124,42" hai1="79,56,32,108,44,34,128,94,91,126,66,135,112" hai2="116,123,101,121,33,27,109,62,96,0,100,97,64" hai3="58,82,87,67,49,22,25,26,76,69,132,19,65"/><V114/><F114/><W122/><G69/><T53/><D68/><U36/><E108/><V30/><F116/><W31/><G122/><T5/><D115/><U13/><E112/><V51/><F109/><W75/><G75/><T60/><D103/><U80/><E128/><V38/><F0/><W102/><G102/><T93/><D124/><U74/><E135/><V6/><F6/><W86/><G86/><T120/><D120/><U23/><E36/><V16/><F38/><W83/><G83/><T99/><D60/><U117/><E44/><V14/><F51/><W4/><G4/><T37/><D37/><U104/><E104/><N who="2" m="63495" /><F97/><W39/><G39/><T35/><D35/><U129/><E126/><V95/><F95/><W118/><G118/><T88/><REACH who="0" step="1"/><D18/><REACH who="0" ten="400,250,70,270" step="2"/><U131/><E117/><V106/><F101/><W57/><G132/><T71/><D71/><U47/><E131/><V133/><F106/><W84/><G49/><T3/><D3/><U125/><E34/><V90/><F133/><W9/><G19/><T130/><D130/><U72/><E129/><V17/><F17/><W63/><G25/><T105/><D105/><U40/><E125/><V119/><F119/><W12/><G12/><T59/><D59/><U1/><E13/><V54/><F123/><W11/><G57/><T92/><AGARI ba="0,1" hai="2,5,8,41,42,45,48,53,85,88,89,92,93,99" machi="92" ten="20,5200,0" yaku="1,1,0,1,7,1,54,1,53,0" doraHai="15" doraHaiUra="73" who="0" fromWho="0" sc="400,62,250,-13,70,-26,270,-13" /><INIT seed="3,0,0,2,0,31" ten="462,237,44,257" oya="3" hai0="73,129,111,99,14,120,115,117,102,35,110,70,18" hai1="127,11,104,24,83,88,50,121,21,114,47,69,61" hai2="39,0,95,98,133,134,66,77,57,122,81,6,51" hai3="89,32,123,1,62,54,67,113,116,82,27,86,2"/><W72/><G123/><T28/><D120/><U100/><E121/><V78/><F122/><RYUUKYOKU type="kaze4" ba="0,0" sc="462,0,237,0,44,0,257,0" /><INIT seed="3,1,0,2,1,54" ten="462,237,44,257" oya="3" hai0="87,125,51,119,12,123,116,75,110,129,66,104,3" hai1="108,97,7,16,134,32,81,96,25,41,21,103,77" hai2="128,47,112,111,53,43,20,46,0,113,73,27,37" hai3="1,79,71,72,117,78,92,126,64,62,94,135,91"/><W31/><G117/><T8/><D75/><U33/><E108/><V55/><F0/><W56/><G1/><T22/><D123/><U86/><E134/><V45/><F73/><W124/><G135/><T98/><D3/><U29/><E7/><V48/><F111/><W14/><G72/><T83/><D22/><U57/><E41/><V80/><F80/><W120/><G31/><T76/><D110/><U60/><E29/><V70/><F128/><W58/><G94/><T106/><D66/><U85/><E86/><V118/><F118/><W28/><G14/><T36/><D36/><U84/><E84/><V121/><F121/><W39/><G28/><T11/><D11/><U6/><E6/><V49/><REACH who="2" step="1"/><F70/><REACH who="2" ten="462,237,34,257" step="2"/><W95/><G120/><T133/><D83/><U19/><E33/><V68/><F68/><W61/><G71/><T9/><D119/><U107/><E32/><V115/><F115/><W4/><G79/><T35/><D76/><U40/><E77/><V102/><F102/><W131/><G78/><T122/><D129/><U132/><E81/><V67/><F67/><W89/><G131/><T10/><D122/><U5/><E103/><V101/><F101/><W127/><G127/><T34/><D125/><U93/><E132/><V18/><AGARI ba="1,1" hai="18,20,27,37,43,45,46,47,48,49,53,55,112,113" machi="18" ten="20,5200,0" yaku="1,1,0,1,7,1,9,1,53,0" doraHai="54" doraHaiUra="24" who="2" fromWho="2" sc="462,-14,237,-14,34,65,257,-27" /><INIT seed="4,0,0,2,3,107" ten="448,223,99,230" oya="0" hai0="128,129,14,70,24,57,100,110,39,59,56,52,102" hai1="69,125,75,44,84,35,36,11,66,92,116,60,0" hai2="109,49,29,126,133,54,67,76,96,111,113,83,55" hai3="19,17,112,31,87,6,117,62,99,68,95,33,9"/><T114/><D70/><U98/><E125/><V13/><F126/><W45/><G117/><T12/><D39/><U5/><E84/><V121/><F121/><W103/><G112/><T85/><D114/><U82/><E116/><V22/><F113/><W119/><G45/><T86/><D24/><U7/><E7/><V37/><F37/><W130/><G130/><N who="0" m="50283" /><D52/><U2/><E92/><V53/><F133/><W65/><G119/><T4/><D4/><U127/><E127/><V88/><F49/><W89/><G31/><T20/><D20/><U40/><E98/><V8/><F67/><W73/><G73/><T101/><D110/><U77/><E0/><V58/><F58/><W124/><G33/><AGARI ba="0,0" hai="2,5,11,33,35,36,40,44,60,66,69,75,77,82" machi="33" ten="40,12000,2" yaku="25,2,33,3,52,1" doraHai="107" who="1" fromWho="3" sc="448,0,223,120,99,0,230,-120" /><INIT seed="5,0,0,3,0,71" ten="448,343,99,110" oya="1" hai0="42,28,95,40,30,19,134,31,49,104,127,17,100" hai1="118,72,3,102,55,4,37,12,99,117,73,10,48" hai2="108,94,27,52,16,21,90,82,22,81,26,123,69" hai3="63,101,70,96,23,97,87,74,35,32,109,56,130"/><U115/><E115/><V6/><F69/><W65/><G74/><T86/><D104/><U105/><E3/><V8/><F108/><W14/><G109/><T67/><D134/><U53/><E37/><V9/><F123/><W133/><G130/><T119/><D119/><U93/><E53/><V79/><F52/><W29/><G97/><N who="0" m="59455" /><D67/><U76/><BYE who="3" /><E76/><V112/><F112/><W34/><G34/><T60/><D60/><U45/><REACH who="1" step="1"/><E105/><REACH who="1" ten="448,333,99,110" step="2"/><UN n3="%E3%81%97%E3%82%93%32" /><V120/><F79/><W66/><G66/><T110/><D110/><U2/><E2/><V5/><F120/><W129/><G133/><T75/><D42/><U111/><E111/><V13/><F5/><W113/><G129/><T62/><D40/><U54/><E54/><V98/><REACH who="2" step="1"/><F8/><REACH who="2" ten="448,333,89,110" step="2"/><W68/><G113/><T124/><D124/><U126/><E126/><V24/><F24/><W7/><G7/><T77/><D127/><U51/><E51/><V85/><F85/><W88/><G87/><T11/><D49/><U116/><AGARI ba="0,2" hai="4,10,12,45,48,55,72,73,93,99,102,116,117,118" machi="116" ten="30,3000,0" yaku="1,1,0,1,53,0" doraHai="71" doraHaiUra="36" who="1" fromWho="1" sc="448,-10,333,50,89,-10,110,-10" /><INIT seed="5,1,0,2,1,51" ten="438,383,79,100" oya="1" hai0="91,36,108,105,69,94,29,56,106,103,3,116,132" hai1="130,23,77,64,117,25,15,93,128,73,35,38,82" hai2="66,52,81,53,71,101,87,111,11,60,37,33,133" hai3="70,79,24,88,104,17,57,14,44,90,123,41,74"/><U61/><E38/><V31/><F111/><W102/><G70/><T4/><D108/><U92/><E117/><V54/><F37/><W107/><G123/><T19/><D69/><U40/><E40/><V67/><F133/><W45/><G24/><T114/><D36/><U115/><E115/><V65/><F101/><W48/><G79/><T12/><D116/><U20/><E35/><V68/><F60/><W72/><G57/><T7/><D29/><U118/><E118/><V47/><F47/><W122/><G45/><T58/><D3/><U6/><E64/><V121/><F121/><W27/><G27/><T22/><D105/><U85/><E61/><V129/><F129/><N who="1" m="49769" /><E73/><V32/><F32/><W5/><G5/><T89/><D132/><U120/><E120/><V84/><F84/><W113/><G113/><T18/><D106/><U99/><E99/><V16/><F31/><W100/><G107/><T8/><D114/><U75/><E75/><V124/><F33/><W86/><G74/><T30/><D103/><N who="3" m="39465" /><G72/><T0/><D0/><U21/><E25/><V97/><F97/><W131/><G104/><T112/><D112/><U26/><E26/><V98/><F98/><W34/><G34/><T125/><D30/><U110/><E110/><V76/><REACH who="2" step="1"/><F124/><REACH who="2" ten="438,383,69,100" step="2"/><W83/><G122/><T119/><D125/><U126/><E126/><V95/><F95/><W80/><G131/><T28/><D28/><U43/><E93/><V50/><F50/><W13/><G17/><T42/><D119/><U135/><E135/><V49/><F49/><W96/><G96/><T9/><D19/><RYUUKYOKU ba="1,1" sc="438,-15,383,-15,69,15,100,15" hai2="11,16,52,53,54,65,66,67,68,71,76,81,87" hai3="13,14,41,44,48,80,83,86,88,90" /><INIT seed="6,2,1,1,5,82" ten="423,368,84,115" oya="2" hai0="15,120,61,32,25,1,26,80,96,74,89,135,73" hai1="76,16,92,75,14,94,11,107,49,4,102,6,35" hai2="103,130,113,5,2,98,13,40,30,112,52,22,48" hai3="29,87,91,41,50,127,104,46,86,72,123,101,36"/><V100/><F130/><W134/><G72/><T110/><D1/><U12/><E35/><V10/><F40/><W47/><G123/><T60/><D120/><U8/><E107/><V114/><F98/><W0/><G0/><T33/><D110/><U83/><E102/><V128/><F128/><W117/><G117/><T84/><D135/><U106/><E106/><V81/><F81/><W43/><G134/><T58/><D33/><U23/><REACH who="1" step="1"/><E49/><REACH who="1" ten="423,358,84,115" step="2"/><V93/><F103/><W18/><G101/><T38/><D32/><U95/><E95/><V71/><F93/><W63/><G104/><T62/><D38/><U126/><E126/><V27/><F100/><W42/><G127/><T3/><D80/><U57/><E57/><N who="2" m="32903" /><F71/><W118/><G118/><T64/><D58/><U85/><E85/><V70/><F70/><W125/><G86/><T34/><D84/><U105/><E105/><V39/><F39/><W108/><G125/><T19/><D74/><U7/><E7/><V78/><F78/><W53/><G36/><T45/><D73/><U109/><E109/><V67/><F67/><W131/><G108/><T124/><D64/><U119/><E119/><V116/><F116/><W54/><G50/><T24/><D124/><U44/><E44/><V133/><F133/><W115/><G131/><T59/><D34/><U31/><E31/><V37/><F37/><W65/><G47/><T121/><D45/><U9/><E9/><V56/><F56/><W68/><G46/><T111/><D59/><U51/><E51/><V122/><F122/><W99/><G65/><T90/><D121/><RYUUKYOKU ba="2,2" sc="423,-15,358,15,84,15,115,-15" hai1="4,6,8,11,12,14,16,23,75,76,83,92,94" hai2="2,5,10,13,22,27,30,112,113,114" /><INIT seed="6,3,2,5,3,113" ten="408,373,99,100" oya="2" hai0="38,86,131,96,80,128,111,83,22,71,61,49,8" hai1="72,87,52,57,127,9,29,26,101,106,47,124,56" hai2="109,75,13,5,4,37,51,135,74,73,134,10,95" hai3="39,130,27,70,31,24,7,63,36,104,18,33,23"/><V53/><F37/><W90/><G104/><T30/><D38/><U117/><E72/><V54/><F109/><W129/><G7/><T126/><D111/><U32/><E9/><V25/><F95/><W34/><G34/><T81/><D126/><N who="1" m="48171" /><E117/><V120/><F120/><W107/><G107/><T20/><D8/><U55/><E87/><V97/><F97/><W82/><G82/><N who="0" m="31851" /><D96/><N who="1" m="61735" /><E47/><V21/><F4/><W119/><G90/><T17/><D86/><U105/><E105/><V19/><REACH who="2" step="1"/><F51/><REACH who="2" ten="408,373,89,100" step="2"/><W68/><G39/><T12/><D83/><U67/><E67/><V91/><F91/><W85/><G36/><T60/><D49/><U100/><E100/><V69/><F69/><W84/><G70/><T40/><D71/><U45/><E45/><V121/><F121/><W28/><G68/><T76/><D131/><N who="3" m="50185" /><G63/><T62/><D128/><U59/><AGARI ba="3,3" hai="26,29,32,52,55,56,57,59" m="61735,48171" machi="59" ten="30,2000,0" yaku="18,1,54,1" doraHai="113" who="1" fromWho="1" sc="408,-8,373,59,89,-13,100,-8" /><INIT seed="7,0,0,3,4,83" ten="400,432,76,92" oya="3" hai0="26,124,31,79,68,43,11,77,108,128,45,73,12" hai1="39,91,114,22,88,111,7,30,72,28,84,70,34" hai2="35,4,89,126,18,61,2,66,134,46,41,36,21" hai3="130,121,94,129,102,38,110,55,105,37,56,93,123"/><W33/><G33/><T74/><D108/><U5/><E111/><V103/><F134/><W119/><G110/><T96/><D68/><U109/><E109/><V15/><F126/><W3/><G3/><T95/><D128/><N who="3" m="49257" /><G105/><T60/><D124/><U48/><E39/><N who="3" m="14858" /><G119/><T113/><D60/><U90/><E72/><V62/><F103/><W131/><N who="3" m="49265" /><W17/><DORA hai="51" /><G17/><T104/><D104/><U44/><E34/><V133/><F133/><W29/><G29/><T6/><D113/><U80/><E30/><V116/><F116/><W122/><G102/><T10/><D10/><U82/><E70/><V14/><F35/><W127/><G127/><T75/><D45/><U107/><E107/><V52/><F2/><W76/><G76/><T23/><REACH who="0" step="1"/><D43/><REACH who="0" ten="390,432,76,92" step="2"/><N who="1" m="24607" /><E114/><V85/><F46/><W86/><G123/><T69/><D69/><U100/><E100/><AGARI ba="0,1" hai="6,11,12,23,26,31,73,74,75,77,79,95,96,100" machi="100" ten="40,1300,0" yaku="1,1,53,0" doraHai="83,51" doraHaiUra="47,42" who="0" fromWho="1" sc="390,23,432,-13,76,0,92,0" owari="413,21.0,419,52.0,76,-42.0,92,-31.0" /></mjloggm>