<mjloggm ver="2.3"><GO type="169" lobby="0"/><UN n0="%E3%81%A1%E3%81%A3%E3%81%93%E3%82%8C%40" n1="%E7%8C%BF%2D%53%61%72%75%2D" n2="%E5%B1%B1%E8%B6%8A" n3="%74%61%6B%65%2D%79%6F%75" dan="16,17,17,17" rate="2102.61,2246.86,2161.22,2197.17" sx="M,M,M,M"/><TAIKYOKU oya="0"/><INIT seed="0,0,0,4,5,89" ten="250,250,250,250" oya="0" hai0="91,64,6,44,84,98,26,42,117,43,4,86,73" hai1="134,107,85,23,19,92,9,8,69,112,87,16,132" hai2="105,71,67,45,110,2,108,60,37,103,13,124,18" hai3="127,7,15,106,74,133,38,135,50,66,78,10,131"/><T119/><D73/><U47/><E107/><V81/><F2/><W118/><G118/><T53/><D64/><U59/><E69/><V125/><F81/><W30/><G38/><T1/><D1/><U3/><E112/><V93/><F105/><W57/><G106/><T70/><D70/><U97/><E59/><V129/><F129/><W40/><G131/><T48/><D119/><U29/><E29/><V25/><F25/><W100/><G127/><N who="2" m="48713" /><F45/><W52/><G30/><T11/><D117/><U12/><E47/><V75/><F37/><W49/><G40/><N who="0" m="15403" /><D26/><U55/><E55/><V17/><F75/><W128/><G128/><T58/><D44/><U14/><E23/><N who="2" m="11695" /><F18/><W51/><G74/><T115/><D115/><U68/><E3/><V24/><F24/><W96/><G78/><T76/><D76/><U77/><E77/><V82/><F82/><W95/><REACH who="3" step="1"/><G66/><REACH who="3" ten="250,250,250,240" step="2"/><T22/><D11/><U31/><E31/><V104/><F104/><W111/><G111/><T121/><D22/><U123/><E8/><V46/><F110/><W21/><G21/><T5/><D121/><U32/><E9/><V120/><F120/><W54/><G54/><T83/><D83/><U34/><E123/><V116/><F116/><W41/><G41/><T88/><D91/><U79/><E79/><V28/><F108/><W39/><G39/><T36/><D36/><U63/><E32/><V113/><F113/><W99/><G99/><T109/><D109/><U126/><E34/><V20/><F20/><W0/><G0/><T80/><D80/><U72/><E126/><V35/><F35/><RYUUKYOKU ba="0,1" sc="250,15,250,-15,250,-15,240,15" hai0="4,5,6,48,53,58,84,86,88,98" hai3="7,10,15,49,50,51,52,57,95,96,100,133,135" /><INIT seed="0,1,1,3,1,31" ten="265,235,235,255" oya="0" hai0="127,60,76,94,89,53,3,68,108,74,112,16,96" hai1="120,77,128,18,1,37,118,41,122,26,29,98,110" hai2="115,90,100,5,117,135,88,81,126,23,33,87,9" hai3="97,46,8,67,38,84,10,20,27,6,22,57,45"/><T44/><D112/><U34/><E118/><V21/><F135/><W101/><G84/><T109/><D3/><U80/><E1/><V14/><F126/><W103/><G38/><T113/><D113/><U72/><E110/><N who="0" m="42601" /><D127/><U35/><E128/><V61/><F33/><W12/><G10/><T132/><D132/><U13/><E35/><V73/><F117/><W85/><G85/><T95/><D95/><U40/><E98/><V47/><F115/><W19/><G22/><T63/><D68/><U56/><E56/><V123/><F123/><W7/><G7/><T102/><D102/><U25/><E25/><V107/><F73/><W55/><G67/><T83/><D16/><U0/><E0/><V58/><F47/><W130/><G130/><T28/><D28/><U78/><E18/><V64/><REACH who="2" step="1"/><F90/><REACH who="2" ten="265,235,225,255" step="2"/><W69/><G46/><T11/><D11/><U129/><E129/><V59/><F59/><W39/><G45/><T43/><D53/><U79/><E120/><V32/><F32/><W93/><G69/><T52/><D52/><U92/><E122/><V119/><F119/><W42/><G42/><T62/><D44/><U121/><E121/><V116/><F116/><W17/><G39/><T65/><D65/><U66/><E66/><V54/><F54/><W24/><G55/><T106/><D43/><U48/><E37/><V70/><F70/><W51/><G57/><T71/><D71/><U114/><E114/><V104/><F104/><AGARI ba="1,2" hai="60,62,63,74,76,83,89,94,96,104,106" m="42601" machi="104" ten="30,2900,0" yaku="14,1,10,1" doraHai="31" who="0" fromWho="2" sc="265,52,235,0,225,-32,255,0" /><INIT seed="0,2,0,3,0,33" ten="317,235,193,255" oya="0" hai0="84,121,51,102,81,94,111,66,97,132,65,103,62" hai1="73,107,63,43,39,21,45,74,10,77,16,101,105" hai2="114,3,18,0,23,106,100,30,57,134,11,54,1" hai3="40,37,124,119,20,46,78,52,113,6,83,24,90"/><T123/><D132/><U131/><E131/><V58/><F114/><W126/><G113/><T85/><D111/><U59/><E10/><V15/><F134/><W87/><G119/><T55/><D103/><U92/><E92/><V116/><F116/><W44/><G6/><T34/><D34/><U60/><E60/><V117/><F117/><W110/><G110/><T89/><D84/><U28/><E28/><V61/><F58/><W125/><G78/><T50/><D66/><U129/><E129/><V96/><REACH who="2" step="1"/><F30/><REACH who="2" ten="317,235,183,255" step="2"/><W127/><G127/><T109/><D109/><U133/><E133/><V12/><F12/><W19/><REACH who="3" step="1"/><G124/><REACH who="3" ten="317,235,183,245" step="2"/><T27/><D123/><U8/><E74/><V98/><F98/><W53/><G53/><T88/><D55/><U13/><E73/><V36/><F36/><W82/><G82/><T72/><D72/><U86/><E39/><V120/><F120/><W68/><G68/><T70/><D121/><U2/><E13/><V48/><F48/><AGARI ba="2,2" hai="19,20,24,37,40,44,46,48,52,83,87,90,125,126" machi="48" ten="40,2600,0" yaku="1,1,54,1,53,0" doraHai="33" doraHaiUra="122" who="3" fromWho="2" sc="317,0,235,0,183,-32,245,52" /><INIT seed="1,0,0,4,5,98" ten="317,235,151,297" oya="1" hai0="63,66,1,6,91,81,13,36,107,135,35,110,82" hai1="43,111,131,5,84,58,79,18,117,54,101,109,104" hai2="44,130,8,126,31,122,73,29,80,134,78,30,75" hai3="12,22,108,56,125,119,10,132,99,118,133,7,93"/><U34/><E117/><N who="3" m="44554" /><G108/><N who="1" m="41546" /><E34/><V9/><F130/><W76/><G125/><T38/><D35/><U45/><E5/><V40/><F134/><N who="3" m="51819" /><G76/><T0/><D0/><U16/><E131/><V41/><F122/><W60/><G22/><T48/><D1/><U88/><E101/><V26/><F126/><W89/><G56/><T103/><D6/><U97/><E97/><V50/><F75/><W94/><G94/><T114/><D107/><U123/><E79/><V20/><REACH who="2" step="1"/><F40/><REACH who="2" ten="317,235,141,297" step="2"/><W67/><G67/><T124/><D66/><U77/><E77/><V72/><F72/><W121/><G121/><T61/><D110/><U74/><E74/><V57/><F57/><W46/><G46/><T95/><D135/><U23/><E123/><V62/><F62/><AGARI ba="0,1" hai="7,10,12,60,62,89,93,99" m="51819,44554" machi="62" ten="30,2000,0" yaku="12,1,20,1" doraHai="98" who="3" fromWho="2" sc="317,0,235,0,141,-20,297,30" /><INIT seed="2,0,0,1,3,65" ten="317,235,121,327" oya="2" hai0="33,7,120,64,28,83,42,109,133,108,59,53,81" hai1="50,111,89,96,17,102,127,82,106,115,55,47,5" hai2="110,54,125,12,60,131,21,97,114,123,72,103,0" hai3="49,112,45,98,3,25,24,48,95,92,68,134,90"/><V71/><F123/><W57/><G3/><T66/><D120/><U14/><E111/><N who="0" m="42569" /><D42/><U116/><E127/><V11/><F114/><W52/><G112/><T128/><D128/><U46/><E115/><V41/><F110/><W129/><G129/><T26/><D7/><U78/><E116/><V132/><F131/><W105/><G105/><T79/><D133/><U87/><E5/><V39/><F132/><W86/><G68/><T20/><D20/><U119/><E119/><V31/><F72/><W19/><G19/><T13/><D13/><U88/><REACH who="1" step="1"/><E47/><REACH who="1" ten="317,225,121,327" step="2"/><V8/><F125/><W121/><G134/><T113/><D113/><U10/><AGARI ba="0,1" hai="10,14,17,46,50,55,78,82,87,88,89,96,102,106" machi="10" ten="20,8000,1" yaku="1,1,2,1,0,1,7,1,54,1,53,0" doraHai="65" doraHaiUra="126" who="1" fromWho="1" sc="317,-20,225,90,121,-40,327,-20" /><INIT seed="3,0,0,4,5,12" ten="297,315,81,307" oya="3" hai0="113,70,119,121,82,47,74,99,80,97,129,35,39" hai1="115,64,28,75,71,94,7,73,89,120,36,134,2" hai2="49,14,26,77,86,23,133,19,107,61,111,33,131" hai3="30,69,10,65,54,38,108,123,18,31,84,1,117"/><W57/><G117/><T20/><D35/><U95/><E120/><V60/><F111/><W81/><G123/><T127/><D70/><U100/><E115/><V16/><F131/><W15/><G108/><T83/><D121/><U45/><E28/><V0/><F0/><W90/><G38/><T106/><D119/><U79/><E134/><V8/><F133/><W59/><G1/><T130/><D113/><U53/><E100/><V51/><F107/><W5/><G69/><T101/><D20/><U37/><E94/><V122/><F33/><W32/><G32/><T103/><D47/><U102/><E102/><V105/><F105/><W96/><G96/><T114/><D39/><U92/><E92/><V13/><F122/><W46/><G5/><T29/><D29/><N who="3" m="10761" /><G65/><T56/><D114/><U22/><E64/><V98/><F98/><W68/><G68/><T44/><D44/><U124/><E7/><V17/><F77/><W50/><AGARI ba="0,0" hai="10,15,18,46,50,54,57,59,81,84,90" m="10761" machi="50" ten="30,6000,0" yaku="25,1,8,1,52,1" doraHai="12" who="3" fromWho="3" sc="297,-20,315,-20,81,-20,307,60" /><INIT seed="3,1,0,5,2,124" ten="277,295,61,367" oya="3" hai0="49,117,75,104,43,106,10,30,69,125,12,109,126" hai1="42,16,133,25,45,1,131,103,74,51,0,18,68" hai2="58,17,8,114,3,41,100,77,102,129,88,78,64" hai3="128,27,32,55,134,82,44,85,67,28,23,105,39"/><W33/><G105/><T96/><D117/><U89/><E68/><V87/><F114/><W116/><G116/><T53/><D69/><U107/><E74/><V91/><F41/><W92/><G134/><T83/><D43/><U123/><E123/><V108/><F108/><W101/><G39/><T47/><D109/><U14/><E133/><V11/><F58/><W38/><G38/><T21/><D21/><U24/><E107/><V34/><F87/><W40/><G67/><T130/><D30/><U6/><E103/><V86/><F86/><W63/><G40/><T65/><D65/><U66/><E66/><V20/><F64/><W29/><G29/><T93/><D106/><U132/><E132/><V70/><F20/><W56/><G44/><T94/><D104/><U80/><E0/><V127/><F3/><W121/><G121/><T22/><D22/><U26/><E1/><V62/><F17/><W4/><G4/><T84/><D75/><U79/><E79/><V99/><F99/><W36/><G36/><T59/><D59/><U98/><E80/><V61/><F34/><W71/><G71/><T115/><D115/><U15/><E15/><V135/><F135/><W111/><G111/><T37/><D37/><U112/><E112/><V60/><F60/><W81/><G81/><T73/><D73/><U90/><E98/><V7/><F70/><W13/><G13/><T95/><D96/><U2/><E2/><V35/><F35/><W52/><G33/><T5/><D125/><U113/><E113/><V31/><F127/><W46/><G32/><T119/><D126/><RYUUKYOKU ba="1,0" sc="277,0,295,0,61,0,367,0" /><INIT seed="4,2,0,5,5,108" ten="277,295,61,367" oya="0" hai0="52,118,96,106,41,15,80,68,66,38,10,98,58" hai1="121,64,95,83,48,26,93,40,89,36,94,25,71" hai2="60,3,116,18,8,19,86,57,1,70,67,13,124" hai3="45,39,110,55,43,76,129,34,23,27,30,132,111"/><T78/><D118/><U4/><E121/><V37/><F116/><W97/><G129/><T63/><D106/><U56/><E36/><V33/><F124/><W20/><G132/><T127/><D127/><U92/><E71/><V112/><F37/><W99/><G76/><T77/><D77/><U91/><E4/><V21/><F33/><W123/><G123/><T35/><D35/><U126/><E126/><V134/><F134/><W88/><G55/><T130/><D130/><U49/><E83/><V100/><F100/><W54/><G54/><T90/><D90/><U87/><E91/><V65/><F86/><W114/><G114/><T128/><D128/><U104/><E104/><V31/><F31/><W62/><G62/><T115/><D115/><U6/><E6/><V109/><F109/><W17/><G34/><T119/><D119/><U47/><E49/><V9/><F112/><W14/><REACH who="3" step="1"/><G99/><REACH who="3" ten="277,295,61,357" step="2"/><T105/><D98/><U24/><E56/><V122/><F122/><W11/><G11/><T125/><D96/><U131/><E131/><V135/><F135/><W42/><G42/><T120/><D125/><U113/><E113/><V117/><F117/><W69/><G69/><T102/><D120/><U84/><E87/><V72/><F72/><W74/><G74/><T79/><D79/><U22/><REACH who="1" step="1"/><E64/><REACH who="1" ten="277,285,61,357" step="2"/><V107/><F65/><W82/><G82/><T29/><D80/><U5/><E5/><N who="2" m="1071" /><F70/><W44/><G44/><T32/><D66/><U0/><E0/><V51/><F3/><W50/><G50/><T12/><D68/><U2/><E2/><V101/><F67/><RYUUKYOKU ba="2,2" sc="277,-15,285,15,61,-15,357,15" hai1="22,24,25,26,40,47,48,84,89,92,93,94,95" hai3="14,17,20,23,27,30,39,43,45,88,97,110,111" /><INIT seed="5,3,2,1,3,67" ten="262,300,46,372" oya="1" hai0="81,129,133,0,35,117,12,71,63,130,57,69,1" hai1="123,101,37,77,108,33,65,18,44,113,114,28,106" hai2="80,39,97,24,112,11,110,122,93,7,21,96,19" hai3="104,9,41,94,25,75,131,83,47,54,40,38,68"/><U111/><E77/><V22/><F110/><N who="1" m="42025" /><E123/><V118/><F122/><W132/><G104/><T85/><D117/><U59/><E18/><V135/><F118/><W23/><G131/><N who="0" m="50187" /><D35/><U32/><E59/><V27/><F135/><W50/><G132/><T46/><D46/><U72/><E72/><V15/><F39/><W89/><G9/><T55/><D12/><U127/><E65/><V26/><F112/><N who="1" m="43113" /><E28/><V58/><F80/><W116/><G116/><T70/><D133/><U134/><E127/><V120/><F120/><W52/><G75/><T79/><AGARI ba="3,2" hai="0,1,55,57,63,69,70,71,79,81,85" m="50187" machi="79" ten="40,8000,1" yaku="19,1,52,3" doraHai="67" who="0" fromWho="0" sc="262,109,300,-43,46,-23,372,-23" /><INIT seed="6,0,0,0,2,121" ten="371,257,23,349" oya="2" hai0="3,100,78,7,37,125,23,49,27,94,106,129,42" hai1="84,98,120,82,20,118,31,131,74,19,30,117,70" hai2="47,67,80,89,56,69,92,76,45,8,5,61,18" hai3="85,43,39,21,77,101,4,14,33,11,68,46,63"/><V114/><F114/><W38/><G33/><T40/><D37/><U34/><E70/><V133/><F133/><W57/><G68/><T103/><D106/><U123/><E74/><V36/><F18/><W113/><G113/><T107/><D107/><U73/><E73/><V99/><F69/><W13/><G101/><T104/><D104/><U128/><E98/><V62/><F62/><W54/><G38/><T83/><D7/><U127/><E84/><V9/><F36/><W64/><G21/><T132/><D3/><U105/><E82/><V90/><F90/><W111/><G14/><T60/><D60/><U52/><E52/><V24/><F24/><W122/><G122/><N who="1" m="46634" /><E105/><V59/><F59/><W109/><G77/><T51/><D94/><U116/><E34/><V75/><REACH who="2" step="1"/><F9/><REACH who="2" ten="371,257,13,349" step="2"/><W110/><G110/><T55/><D132/><U71/><E71/><V130/><F130/><N who="1" m="49705" /><E127/><V93/><F93/><W91/><G64/><T81/><D125/><U87/><E87/><V96/><F96/><W1/><G111/><T119/><D129/><U28/><E19/><V0/><AGARI ba="0,1" hai="0,5,8,45,47,56,61,67,75,76,80,89,92,99" machi="0" ten="20,3900,0" yaku="1,1,0,1,7,1,53,0" doraHai="121" doraHaiUra="48" who="2" fromWho="2" sc="371,-13,257,-13,13,49,349,-13" /><INIT seed="6,1,0,1,3,75" ten="358,244,62,336" oya="2" hai0="7,24,33,73,26,15,57,129,71,74,86,0,43" hai1="47,68,64,65,41,14,12,100,84,131,93,96,126" hai2="78,8,9,87,48,82,95,51,11,49,32,117,2" hai3="92,58,99,112,134,114,30,45,29,69,54,125,62"/><V66/><F117/><W27/><G134/><T120/><D71/><U94/><E131/><V10/><F32/><W34/><G125/><T44/><D0/><U123/><E126/><V21/><N who="2" m="2048" /><DORA hai="101" /><V6/><F2/><W122/><G122/><T97/><D15/><U91/><E123/><V25/><F66/><W23/><G69/><T83/><D57/><U40/><E40/><V90/><F6/><W31/><G45/><T106/><D129/><U19/><E68/><V127/><F127/><W135/><G135/><T20/><D26/><U17/><E12/><V4/><F4/><W133/><G133/><T121/><D33/><U109/><E109/><V56/><F56/><W16/><REACH who="3" step="1"/><G34/><REACH who="3" ten="358,244,62,326" step="2"/><T28/><D120/><U80/><E47/><V3/><F3/><W124/><G124/><T72/><D121/><U111/><E111/><V36/><F36/><W42/><G42/><T104/><D7/><U50/><E41/><V59/><F59/><W46/><G46/><T128/><D128/><U55/><E64/><V76/><REACH who="2" step="1"/><F82/><REACH who="2" ten="358,244,52,326" step="2"/><W89/><AGARI ba="1,2" hai="16,23,27,29,30,31,54,58,62,89,92,99,112,114" machi="89" ten="30,8000,1" yaku="1,1,0,1,25,2,54,1,53,0" doraHai="75,101" doraHaiUra="61,5" who="3" fromWho="3" sc="358,-21,244,-21,52,-41,326,103" /><INIT seed="7,0,0,4,5,78" ten="337,223,11,429" oya="3" hai0="61,62,111,82,52,99,133,113,10,94,58,126,9" hai1="41,71,114,85,124,46,4,59,53,17,0,122,51" hai2="79,134,43,32,86,106,128,28,73,91,125,13,64" hai3="2,76,121,14,54,18,131,81,80,72,109,87,68"/><W26/><G121/><T77/><D111/><U130/><E122/><V115/><F13/><W105/><G2/><T107/><D107/><U55/><E71/><V135/><F43/><W116/><G116/><T16/><D133/><U6/><E114/><V42/><F64/><W96/><G68/><T1/><D126/><U27/><E124/><V118/><F42/><W48/><G109/><T104/><D104/><U110/><E110/><V38/><F28/><W95/><G131/><T33/><D33/><U117/><E130/><V97/><F91/><W25/><G105/><T88/><D113/><U119/><E55/><V49/><F86/><W44/><G81/><T35/><D35/><U60/><E0/><V3/><F49/><W12/><G72/><T93/><D1/><U108/><E108/><V20/><F20/><N who="3" m="11351" /><G12/><N who="0" m="7183" /><D93/><U22/><E117/><V123/><F79/><W7/><G7/><T30/><D30/><U83/><REACH who="1" step="1"/><E119/><REACH who="1" ten="337,213,11,429" step="2"/><V84/><F118/><W39/><G54/><T74/><D10/><U31/><E31/><V63/><F123/><W120/><G120/><T45/><D45/><U29/><E29/><V19/><F125/><W5/><G44/><T75/><D75/><U103/><E103/><V66/><F73/><W57/><G57/><T90/><D74/><U132/><E132/><V101/><F128/><W50/><G5/><T23/><D58/><U98/><E98/><V92/><F115/><W21/><G96/><T65/><D99/><U102/><E102/><V89/><F3/><W47/><G47/><T15/><D52/><U40/><E40/><V69/><F135/><RYUUKYOKU ba="0,1" sc="337,-10,213,30,11,-10,429,-10" hai1="4,6,17,22,27,41,46,51,53,59,60,83,85" owari="327,13.0,243,-16.0,1,-50.0,429,53.0" /></mjloggm>