<mjloggm ver="2.3"><GO type="185" lobby="0"/><UN n0="%E3%81%91%E3%82%93%E3%81%97%E3%82%8D%E3%83%BC%E3%83%BC%E3%82%8D" n1="%E9%B4%A8%E6%90%8D" n2="%62%75%73%79" n3="" dan="16,16,16,0" rate="2045.61,2136.82,2044.45,1500.00" sx="M,M,M,C"/><TAIKYOKU oya="0"/><INIT seed="0,0,0,0,1,124" ten="350,350,350,0" oya="0" hai0="126,128,82,53,75,41,118,110,50,59,93,106,57" hai1="87,46,112,69,78,34,3,89,38,64,119,114,43" hai2="98,123,48,45,1,105,66,102,91,116,51,120,77" hai3=""/><T56/><D118/><U2/><E34/><V113/><N who="2" m="30752" /><V35/><N who="2" m="31520" /><V32/><F116/><T76/><D126/><U94/><E119/><V70/><F113/><T92/><D110/><U103/><E103/><V83/><F1/><T49/><D106/><U86/><E64/><V71/><F91/><T121/><N who="0" m="31008" /><T134/><D134/><U47/><E69/><V42/><F48/><T62/><D41/><U111/><E111/><V63/><REACH who="2" step="1"/><F70/><REACH who="2" ten="350,350,340,0" step="2"/><T52/><REACH who="0" step="1"/><D128/><REACH who="0" ten="340,350,340,0" step="2"/><U58/><E2/><V33/><F33/><T131/><D131/><U37/><E3/><V100/><F100/><T73/><D73/><AGARI ba="0,2" hai="32,35,42,45,51,63,66,71,73,77,83,98,102,105" m="31520,30752" machi="73" ten="30,12000,2" yaku="1,1,7,1,52,2,53,2" doraHai="124" doraHaiUra="117" who="2" fromWho="0" sc="340,-120,350,0,340,140,0,0" /><INIT seed="1,0,0,5,3,33" ten="220,350,480,0" oya="1" hai0="90,55,67,127,130,83,48,35,66,111,0,46,117" hai1="93,115,73,129,77,118,80,134,50,61,75,1,123" hai2="96,69,60,124,100,92,45,97,106,109,125,57,82" hai3=""/><U74/><N who="1" m="31520" /><U122/><N who="1" m="31264" /><U2/><E118/><V44/><F109/><T86/><D0/><U65/><E115/><V71/><F82/><T104/><D35/><U39/><E39/><V84/><F84/><T81/><D117/><U135/><E129/><V32/><F32/><T94/><D111/><U37/><E37/><V53/><F45/><T63/><D127/><N who="2" m="48714" /><F44/><T41/><D130/><U133/><E50/><V126/><N who="2" m="48722" /><V98/><DORA hai="110" /><F98/><T89/><D104/><U62/><E93/><V76/><F76/><T36/><D63/><N who="1" m="24075" /><E65/><V105/><F105/><T54/><D54/><U102/><E102/><AGARI ba="0,0" hai="53,57,60,69,71,92,96,97,100,102,106" m="48722" machi="102" ten="40,1300,0" yaku="18,1" doraHai="33,110" who="2" fromWho="1" sc="220,0,350,-13,480,13,0,0" /><INIT seed="2,0,0,5,0,92" ten="220,337,493,0" oya="2" hai0="121,73,74,126,66,37,106,63,104,127,123,131,36" hai1="91,113,85,47,118,87,3,62,61,114,125,79,110" hai2="105,124,117,53,57,88,32,69,112,65,116,77,2" hai3=""/><V40/><F124/><T84/><N who="0" m="31008" /><T90/><N who="0" m="31520" /><T82/><D131/><U76/><E3/><V64/><F112/><T56/><D104/><U49/><E91/><V45/><F2/><T60/><D106/><U86/><E118/><V96/><F32/><T68/><D37/><U95/><E125/><N who="0" m="47625" /><D36/><U0/><E95/><V41/><F105/><T133/><D133/><U43/><E0/><V38/><F38/><T130/><D130/><U35/><E35/><V109/><F116/><T98/><D98/><U119/><E119/><V52/><F96/><T51/><D51/><U55/><E110/><V75/><F109/><T34/><D34/><U100/><E114/><V103/><F117/><T108/><D108/><U101/><E113/><V33/><F33/><T135/><D135/><U42/><E61/><V94/><F69/><T83/><D83/><U58/><E42/><V93/><F40/><T115/><D115/><U132/><E132/><V134/><F41/><T111/><D111/><U67/><E43/><V72/><F134/><T59/><D59/><U71/><E71/><V50/><F57/><T97/><D97/><U129/><E129/><V1/><F1/><T81/><D81/><U39/><E39/><V48/><F48/><RYUUKYOKU ba="0,0" sc="220,10,337,10,493,-20,0,0" hai0="56,60,63,66,68,73,74,82,84,90" hai1="47,49,55,58,62,67,76,79,85,86,87,100,101" /><INIT seed="4,1,0,0,4,54" ten="230,347,473,0" oya="0" hai0="0,95,62,78,48,39,67,118,38,125,134,117,132" hai1="47,131,35,50,74,2,87,96,93,63,91,41,43" hai2="133,112,55,44,126,119,73,105,71,90,72,97,64" hai3=""/><T98/><D0/><U40/><E2/><V42/><F112/><T84/><D125/><U46/><E131/><V37/><F126/><T58/><D39/><U89/><E74/><V111/><F111/><T51/><D51/><U122/><N who="1" m="31264" /><U120/><N who="1" m="30752" /><U61/><E35/><V113/><F113/><T57/><D38/><U109/><E109/><V68/><F133/><N who="0" m="51306" /><D78/><U69/><E69/><V115/><F115/><T65/><D84/><U101/><E91/><V52/><F119/><N who="0" m="45578" /><D48/><U82/><REACH who="1" step="1"/><E47/><REACH who="1" ten="230,337,473,0" step="2"/><V100/><F44/><T103/><D65/><U77/><E77/><V94/><F64/><T108/><D108/><U123/><N who="1" m="31520" /><U60/><AGARI ba="1,1" hai="40,41,43,46,50,60,61,63,82,87,89,93,96,101" m="31520,30752,31264" machi="60" ten="30,9000,2" yaku="1,1,4,1,0,1,8,1,52,3,53,0" doraHai="54" doraHaiUra="127" who="1" fromWho="1" sc="230,-61,337,102,473,-31,0,0" /><INIT seed="5,0,0,5,4,97" ten="169,439,442,0" oya="1" hai0="60,43,68,47,70,80,77,86,79,87,62,72,83" hai1="74,85,56,128,46,78,84,38,2,81,89,129,41" hai2="106,100,44,61,34,64,73,48,108,120,131,130,101" hai3=""/><U90/><E2/><V96/><N who="2" m="30752" /><V105/><F34/><T95/><D43/><U121/><N who="1" m="31008" /><U110/><E110/><V91/><F73/><T118/><D47/><U114/><E114/><V94/><F108/><T36/><D36/><U109/><E109/><V99/><F94/><T76/><D118/><U33/><E33/><V92/><F92/><T82/><D95/><U93/><E56/><V75/><F91/><T45/><D72/><U122/><N who="1" m="31264" /><U35/><E35/><V134/><F75/><T102/><D45/><U116/><E116/><V117/><F134/><T115/><D102/><U51/><E38/><V49/><F117/><T127/><D127/><U57/><E57/><V119/><F119/><T69/><REACH who="0" step="1"/><D115/><REACH who="0" ten="159,439,442,0" step="2"/><U107/><E74/><V3/><F3/><T42/><D42/><U67/><E93/><V65/><F44/><T66/><D66/><U111/><E67/><V63/><AGARI ba="0,1" hai="48,49,61,63,64,65,96,99,100,101,105,106,130,131" m="30752" machi="63" ten="25,9000,2" yaku="0,1,22,2,52,3" doraHai="97" who="2" fromWho="2" sc="159,-30,439,-60,442,100,0,0" /><INIT seed="6,0,0,4,2,93" ten="129,379,542,0" oya="2" hai0="91,63,66,106,115,103,71,79,62,102,67,85,97" hai1="35,33,109,117,46,130,60,131,118,74,125,122,119" hai2="40,98,69,82,73,107,111,47,123,126,80,53,61" hai3=""/><V96/><N who="2" m="31520" /><V132/><F126/><T50/><D115/><U65/><N who="1" m="31264" /><U36/><E74/><V81/><F111/><T0/><D0/><U54/><E109/><V38/><F132/><T42/><D79/><U114/><E33/><V101/><F73/><T77/><D77/><U84/><E84/><V120/><N who="2" m="30752" /><V2/><F2/><T51/><D42/><U90/><E90/><V49/><F98/><T34/><D34/><U129/><E35/><V87/><F69/><T95/><D106/><U64/><E125/><V92/><F61/><T41/><D41/><U1/><E1/><V133/><F133/><T128/><D128/><U127/><E127/><V57/><F107/><T124/><D124/><U68/><E114/><V112/><F112/><T58/><D85/><U43/><E54/><V135/><F135/><T48/><D71/><U59/><E65/><V78/><AGARI ba="0,0" hai="38,40,47,49,53,57,78,80,81,82,87,92,96,101" m="30752,31520" machi="78" ten="20,8000,1" yaku="0,1,7,1,52,3" doraHai="93" who="2" fromWho="2" sc="129,-40,379,-40,542,80,0,0" owari="89,-51.0,339,-6.0,622,57.0,0,0.0" /></mjloggm>