<mjloggm ver="2.3"><GO type="169" lobby="0"/><UN n0="%E9%95%B7%E5%B2%A1" n1="%E7%AD%89%E3%80%85%E5%8A%9B%E5%8A%87%E5%A0%B4" n2="%E3%81%B2%E3%81%94%E3%82%93%E3%81%9F" n3="%E3%83%9C%E3%83%9E%E3%83%BC" dan="16,16,16,16" rate="2089.65,2073.16,2152.53,2216.26" sx="M,M,M,M"/><TAIKYOKU oya="0"/><INIT seed="0,0,0,3,3,131" ten="250,250,250,250" oya="0" hai0="27,46,12,74,40,88,99,104,96,134,70,14,29" hai1="117,127,7,132,81,49,125,9,89,31,45,113,41" hai2="34,109,18,48,67,69,121,111,50,71,87,116,106" hai3="54,82,52,20,24,51,91,94,36,75,86,128,114"/><T68/><D74/><U133/><E117/><V83/><F106/><W42/><G36/><T26/><D134/><N who="1" m="51819" /><E113/><V103/><F116/><W107/><G107/><T64/><D96/><U85/><E31/><V30/><F103/><W33/><G33/><T73/><D73/><U123/><E123/><V22/><F30/><W120/><G128/><T105/><D99/><U2/><AGARI ba="0,0" hai="2,7,9,41,45,49,81,85,89,125,127" m="51819" machi="2" ten="30,7900,0" yaku="20,1,52,3" doraHai="131" who="1" fromWho="1" sc="250,-39,250,79,250,-20,250,-20" /><INIT seed="1,0,0,0,3,79" ten="211,329,230,230" oya="1" hai0="11,121,86,25,33,65,1,132,53,42,14,90,20" hai1="84,55,49,43,16,62,37,134,6,113,10,116,126" hai2="29,103,54,19,61,77,102,88,40,128,22,91,101" hai3="28,8,118,129,127,106,3,80,74,114,34,87,130"/><U135/><E113/><V58/><F128/><N who="3" m="49259" /><G114/><T52/><D132/><N who="1" m="50731" /><E116/><V5/><F40/><W110/><G110/><T46/><D33/><U26/><E126/><V100/><N who="2" m="25600" /><DORA hai="70" /><V0/><F29/><W17/><G106/><T60/><D1/><U13/><E62/><V63/><F63/><W133/><G127/><T111/><D111/><U39/><E43/><V72/><F5/><N who="3" m="1087" /><G118/><T59/><D121/><U67/><E67/><V48/><F61/><W7/><G7/><T124/><D124/><U75/><E75/><V105/><F105/><W57/><G74/><T107/><D107/><U64/><E64/><V50/><F50/><W68/><G68/><T2/><D2/><N who="1" m="343" /><E26/><V69/><F69/><W85/><G85/><T73/><D73/><U97/><E97/><V71/><F71/><W18/><G57/><T38/><D25/><U125/><E125/><V89/><F0/><W47/><G133/><T81/><REACH who="0" step="1"/><D20/><REACH who="0" ten="201,329,230,230" step="2"/><N who="1" m="11279" /><E84/><V36/><F72/><W44/><G87/><T32/><D32/><U117/><E117/><V83/><F22/><W115/><G34/><T131/><D131/><U27/><E27/><V21/><F21/><W82/><G115/><T92/><D92/><U99/><E99/><V93/><F93/><W120/><G47/><AGARI ba="0,1" hai="37,39,47,49,55" m="11279,343,50731" machi="47" ten="30,11600,0" yaku="20,1,52,2,54,1" doraHai="79,70" who="1" fromWho="3" sc="201,0,329,126,230,0,230,-116" /><INIT seed="1,1,0,3,1,65" ten="201,455,230,114" oya="1" hai0="66,38,75,79,100,84,126,17,99,70,46,80,58" hai1="20,83,69,39,9,0,16,110,123,37,53,48,121" hai2="56,62,95,22,111,42,108,18,127,47,117,61,122" hai3="14,5,106,132,134,114,104,102,11,13,63,8,34"/><U85/><E69/><V41/><F117/><W45/><G34/><T52/><D126/><U105/><E105/><V68/><F122/><W6/><G114/><T118/><D118/><U81/><E110/><N who="2" m="42027" /><F127/><W92/><G45/><T91/><D17/><U59/><E83/><V116/><F116/><W7/><G63/><T119/><D119/><U2/><E39/><N who="2" m="21951" /><F95/><W43/><G43/><T103/><D66/><U130/><E37/><V93/><F93/><W26/><G26/><T60/><D70/><U86/><E130/><V98/><F98/><W40/><G40/><T35/><D35/><U55/><E86/><V133/><F42/><W112/><G112/><T10/><D10/><N who="3" m="3625" /><G92/><T50/><D99/><U109/><E109/><V71/><F62/><W115/><G102/><T33/><D33/><U25/><E55/><N who="2" m="33951" /><F133/><N who="3" m="51307" /><G115/><T113/><D113/><U129/><E129/><V77/><F77/><W101/><G101/><T87/><D38/><U73/><E123/><V78/><F78/><W15/><AGARI ba="1,0" hai="5,6,7,13,14,15,104,106" m="51307,3625" machi="15" ten="40,5200,0" yaku="28,2,20,1" doraHai="65" who="3" fromWho="3" sc="201,-14,455,-27,230,-14,114,55" /><INIT seed="2,0,0,4,1,133" ten="187,428,216,169" oya="2" hai0="48,98,14,89,43,36,61,92,81,20,127,130,85" hai1="135,90,27,3,124,105,67,5,22,111,74,108,103" hai2="50,123,23,88,35,10,7,24,132,69,110,62,118" hai3="12,42,54,91,102,101,16,117,96,18,94,119,99"/><V33/><F118/><W32/><G32/><T128/><D36/><U131/><E74/><V19/><F132/><W6/><G42/><T71/><D127/><U58/><E135/><V8/><F123/><W15/><G6/><T86/><D71/><U13/><E3/><V77/><F77/><W72/><G91/><T60/><D128/><U38/><E38/><V31/><F110/><N who="1" m="42025" /><E131/><V116/><F116/><W76/><G76/><T34/><D34/><U79/><E79/><V104/><F104/><W41/><G41/><T17/><D130/><U56/><E67/><V28/><F50/><W115/><G54/><T1/><D1/><U39/><E39/><V44/><F44/><W4/><G4/><T120/><D120/><U70/><E70/><V100/><F100/><W106/><G72/><T80/><D48/><U9/><E90/><V52/><F88/><W37/><G37/><T0/><D0/><U68/><E68/><V84/><F84/><N who="0" m="32362" /><D43/><U82/><E82/><AGARI ba="0,0" hai="14,17,20,60,61,80,81,82,89,92,98" m="32362" machi="82" ten="30,1000,0" yaku="8,1" doraHai="133" who="0" fromWho="1" sc="187,10,428,-10,216,0,169,0" /><INIT seed="3,0,0,2,4,93" ten="197,418,216,169" oya="3" hai0="95,12,6,121,37,70,79,18,8,96,101,9,66" hai1="54,90,42,30,78,132,38,117,19,113,0,68,62" hai2="87,99,15,74,51,13,84,135,14,100,85,116,57" hai3="28,23,26,130,115,17,24,104,112,71,3,86,22"/><W50/><G71/><T52/><D121/><U126/><E113/><V47/><F116/><W43/><G104/><T56/><D37/><U127/><E0/><V123/><F123/><W114/><G86/><T2/><D79/><U105/><E30/><V36/><F74/><W44/><REACH who="3" step="1"/><G3/><REACH who="3" ten="197,418,216,159" step="2"/><T10/><D70/><U63/><E105/><V11/><F135/><W20/><G20/><T83/><D83/><U128/><E68/><V81/><F36/><W110/><G110/><T131/><D131/><AGARI ba="0,1" hai="17,22,23,24,26,28,43,44,50,112,114,115,130,131" machi="131" ten="50,2400,0" yaku="1,1,53,0" doraHai="93" doraHaiUra="55" who="3" fromWho="0" sc="197,-24,418,0,216,0,159,34" /><INIT seed="3,1,0,2,0,98" ten="173,418,216,193" oya="3" hai0="66,40,39,103,64,85,122,37,0,29,57,92,80" hai1="12,56,52,105,61,44,33,18,55,67,47,81,130" hai2="86,132,121,119,90,46,75,20,110,14,125,87,48" hai3="97,35,63,79,102,34,32,11,7,24,58,19,108"/><W73/><G108/><T43/><D122/><U4/><E33/><V76/><F119/><W120/><G120/><T115/><D0/><U100/><E130/><V126/><F121/><W74/><G79/><T77/><D115/><U88/><E4/><V22/><F110/><W45/><G45/><N who="1" m="17482" /><E105/><V118/><F118/><W91/><G91/><T71/><D71/><U30/><E30/><V36/><F36/><W13/><G7/><T78/><D29/><U62/><E62/><V21/><F14/><W8/><G8/><T65/><D77/><U124/><E124/><N who="2" m="47723" /><F132/><W42/><G42/><T1/><D1/><U129/><E129/><V3/><F3/><W94/><REACH who="3" step="1"/><G24/><REACH who="3" ten="173,418,216,183" step="2"/><T109/><D109/><U60/><E88/><V107/><F90/><W131/><G131/><T101/><D37/><U89/><E89/><V10/><F10/><W72/><G72/><T135/><D39/><U31/><E81/><N who="2" m="45215" /><F107/><W28/><G28/><T15/><D92/><U23/><E31/><V114/><F114/><W112/><G112/><T38/><D38/><U51/><E18/><V41/><AGARI ba="1,1" hai="20,21,22,41,46,48,86,87" m="45215,47723" machi="41" ten="30,1100,0" yaku="18,1" doraHai="98" who="2" fromWho="2" sc="173,-4,418,-4,216,24,183,-6" /><INIT seed="4,0,0,1,2,1" ten="169,414,240,177" oya="0" hai0="47,126,83,45,12,15,59,77,116,75,9,4,67" hai1="129,8,90,51,28,134,131,33,64,74,14,29,79" hai2="40,123,117,31,72,96,76,10,41,91,25,11,34" hai3="37,130,0,112,107,55,13,111,42,21,19,7,22"/><T57/><D116/><U113/><E64/><V38/><F123/><W120/><G107/><T95/><D126/><U86/><E134/><V115/><F115/><W119/><G119/><T49/><D95/><U6/><E113/><V84/><F117/><W85/><G112/><T17/><D67/><U26/><E29/><V2/><F96/><W127/><G120/><T65/><D65/><U16/><E79/><V78/><F11/><W97/><G111/><T3/><D3/><U46/><E74/><V44/><F41/><W53/><G127/><T56/><REACH who="0" step="1"/><D49/><REACH who="0" ten="159,414,240,177" step="2"/><U89/><E131/><V32/><F2/><W30/><G130/><T128/><D128/><U73/><E129/><V60/><F38/><W114/><G0/><T102/><D102/><U18/><E73/><V62/><F72/><W118/><G37/><T82/><D82/><U108/><E108/><V99/><F62/><W98/><G118/><T121/><D121/><U68/><E68/><V27/><F60/><W106/><G114/><T48/><D48/><U61/><E61/><V58/><F99/><W50/><G50/><T71/><D71/><U125/><E125/><V100/><F100/><W20/><G106/><T87/><D87/><U101/><E101/><V70/><F70/><W66/><G85/><T54/><D54/><U69/><E69/><V63/><F63/><W23/><G66/><T80/><D80/><U81/><E90/><V124/><F91/><W5/><G55/><AGARI ba="0,1" hai="6,8,14,16,18,26,28,33,46,51,55,81,86,89" machi="55" ten="30,3900,0" yaku="7,1,52,1,54,1" doraHai="1" who="1" fromWho="3" sc="159,0,414,49,240,0,177,-39" /><INIT seed="5,0,0,5,1,113" ten="159,463,240,138" oya="1" hai0="19,71,92,96,65,25,30,106,11,108,21,87,94" hai1="1,35,14,17,118,38,75,20,76,82,100,39,77" hai2="130,119,107,127,91,54,69,45,120,74,37,15,53" hai3="79,31,49,86,12,89,58,131,60,50,125,67,8"/><U88/><E35/><V110/><RYUUKYOKU type="yao9" ba="0,0" sc="159,0,463,0,240,0,138,0" hai2="15,37,45,53,54,69,74,91,107,110,119,120,127,130" /><INIT seed="5,1,0,0,0,35" ten="159,463,240,138" oya="1" hai0="29,44,63,22,43,74,46,113,51,99,61,129,124" hai1="19,0,94,92,133,111,130,50,100,66,53,52,36" hai2="101,132,76,89,65,23,120,13,8,75,28,117,59" hai3="134,17,91,11,96,77,45,34,82,119,95,62,105"/><U127/><E36/><V121/><F117/><W73/><G34/><T37/><D74/><U48/><E0/><V108/><F108/><W5/><G134/><T106/><D113/><U24/><E130/><V54/><F132/><W9/><G119/><T90/><D129/><U116/><E116/><V64/><F101/><W131/><G131/><T6/><D124/><U81/><E133/><V126/><F126/><W21/><G62/><T83/><D6/><U79/><E127/><V123/><F75/><W85/><G45/><T135/><D135/><U118/><E118/><V16/><F76/><W128/><G128/><T72/><D72/><U115/><E115/><V80/><F80/><W40/><G40/><T67/><D67/><U102/><E66/><V58/><F89/><W30/><G30/><T25/><D106/><U41/><E41/><V103/><F59/><W31/><G31/><T78/><D78/><U71/><E71/><V1/><F103/><W10/><G105/><T125/><D125/><U68/><E68/><V56/><F56/><W42/><G42/><T38/><D38/><U88/><E111/><V112/><F112/><W86/><REACH who="3" step="1"/><G5/><REACH who="3" ten="159,463,240,128" step="2"/><T98/><D44/><U109/><E109/><V27/><F65/><W104/><G104/><T14/><D37/><U97/><E53/><V18/><F64/><W110/><G110/><T26/><D29/><U107/><E107/><V33/><F54/><W15/><AGARI ba="1,1" hai="9,10,11,15,17,21,73,77,82,85,86,91,95,96" machi="15" ten="30,4000,0" yaku="1,1,0,1,53,1" doraHai="35" doraHaiUra="87" who="3" fromWho="3" sc="159,-11,463,-21,240,-11,128,53" /><INIT seed="6,0,0,4,2,72" ten="148,442,229,181" oya="2" hai0="87,127,121,19,82,3,113,104,83,45,92,135,54" hai1="0,106,27,120,109,100,48,134,17,28,5,96,63" hai2="81,40,66,122,102,52,89,115,37,94,65,18,31" hai3="124,44,98,56,42,114,118,10,93,8,46,79,16"/><V35/><F122/><W41/><G118/><T24/><D121/><U105/><E120/><V76/><F115/><W32/><G32/><T6/><D104/><U68/><E109/><V126/><F126/><W101/><G124/><T50/><D127/><U70/><E134/><V103/><F40/><W78/><G56/><T123/><D123/><U15/><E106/><V62/><F37/><W2/><G2/><T73/><D135/><U58/><E5/><V12/><F31/><W133/><G114/><T86/><D73/><U26/><E0/><V30/><F30/><W117/><G117/><T77/><D92/><U59/><E48/><V64/><F35/><W80/><G80/><T129/><D129/><U4/><E4/><V13/><F13/><N who="3" m="7207" /><G10/><T39/><D39/><U29/><E28/><V61/><F103/><W74/><G74/><T97/><D113/><U49/><E49/><V23/><F102/><W14/><G14/><T75/><D83/><U55/><E59/><V51/><F94/><W47/><G133/><T130/><D130/><U7/><E7/><V53/><F89/><W36/><G36/><T116/><D116/><U25/><REACH who="1" step="1"/><E29/><REACH who="1" ten="148,432,229,181" step="2"/><V95/><F51/><W128/><G128/><T108/><D108/><U110/><E110/><V33/><F33/><W91/><G101/><T69/><D6/><U9/><AGARI ba="0,1" hai="9,15,17,25,26,27,55,58,63,68,70,96,100,105" machi="9" ten="30,8000,1" yaku="1,1,0,1,53,3" doraHai="72" doraHaiUra="21" who="1" fromWho="1" sc="148,-20,432,90,229,-40,181,-20" /><INIT seed="7,0,0,1,0,57" ten="128,522,189,161" oya="3" hai0="56,29,74,85,20,120,113,105,6,110,59,63,131" hai1="70,91,84,41,1,40,106,87,46,14,55,50,119" hai2="2,30,130,58,88,116,82,133,80,122,34,11,26" hai3="125,10,21,3,98,109,127,71,114,23,42,54,67"/><W37/><G109/><T8/><D110/><U92/><E1/><V81/><F116/><W103/><G114/><T33/><D120/><U43/><E106/><V76/><F122/><W99/><G99/><T72/><D105/><U126/><E70/><V25/><F130/><W64/><G54/><T128/><D33/><U101/><E101/><V124/><F124/><N who="3" m="47691" /><G42/><T97/><D97/><U93/><E126/><V32/><F133/><W86/><G86/><T104/><D104/><U53/><E119/><V35/><F76/><W61/><G67/><T24/><D85/><U89/><E55/><V9/><F88/><W65/><G65/><T75/><D113/><U12/><AGARI ba="0,0" hai="12,14,40,41,43,46,50,53,84,87,89,91,92,93" machi="12" ten="30,4000,0" yaku="0,1,9,1,8,1" doraHai="57" who="1" fromWho="1" sc="128,-10,522,40,189,-10,161,-20" owari="118,-38.0,562,66.0,179,-2.0,141,-26.0" /></mjloggm>