<mjloggm ver="2.3"><GO type="169" lobby="0"/><UN n0="%E7%B7%91%E3%81%AE%E3%83%A9%E3%83%B3%E3%83%97" n1="%E3%81%88%E3%81%B3%E3%81%A9%E3%82%8A%E3%81%82" n2="%79%6F%75%61%6C%70%68%61" n3="%E3%82%84%E3%81%B6%E3%81%84%E3%81%97%E3%82%83" dan="16,16,17,16" rate="2153.04,2051.82,2184.25,2054.31" sx="M,M,M,M"/><TAIKYOKU oya="0"/><INIT seed="0,0,0,5,4,1" ten="250,250,250,250" oya="0" hai0="77,67,82,11,95,92,125,29,18,68,38,21,90" hai1="111,74,96,4,32,49,129,50,24,116,34,84,104" hai2="69,14,25,66,120,117,35,89,64,30,85,59,110" hai3="44,102,23,80,118,37,103,131,57,81,87,56,79"/><T133/><D38/><U55/><E74/><V99/><F120/><W124/><G118/><T33/><D133/><U10/><E116/><V22/><F110/><W40/><G124/><T6/><D125/><U8/><E111/><V61/><F117/><W78/><G131/><T13/><D68/><U41/><E8/><V70/><F99/><W114/><G114/><T16/><D67/><U19/><E41/><V75/><F75/><W73/><G57/><T42/><D42/><U53/><E84/><V107/><F107/><W27/><REACH who="3" step="1"/><G56/><REACH who="3" ten="250,250,250,240" step="2"/><T45/><D45/><U122/><E129/><V65/><F69/><W93/><G93/><T51/><D95/><U100/><E122/><V0/><F70/><W134/><G134/><T91/><D92/><U109/><E109/><V28/><F59/><W43/><G43/><T112/><D112/><U47/><E55/><V132/><F132/><W60/><G60/><T130/><D130/><U106/><E106/><V98/><F61/><W71/><G71/><T26/><D51/><U31/><E49/><V119/><F119/><W46/><G46/><T83/><D83/><U72/><E50/><V105/><F105/><W54/><G54/><T127/><D127/><U62/><E53/><V63/><F63/><W20/><G20/><T52/><D52/><U58/><E47/><V76/><F22/><W3/><G3/><N who="0" m="479" /><D18/><AGARI ba="0,1" hai="18,23,27,37,40,44,73,78,79,80,81,87,102,103" machi="18" ten="30,2000,0" yaku="1,1,7,1,53,0" doraHai="1" doraHaiUra="108" who="3" fromWho="0" sc="250,-20,250,0,250,0,240,30" /><INIT seed="1,0,0,4,3,132" ten="230,250,250,270" oya="1" hai0="130,60,98,77,125,67,23,64,6,80,92,126,3" hai1="103,9,15,58,42,55,124,75,14,116,45,17,16" hai2="97,81,56,93,102,112,74,0,91,121,32,51,43" hai3="25,131,19,41,36,128,29,96,78,12,109,123,82"/><U73/><E116/><V57/><F121/><W115/><G123/><T8/><D23/><U52/><E103/><V62/><F0/><W1/><G115/><T86/><D130/><U89/><E89/><V2/><F2/><W66/><G1/><T63/><D60/><U61/><E55/><V22/><F32/><W90/><G66/><T105/><D105/><U39/><REACH who="1" step="1"/><E124/><REACH who="1" ten="230,240,250,270" step="2"/><N who="0" m="47721" /><D63/><U85/><E85/><V7/><F102/><AGARI ba="0,1" hai="3,6,8,64,67,77,80,86,92,98,102" m="47721" machi="102" ten="30,7700,0" yaku="18,1,52,3" doraHai="132" who="0" fromWho="2" sc="230,87,240,0,250,-77,270,0" /><INIT seed="2,0,0,4,2,57" ten="317,240,173,270" oya="2" hai0="78,133,91,20,84,65,103,110,109,126,63,66,47" hai1="74,80,5,125,0,119,72,121,48,111,44,112,129" hai2="102,52,33,99,89,15,11,38,13,85,1,68,69" hai3="131,45,75,97,60,10,101,8,12,46,43,2,128"/><V77/><F38/><W64/><G75/><T53/><D78/><U104/><RYUUKYOKU type="yao9" ba="0,0" sc="317,0,240,0,173,0,270,0" hai1="0,5,44,48,72,74,80,104,111,112,119,121,125,129" /><INIT seed="2,1,0,4,2,22" ten="317,240,173,270" oya="2" hai0="62,87,47,135,18,55,85,125,110,129,89,49,12" hai1="0,108,78,40,121,27,30,92,1,63,59,112,68" hai2="57,103,76,37,102,98,79,14,60,75,32,8,128" hai3="9,23,70,107,83,106,91,20,74,126,120,36,45"/><V73/><F37/><W88/><G70/><T64/><D110/><U51/><E112/><V26/><F128/><W116/><G36/><T133/><D129/><U31/><E68/><V6/><F75/><W39/><G39/><T97/><D97/><U69/><E69/><V117/><F117/><W10/><G45/><T86/><D125/><U104/><E104/><V2/><F73/><W52/><G74/><T17/><D89/><U130/><E121/><V56/><F102/><W127/><G83/><T44/><D44/><U122/><E122/><V3/><F57/><W99/><G120/><T15/><D62/><U95/><E78/><V111/><F111/><W25/><G99/><T35/><D35/><U65/><E31/><V82/><F82/><W90/><G116/><T100/><D64/><U84/><E108/><V123/><F3/><W81/><G81/><T114/><D100/><U105/><E105/><N who="3" m="39946" /><G52/><T115/><D115/><U96/><E84/><V58/><F58/><W118/><G118/><T67/><D67/><U72/><E72/><V16/><F123/><W24/><G23/><T113/><D113/><U19/><E59/><V80/><F80/><W101/><G20/><N who="0" m="11303" /><D114/><U93/><E96/><V5/><F98/><W38/><G101/><T48/><D48/><U131/><E51/><V42/><F103/><W119/><G38/><T71/><D71/><U33/><E131/><V94/><F76/><W13/><G119/><T34/><D34/><U11/><E130/><V124/><F79/><W54/><G126/><T21/><D87/><U4/><E33/><V109/><F124/><RYUUKYOKU ba="1,0" sc="317,30,240,-10,173,-10,270,-10" hai0="15,18,21,47,49,55,85,86,133,135" /><INIT seed="3,2,0,5,1,76" ten="347,230,163,260" oya="3" hai0="74,52,133,93,98,34,120,7,79,64,19,40,114" hai1="41,83,103,118,110,37,78,47,105,87,44,46,62" hai2="10,60,135,30,68,20,12,100,95,72,9,70,125" hai3="56,66,31,81,42,106,65,17,21,112,101,14,25"/><W104/><G112/><T69/><D40/><U84/><E118/><V22/><F135/><W107/><G101/><T11/><D120/><U80/><E110/><V36/><F36/><W86/><G42/><T130/><D133/><U6/><E105/><V108/><F108/><W113/><G56/><T58/><D34/><U48/><E103/><V26/><F125/><W97/><G97/><T123/><D123/><U43/><E6/><V13/><F72/><W33/><REACH who="3" step="1"/><G113/><REACH who="3" ten="347,230,163,250" step="2"/><T39/><D114/><U88/><E46/><V122/><F122/><W128/><G128/><T99/><D99/><U121/><E121/><V126/><F126/><W49/><G49/><T8/><D39/><U24/><E62/><V55/><F68/><W54/><G54/><T131/><D69/><U89/><REACH who="1" step="1"/><E24/><REACH who="1" ten="347,220,163,250" step="2"/><V71/><F60/><W61/><G61/><T67/><D131/><U51/><E51/><V18/><F26/><W5/><G5/><T91/><D7/><U50/><E50/><V57/><F70/><W119/><G119/><T96/><D130/><U15/><E15/><V53/><F71/><W16/><G16/><T127/><D127/><U4/><E4/><V94/><F18/><W92/><G92/><T82/><D19/><U75/><E75/><V124/><F124/><W117/><G117/><T132/><D132/><U90/><AGARI ba="2,2" hai="37,41,43,44,47,48,78,80,83,84,87,88,89,90" machi="90" ten="20,12000,2" yaku="1,1,0,1,7,1,52,2,54,1,53,0" doraHai="76" doraHaiUra="29" who="1" fromWho="1" sc="347,-32,220,146,163,-32,250,-62" /><INIT seed="4,0,0,5,3,113" ten="315,366,131,188" oya="0" hai0="106,112,116,99,5,73,97,56,41,32,92,88,121" hai1="17,101,103,111,60,71,95,15,35,93,13,11,129" hai2="133,89,53,75,18,66,90,67,61,8,6,59,84" hai3="130,107,131,109,81,74,64,132,9,47,65,4,49"/><T102/><D32/><U115/><E35/><V85/><F75/><W12/><G107/><T123/><D5/><U26/><E111/><V19/><F133/><W120/><G109/><T22/><D41/><U76/><E129/><N who="3" m="49162" /><G120/><T119/><D56/><U45/><E76/><V25/><F6/><W34/><G34/><T114/><D22/><U104/><E45/><V54/><F25/><W122/><G132/><T63/><D63/><U125/><E26/><V117/><F59/><W31/><G31/><T16/><D16/><U21/><E104/><V118/><F61/><W86/><G74/><T110/><D73/><U38/><E38/><V98/><F98/><W79/><G122/><N who="0" m="46603" /><D110/><U108/><E60/><V30/><REACH who="2" step="1"/><F8/><REACH who="2" ten="315,366,121,188" step="2"/><W83/><G83/><T127/><D127/><U51/><E11/><V39/><F39/><W82/><G81/><T100/><D100/><U134/><E103/><V46/><F46/><W48/><G49/><T94/><D106/><U44/><E51/><V128/><F128/><W50/><G48/><T78/><D78/><U124/><E125/><V72/><F72/><W37/><G37/><T27/><D27/><U33/><E124/><V70/><F70/><W69/><G69/><T2/><D2/><U52/><E71/><V43/><F43/><AGARI ba="0,1" hai="4,9,12,43,47,50,64,65,79,82,86" m="49162" machi="43" ten="30,2000,0" yaku="25,1,19,1" doraHai="113" who="3" fromWho="2" sc="315,0,366,0,121,-20,188,30" /><INIT seed="5,0,0,1,5,34" ten="315,366,101,218" oya="1" hai0="77,111,61,66,35,2,10,17,22,107,59,109,95" hai1="57,64,132,68,7,20,103,29,3,87,18,56,44" hai2="39,11,36,98,63,48,8,1,117,79,125,73,25" hai3="51,23,134,27,85,112,116,133,74,67,75,12,124"/><U26/><E132/><N who="3" m="50794" /><G116/><T14/><D107/><U32/><E103/><V89/><F117/><W104/><G104/><T38/><D38/><U113/><E113/><V40/><F125/><W86/><G124/><T96/><D77/><U94/><E44/><V135/><F135/><W114/><G12/><T69/><D69/><U92/><E68/><V72/><F25/><W110/><G67/><T82/><D82/><U108/><E108/><V6/><F63/><W46/><G110/><T76/><D76/><U131/><E131/><V24/><F24/><W84/><G51/><T31/><D31/><U21/><E21/><V33/><F33/><W101/><G46/><T121/><D35/><U19/><E19/><V105/><F48/><W122/><G101/><T97/><D97/><U47/><E47/><V53/><F53/><W55/><G55/><T118/><D121/><U129/><E129/><V128/><F128/><W0/><G0/><T45/><D45/><U37/><E37/><V93/><F105/><W71/><G71/><T88/><REACH who="0" step="1"/><D118/><REACH who="0" ten="305,366,101,218" step="2"/><U127/><E127/><V41/><F39/><W100/><G122/><T52/><D52/><U43/><E56/><V102/><F36/><W78/><G78/><T15/><D15/><U65/><E57/><V83/><F73/><N who="3" m="27659" /><G100/><T90/><D90/><U120/><E64/><V9/><REACH who="2" step="1"/><F102/><REACH who="2" ten="305,366,91,218" step="2"/><W80/><G80/><T54/><D54/><U123/><E120/><V4/><F4/><AGARI ba="0,2" hai="2,4,10,14,17,22,59,61,66,88,95,96,109,111" machi="4" ten="40,8000,1" yaku="1,1,52,1,54,1,53,1" doraHai="34" doraHaiUra="62" who="0" fromWho="2" sc="305,100,366,0,91,-80,218,0" /><INIT seed="6,0,0,3,1,130" ten="405,366,11,218" oya="2" hai0="36,14,99,26,78,20,42,88,90,81,25,51,66" hai1="109,115,70,112,56,79,80,113,85,5,48,86,100" hai2="15,131,19,126,123,7,101,16,55,96,12,68,43" hai3="18,129,83,2,84,59,94,24,10,46,92,135,122"/><V52/><F123/><W54/><G122/><T30/><D36/><U104/><E70/><V91/><F131/><W93/><G129/><T53/><D42/><U120/><E120/><V125/><F68/><W114/><G114/><T69/><D99/><N who="1" m="61471" /><E5/><V95/><F43/><W29/><G135/><T76/><D69/><U50/><E56/><V35/><F35/><W40/><G2/><T47/><D66/><U89/><E50/><V60/><F101/><W41/><G10/><T102/><D102/><U37/><E48/><V8/><F60/><W34/><G18/><T108/><D108/><U1/><E37/><V118/><F118/><W39/><G40/><T13/><D26/><U82/><E1/><V44/><F44/><W121/><G121/><T57/><D57/><U132/><E109/><V72/><F72/><W73/><G73/><T110/><D110/><U67/><E67/><V38/><F38/><W98/><G98/><T74/><D78/><U0/><E0/><V28/><F28/><W107/><G107/><T65/><D65/><U134/><AGARI ba="0,0" hai="79,80,82,85,86,89,112,113,115,132,134" m="61471" machi="134" ten="40,8000,1" yaku="15,1,34,2,52,2" doraHai="130" who="1" fromWho="1" sc="405,-20,366,80,11,-40,218,-20" owari="385,19.0,446,54.0,-29,-53.0,198,-20.0" /></mjloggm>