<mjloggm ver="2.3"><GO type="169" lobby="0"/><UN n0="%EF%BC%A7%EF%BC%A1%EF%BC%AD%EF%BC%A5" n1="%53%63%61%6E%64%61%6C" n2="%73%7A%2E%64%31" n3="%74%6F%72%69%30%36%31%32" dan="16,16,16,17" rate="2065.87,2137.28,2080.41,2192.86" sx="M,M,M,M"/><TAIKYOKU oya="0"/><INIT seed="0,0,0,0,4,109" ten="250,250,250,250" oya="0" hai0="63,86,123,110,46,112,71,93,20,22,85,16,28" hai1="122,29,50,99,98,66,111,44,39,23,83,56,0" hai2="91,116,3,55,75,108,14,95,76,88,18,132,77" hai3="72,32,40,42,4,74,26,37,64,34,41,84,38"/><T103/><D123/><U36/><E122/><V97/><F3/><W35/><G26/><T73/><D73/><N who="3" m="28265" /><G84/><T124/><D124/><U82/><E0/><V118/><F132/><W128/><G64/><T51/><D110/><U21/><E56/><V30/><F30/><W105/><G105/><T54/><D112/><U121/><E66/><V47/><F108/><W24/><G24/><T80/><D28/><U15/><E111/><V60/><F75/><W25/><G25/><T125/><D22/><U134/><E134/><V133/><F133/><W43/><N who="3" m="10240" /><DORA hai="8" /><W115/><G128/><T79/><D125/><U1/><E1/><V113/><F113/><W33/><N who="3" m="8192" /><DORA hai="78" /><W62/><G62/><T92/><D85/><U11/><E121/><V106/><F60/><W19/><G19/><T57/><D71/><U17/><E36/><N who="3" m="13930" /><G115/><T101/><D93/><U126/><E39/><V68/><F106/><W49/><G49/><T130/><D92/><U45/><E29/><V10/><F76/><W100/><G100/><T53/><REACH who="0" step="1"/><D130/><REACH who="0" ten="240,250,250,250" step="2"/><U12/><E126/><V107/><F95/><W119/><G119/><T9/><D9/><U117/><E117/><V61/><F116/><W6/><AGARI ba="0,1" hai="4,6" m="13930,8192,10240,28265" machi="6" ten="80,5200,0" yaku="28,2" doraHai="109,8,78" who="3" fromWho="3" sc="240,-26,250,-13,250,-13,250,62" /><INIT seed="1,0,0,3,0,64" ten="214,237,237,312" oya="1" hai0="31,58,124,27,72,101,69,23,21,3,105,115,80" hai1="19,109,86,104,32,61,122,12,74,41,34,102,25" hai2="88,108,2,55,114,96,26,10,107,134,85,77,117" hai3="20,6,29,103,67,33,116,13,4,84,52,37,30"/><U22/><E74/><V39/><F39/><W53/><G37/><T51/><D115/><U120/><E109/><V35/><F108/><W76/><G33/><T106/><D3/><U129/><E129/><V123/><F114/><W14/><G67/><T70/><D23/><U17/><E41/><V9/><F123/><W49/><G103/><T94/><D94/><U132/><E86/><V7/><F134/><W42/><G42/><T81/><D124/><U15/><E61/><V71/><F77/><W47/><G53/><T98/><D105/><U113/><E102/><V0/><F55/><W79/><G116/><T11/><D11/><N who="1" m="6303" /><E104/><V5/><F117/><W110/><G110/><T121/><D121/><N who="1" m="46699" /><E113/><V119/><F119/><W54/><G84/><T65/><D72/><U95/><E95/><V82/><F107/><W36/><G36/><T131/><D131/><U130/><E130/><V118/><F96/><W66/><G66/><T68/><REACH who="0" step="1"/><D51/><REACH who="0" ten="204,237,237,312" step="2"/><U126/><E126/><V24/><F118/><W127/><G127/><T128/><D128/><U28/><E132/><V18/><F35/><AGARI ba="0,1" hai="15,19,22,25,28,32,34,35" m="46699,6303" machi="35" ten="30,2900,0" yaku="34,2" doraHai="64" who="1" fromWho="2" sc="204,0,237,39,237,-29,312,0" /><INIT seed="1,1,0,5,3,96" ten="204,276,208,312" oya="1" hai0="38,103,55,106,22,34,4,72,39,71,73,68,20" hai1="24,43,134,89,122,51,74,46,129,21,31,9,42" hai2="11,112,63,124,127,101,47,65,111,40,3,102,26" hai3="75,135,10,18,79,95,70,121,91,123,120,88,14"/><U1/><E122/><V48/><F111/><W62/><G135/><T57/><D4/><U128/><E134/><V118/><F118/><W58/><G70/><T30/><D34/><U45/><E74/><V83/><F112/><W100/><G79/><T133/><D133/><U109/><E109/><V28/><F83/><W67/><REACH who="3" step="1"/><G75/><REACH who="3" ten="204,276,208,302" step="2"/><T15/><D73/><U125/><E125/><N who="2" m="48203" /><F3/><W76/><G76/><T12/><D72/><U44/><E89/><V105/><F105/><W54/><G54/><T56/><D55/><U113/><E113/><V59/><F11/><W19/><G19/><T27/><D106/><U2/><E9/><V25/><F25/><W16/><G16/><T80/><D27/><U37/><REACH who="1" step="1"/><E45/><REACH who="1" ten="204,266,208,302" step="2"/><V131/><F131/><AGARI ba="1,2" hai="1,2,21,24,31,37,42,43,44,46,51,128,129,131" machi="131" ten="40,12000,1" yaku="1,1,2,1,19,1,53,2" doraHai="96" doraHaiUra="41" who="1" fromWho="2" sc="204,0,266,143,208,-123,302,0" /><INIT seed="1,2,0,2,0,87" ten="204,409,85,302" oya="1" hai0="10,123,118,77,57,44,135,69,26,102,134,124,32" hai1="19,3,116,101,113,45,85,20,68,121,129,4,81" hai2="63,78,80,60,99,37,13,72,12,75,5,84,71" hai3="49,22,70,52,58,39,107,126,2,64,35,95,105"/><U125/><E68/><V128/><F37/><W51/><G35/><T41/><D102/><U56/><E113/><V43/><F128/><W97/><G2/><T109/><D77/><U55/><E116/><V82/><F43/><W110/><G126/><T62/><D10/><N who="1" m="2335" /><E45/><V127/><F127/><W1/><G1/><T9/><D9/><U130/><E101/><V100/><F5/><W21/><G39/><T108/><D26/><U16/><E20/><V67/><F63/><W131/><G131/><N who="1" m="50186" /><E121/><V48/><F48/><W29/><G51/><N who="0" m="27023" /><D32/><U23/><E23/><V30/><F30/><W6/><G22/><T15/><D15/><U7/><E7/><V74/><REACH who="2" step="1"/><F80/><REACH who="2" ten="204,409,75,302" step="2"/><W114/><G6/><T83/><D83/><U93/><E125/><V25/><F25/><W103/><G114/><T8/><D124/><U132/><E81/><V96/><F96/><W66/><G97/><T90/><D123/><U53/><E19/><V111/><F111/><W14/><G110/><T59/><D118/><U133/><E16/><V115/><F115/><W88/><G29/><T31/><D31/><U117/><E117/><V54/><F54/><N who="1" m="20489" /><E56/><V46/><F46/><W47/><G58/><T91/><D108/><U38/><E38/><V11/><F11/><W17/><G70/><T24/><D8/><U61/><E61/><V122/><F122/><W76/><G17/><T104/><D109/><U94/><E85/><V89/><F89/><N who="0" m="33802" /><D24/><U34/><E34/><V28/><F28/><W36/><G36/><T65/><D104/><AGARI ba="2,1" hai="12,13,60,67,71,72,74,75,78,82,84,99,100,104" machi="104" ten="40,1300,0" yaku="1,1,53,0" doraHai="87" doraHaiUra="119" who="2" fromWho="0" sc="204,-19,409,0,75,29,302,0" /><INIT seed="2,0,0,2,5,71" ten="185,409,104,302" oya="2" hai0="62,116,118,14,103,47,98,75,110,5,108,26,135" hai1="121,1,63,30,31,112,24,32,105,82,8,133,16" hai2="104,97,101,49,93,51,60,64,83,87,58,73,111" hai3="45,130,124,78,37,106,34,88,86,80,109,119,48"/><V41/><F111/><N who="0" m="42538" /><D75/><U6/><E105/><V39/><F41/><W17/><G34/><T77/><D77/><U57/><E112/><V90/><REACH who="2" step="1"/><F39/><REACH who="2" ten="185,409,94,302" step="2"/><W29/><G37/><T4/><D135/><U85/><E133/><V0/><F0/><W50/><G109/><T54/><D118/><U127/><E1/><V11/><F11/><W13/><G119/><T46/><D116/><U42/><E42/><V129/><F129/><W74/><G130/><T117/><D117/><U131/><E131/><V113/><F113/><W28/><G124/><T61/><D61/><U100/><E127/><V27/><F27/><W53/><G50/><T132/><D62/><U115/><E63/><V22/><F22/><W44/><G44/><T20/><D26/><U10/><E8/><V81/><F81/><N who="3" m="49231" /><G106/><T18/><D132/><U94/><E10/><AGARI ba="0,1" hai="10,13,17,28,29,45,48,53,74,78,80" m="49231" machi="10" ten="30,2000,0" yaku="25,1,54,1" doraHai="71" who="3" fromWho="1" sc="185,0,409,-20,94,0,302,30" /><INIT seed="3,0,0,2,3,54" ten="185,389,94,332" oya="3" hai0="10,116,98,112,73,12,113,45,101,35,127,88,90" hai1="15,135,75,6,34,131,115,107,31,14,67,53,134" hai2="0,40,69,4,11,18,132,82,51,91,25,108,105" hai3="30,117,66,21,85,96,80,32,129,84,64,55,20"/><W72/><G32/><T17/><D73/><U77/><E115/><N who="0" m="44105" /><D35/><U52/><E107/><V60/><F105/><W94/><G72/><T48/><D127/><U49/><E67/><N who="3" m="25642" /><G117/><T87/><D87/><N who="3" m="33353" /><G80/><T125/><D125/><U61/><E77/><V110/><F132/><W5/><G129/><T56/><D56/><N who="1" m="34959" /><E75/><V39/><F39/><W70/><G70/><T7/><D7/><U58/><E6/><V118/><F118/><W121/><G121/><T44/><D116/><U74/><E74/><V128/><F128/><W57/><G5/><T93/><D45/><U23/><E34/><V1/><F1/><W8/><G8/><T76/><D76/><U9/><E9/><V65/><F82/><W86/><G86/><T71/><D71/><U109/><E131/><V38/><F91/><N who="3" m="55391" /><G30/><T126/><D126/><U59/><E31/><V78/><F38/><W42/><G42/><AGARI ba="0,0" hai="10,12,17,42,44,48,88,90,93,98,101" m="44105" machi="42" ten="30,2000,0" yaku="11,1,54,1" doraHai="54" who="0" fromWho="3" sc="185,20,389,0,94,0,332,-20" /><INIT seed="4,0,0,0,0,127" ten="205,389,94,312" oya="0" hai0="106,40,95,61,1,103,4,81,82,98,65,22,129" hai1="11,107,59,130,9,14,90,26,100,69,31,93,41" hai2="56,10,113,42,124,99,3,53,101,121,75,34,91" hai3="55,44,78,67,88,19,37,32,2,105,108,7,54"/><T119/><D129/><U132/><E130/><V36/><F34/><W15/><G105/><T89/><D119/><U112/><E69/><V52/><F121/><W76/><G32/><T12/><D1/><U46/><E132/><V86/><F113/><W25/><G2/><T92/><D40/><U64/><E100/><V5/><F124/><W83/><G108/><T45/><D45/><U24/><E107/><V72/><F53/><N who="3" m="19979" /><G67/><T51/><D51/><U118/><E9/><V50/><F42/><W74/><G74/><T96/><D106/><U111/><E111/><V70/><F36/><W114/><G37/><T120/><D120/><U18/><E112/><V71/><F72/><W43/><G25/><T58/><REACH who="0" step="1"/><D22/><REACH who="0" ten="195,389,94,312" step="2"/><N who="1" m="15831" /><E118/><V29/><F75/><W35/><G35/><T94/><D94/><U133/><E46/><V117/><F117/><W123/><G123/><T23/><D23/><U20/><E41/><V66/><F3/><W87/><G114/><T135/><D135/><U97/><E133/><V134/><F134/><W62/><G44/><T77/><D77/><U0/><E0/><V63/><F50/><W16/><G43/><T17/><D17/><N who="3" m="6729" /><G62/><T13/><D13/><U125/><E125/><V102/><F63/><W84/><G78/><T48/><D48/><U33/><E33/><V8/><F5/><W128/><G128/><T30/><D30/><U38/><E38/><V28/><F29/><W122/><G122/><T80/><D80/><U115/><E115/><V47/><F28/><W49/><G49/><T57/><D57/><U60/><E14/><V131/><F131/><RYUUKYOKU ba="0,1" sc="195,15,389,15,94,-15,312,-15" hai0="4,12,58,61,65,81,82,89,92,95,96,98,103" hai1="11,18,20,24,59,60,64,90,93,97" /><INIT seed="4,1,1,0,2,79" ten="210,404,79,297" oya="0" hai0="28,22,0,65,77,19,39,111,97,78,76,18,96" hai1="37,2,133,129,60,95,74,49,116,3,99,67,90" hai2="48,68,98,26,50,23,27,9,69,55,15,93,75" hai3="135,53,54,83,88,105,46,61,134,112,80,20,34"/><T71/><D39/><U47/><E116/><V107/><F107/><W101/><G34/><T59/><D71/><U7/><E129/><V1/><F75/><W123/><G112/><T51/><D0/><U5/><E37/><V11/><F1/><W124/><G124/><T87/><D111/><U108/><E74/><V102/><F68/><W103/><G123/><T13/><D87/><U21/><E133/><N who="3" m="50698" /><G46/><T81/><D28/><U72/><E72/><V16/><F69/><W29/><G61/><T8/><D81/><N who="3" m="31305" /><G88/><T104/><D104/><U10/><E108/><V127/><F127/><W121/><G121/><T25/><REACH who="0" step="1"/><D51/><REACH who="0" ten="200,404,79,297" step="2"/><U42/><E2/><V64/><F48/><W30/><G105/><T120/><D120/><U45/><E3/><V14/><F64/><W84/><G84/><T130/><D130/><U38/><E49/><V128/><F128/><W44/><G44/><T110/><D110/><U63/><E47/><V109/><F109/><W118/><G118/><T6/><D6/><U43/><E5/><V40/><F40/><W92/><G92/><T56/><D56/><U12/><E43/><V31/><F50/><W132/><G132/><T35/><D35/><U89/><E42/><V119/><F119/><W82/><G82/><T66/><D66/><U100/><E67/><V85/><F85/><W126/><G126/><T58/><D58/><U86/><E45/><V17/><F55/><N who="3" m="21003" /><G30/><T36/><D36/><U32/><E38/><V41/><F41/><W131/><G131/><T62/><AGARI ba="1,2" hai="8,13,18,19,22,25,59,62,65,76,77,78,96,97" machi="62" ten="30,12000,1" yaku="1,1,0,1,8,1,53,2" doraHai="79" doraHaiUra="94" who="0" fromWho="0" sc="200,143,404,-41,79,-41,297,-41" /><INIT seed="4,2,0,3,1,133" ten="343,363,38,256" oya="0" hai0="51,43,40,135,76,113,104,100,129,8,73,59,49" hai1="110,32,89,114,44,132,54,70,66,7,52,80,56" hai2="119,22,0,63,124,81,75,115,24,41,33,95,94" hai3="122,57,3,72,128,88,53,86,26,50,18,84,111"/><T108/><D8/><U71/><E32/><V17/><F0/><W83/><G72/><T79/><D104/><U20/><E110/><V74/><F33/><W31/><G111/><T87/><D100/><U123/><E123/><V69/><F115/><W78/><G3/><T120/><D108/><U25/><E7/><V77/><F119/><W64/><G128/><T4/><D87/><N who="1" m="50407" /><E70/><V61/><F74/><W109/><G109/><T36/><D73/><U92/><E71/><V6/><F6/><W107/><G107/><T14/><D4/><U112/><E44/><V10/><F10/><W37/><G37/><T23/><D23/><U99/><E132/><V11/><F11/><W60/><G18/><T65/><D135/><U68/><E68/><V106/><F106/><W118/><G118/><T103/><D36/><U30/><E66/><V55/><F41/><W5/><G5/><T42/><D65/><U97/><E56/><N who="2" m="34975" /><F69/><W35/><G122/><T62/><D59/><U38/><E38/><V82/><F63/><W48/><REACH who="3" step="1"/><G64/><REACH who="3" ten="343,363,38,246" step="2"/><T131/><D120/><U105/><E105/><V46/><F17/><W126/><G126/><T125/><D125/><U127/><E127/><V47/><F124/><W85/><G85/><T67/><D129/><U12/><E99/><V39/><F39/><W134/><G134/><T28/><D131/><U1/><E1/><V98/><F75/><W15/><G15/><T90/><D14/><U16/><E112/><V96/><F96/><W101/><G101/><T2/><D103/><N who="1" m="60839" /><E114/><V130/><F98/><W9/><G9/><T19/><D113/><RYUUKYOKU ba="2,1" sc="343,-15,363,15,38,-15,246,15" hai1="12,16,20,25,30,52,54" hai3="26,31,35,48,50,53,57,60,78,83,84,86,88" /><INIT seed="5,3,1,2,1,68" ten="328,378,23,261" oya="1" hai0="49,110,40,12,133,107,9,87,131,124,121,53,44" hai1="79,39,117,89,132,102,51,71,73,0,113,47,91" hai2="2,129,96,72,62,22,105,92,59,100,85,86,32" hai3="55,119,34,3,134,16,123,28,37,33,108,19,46"/><U104/><E117/><V109/><F2/><W94/><G108/><T29/><D107/><U76/><E71/><V69/><F129/><W122/><G55/><T10/><D110/><U38/><E0/><V58/><F109/><W13/><G94/><T35/><D131/><U95/><E91/><V41/><F72/><W56/><G56/><T42/><D124/><U80/><E79/><V63/><F41/><W118/><G46/><T52/><D133/><U4/><E4/><V90/><F32/><N who="3" m="12395" /><G37/><N who="1" m="13834" /><E132/><V20/><F69/><W61/><G61/><T36/><D121/><N who="3" m="46089" /><G3/><T8/><D87/><N who="1" m="52671" /><E113/><V66/><REACH who="2" step="1"/><F85/><REACH who="2" ten="328,378,13,261" step="2"/><W67/><G134/><T26/><D42/><U65/><E73/><V93/><F93/><W43/><G43/><T78/><D40/><U111/><E104/><V11/><F11/><W50/><G119/><T126/><D9/><U15/><E111/><V23/><F23/><W45/><G118/><T128/><D8/><U81/><E81/><V103/><F103/><W83/><G83/><T98/><D128/><U77/><E80/><V88/><F88/><W1/><G1/><T25/><D10/><U70/><E102/><V84/><F84/><W5/><G5/><T135/><D135/><U114/><E77/><V74/><F74/><W21/><G21/><T101/><D36/><U99/><E76/><V116/><F116/><W112/><G112/><T57/><D101/><U17/><E114/><V48/><F48/><W75/><G50/><T106/><D78/><U125/><E51/><V60/><F60/><W127/><G75/><T18/><D49/><U24/><E70/><RYUUKYOKU ba="3,2" sc="328,-10,378,-10,13,30,261,-10" hai2="20,22,58,59,62,63,66,86,90,92,96,100,105" /><INIT seed="6,4,2,3,1,97" ten="318,368,43,251" oya="2" hai0="135,20,37,52,70,115,53,69,45,79,30,19,6" hai1="71,59,4,61,128,72,11,90,57,38,43,36,113" hai2="33,28,83,95,50,91,114,15,49,23,101,64,127" hai3="27,99,117,31,89,130,100,40,77,32,14,21,51"/><V8/><F114/><W103/><G117/><T92/><D135/><U3/><E113/><V76/><F33/><W46/><G130/><T74/><D115/><U65/><E128/><V42/><F127/><W109/><G109/><T104/><D104/><U5/><E5/><V68/><F68/><W121/><G121/><T116/><D53/><U131/><E72/><V112/><F112/><W96/><G77/><T47/><D47/><U123/><E123/><V84/><F64/><W56/><G14/><T94/><D116/><U9/><E131/><V108/><F108/><W86/><G32/><T2/><D30/><U126/><E126/><V81/><F42/><W63/><G96/><T132/><D132/><U118/><E118/><V107/><F81/><N who="3" m="49359" /><G99/><T60/><D79/><U88/><E11/><V54/><F107/><W58/><G58/><T111/><D74/><U10/><E10/><V110/><F110/><W82/><G82/><T34/><D34/><U12/><E3/><V35/><F35/><W124/><G124/><T7/><D2/><U98/><E98/><N who="2" m="59615" /><F76/><W129/><G129/><T133/><D133/><U134/><E134/><V16/><F54/><W119/><G119/><T120/><D111/><U80/><E80/><V39/><F39/><W106/><G106/><T55/><D55/><AGARI ba="4,2" hai="21,27,31,40,46,51,55,56,63,100,103" m="49359" machi="55" ten="30,3900,0" yaku="8,1,52,2" doraHai="97" who="3" fromWho="0" sc="318,-51,368,0,43,0,251,71" /><INIT seed="7,0,0,3,4,88" ten="267,368,43,322" oya="3" hai0="42,26,116,28,59,32,52,31,91,13,7,77,113" hai1="103,92,85,25,11,69,12,1,14,51,65,44,3" hai2="90,38,6,124,15,72,17,74,89,4,131,94,19" hai3="127,20,29,24,64,67,10,27,16,79,123,70,108"/><W76/><G123/><T71/><D71/><U55/><E69/><V36/><F124/><W48/><G108/><T56/><D116/><U125/><E65/><V18/><F15/><W21/><G127/><T110/><D77/><N who="3" m="29769" /><G70/><T102/><D102/><U81/><E25/><V62/><F62/><W80/><G80/><T63/><D110/><U83/><E125/><V49/><F49/><W39/><G39/><T66/><D42/><U0/><E14/><V43/><F131/><W134/><G134/><T122/><D113/><U22/><E22/><V117/><F117/><W82/><G82/><T5/><D31/><U23/><E23/><V121/><F43/><W130/><G130/><T96/><D13/><U87/><E83/><V93/><F121/><W60/><G60/><T98/><D98/><U105/><E105/><V40/><F40/><W61/><G61/><T99/><D99/><N who="1" m="59879" /><E0/><V75/><F36/><W135/><G135/><T47/><D47/><U128/><E128/><V53/><F38/><W119/><G119/><T8/><D122/><U54/><E54/><V46/><F53/><W33/><G48/><T73/><D8/><U57/><E3/><V129/><F129/><W45/><G45/><T30/><D30/><U132/><E1/><V104/><F46/><W35/><G10/><T86/><D96/><U120/><E132/><V112/><F112/><W106/><G106/><T107/><D107/><U37/><E120/><V84/><F104/><W50/><G50/><N who="0" m="30743" /><D73/><U118/><E118/><V68/><F68/><W95/><G95/><N who="0" m="54775" /><D66/><U97/><E37/><V34/><F34/><RYUUKYOKU ba="0,0" sc="267,10,368,-30,43,10,322,10" hai0="5,7,26,28,32,59,63" hai2="4,6,17,18,19,72,74,75,84,89,90,93,94" hai3="16,20,21,24,27,29,33,35,64,67" /><INIT seed="7,1,0,2,1,85" ten="277,338,53,332" oya="3" hai0="33,69,118,71,86,54,119,50,73,72,76,95,58" hai1="112,15,62,26,60,94,124,23,96,1,70,20,29" hai2="53,88,63,75,82,120,66,68,92,104,8,32,122" hai3="111,43,13,11,36,123,77,12,38,17,34,14,48"/><W22/><G123/><T106/><D106/><U84/><E1/><V56/><F32/><W74/><G34/><T80/><D33/><U135/><E112/><V51/><F104/><W59/><G111/><T21/><D21/><U35/><E135/><V57/><F8/><W25/><G38/><T42/><D42/><U7/><E124/><V81/><F75/><W128/><G36/><T113/><D113/><U133/><E84/><V101/><F101/><W55/><G128/><T67/><D73/><U31/><E133/><V130/><F130/><W78/><G74/><T6/><D6/><U110/><E110/><V99/><F120/><W121/><G121/><T2/><D2/><U129/><E129/><V102/><F122/><W105/><G105/><T4/><D4/><U9/><E70/><V41/><F102/><W108/><G108/><T100/><D100/><N who="1" m="60439" /><E35/><V79/><F79/><N who="3" m="30219" /><G43/><T134/><D134/><U40/><E40/><V116/><F116/><W5/><AGARI ba="1,0" hai="5,11,12,13,14,17,22,25,48,55,59" m="30219" machi="5" ten="30,1500,0" yaku="8,1" doraHai="85" who="3" fromWho="3" sc="277,-6,338,-6,53,-6,332,18" owari="271,-13.0,332,13.0,47,-45.0,350,45.0" /></mjloggm>