<mjloggm ver="2.3"><GO type="185" lobby="0"/><UN n0="%E5%8C%97%E5%B0%8F%E8%B7%AF%3A%E9%9A%86%E5%A4%AA" n1="%E3%82%82%E3%82%8D%E3%82%86%E3%81%86" n2="%E4%BA%9E%E5%9B%B3%E9%8E%96%E2%88%9E%E2%88%9E%E2%88%9E%E2%88%9E%E2%88%9E" n3="" dan="16,16,16,0" rate="2226.16,2084.11,2185.23,1500.00" sx="M,M,F,C"/><TAIKYOKU oya="0"/><INIT seed="0,0,0,4,0,75" ten="350,350,350,0" oya="0" hai0="90,76,118,1,125,92,133,32,106,89,104,113,65" hai1="110,109,127,120,134,74,87,72,107,55,0,37,126" hai2="123,128,54,131,34,59,81,85,79,51,67,115,60" hai3=""/><T70/><D1/><U117/><N who="1" m="30752" /><U36/><E55/><V114/><N who="2" m="31520" /><V62/><F34/><T40/><D32/><U100/><E0/><V105/><F105/><T96/><D40/><U52/><E52/><V91/><F91/><T132/><D65/><U82/><E37/><V73/><F73/><N who="1" m="28265" /><E36/><V48/><F48/><T124/><D70/><U71/><E71/><V33/><F33/><T3/><D3/><U47/><E47/><V64/><F62/><T57/><D57/><U135/><E117/><V86/><F85/><T63/><D63/><U122/><N who="1" m="31264" /><U44/><E44/><V108/><F108/><N who="1" m="41577" /><E100/><V99/><F67/><T80/><D118/><U84/><E107/><V97/><F60/><T66/><D66/><U50/><E50/><V38/><F38/><T69/><D69/><U43/><E43/><V42/><F42/><T35/><D35/><U46/><E46/><V45/><F45/><T39/><D39/><U130/><E130/><N who="2" m="49707" /><F64/><T102/><D104/><U53/><E53/><V56/><F56/><T93/><D106/><U101/><E101/><V78/><F59/><T111/><D102/><U103/><E103/><V58/><F58/><T49/><D111/><U95/><E87/><V83/><F86/><RYUUKYOKU ba="0,0" sc="350,0,350,0,350,0,0,0" /><INIT seed="1,1,0,3,0,1" ten="350,350,350,0" oya="1" hai0="39,105,49,75,104,93,131,69,35,48,61,115,43" hai1="37,126,86,128,64,44,60,96,99,71,92,133,2" hai2="85,114,130,117,88,109,45,68,74,34,0,55,89" hai3=""/><U102/><E2/><V97/><F0/><T36/><D35/><U127/><E128/><V120/><N who="2" m="30752" /><V81/><F117/><T134/><D75/><U125/><E133/><V84/><F130/><T123/><D69/><U41/><E102/><V67/><F109/><T110/><D36/><U70/><E70/><V119/><F119/><T103/><D39/><U118/><E118/><V33/><F114/><T58/><D104/><U51/><E92/><V121/><N who="2" m="31008" /><V65/><F74/><T112/><D105/><U87/><REACH who="1" step="1"/><E37/><REACH who="1" ten="350,340,350,0" step="2"/><V59/><F68/><T38/><D38/><U73/><E73/><V135/><F135/><T80/><D134/><U46/><E46/><V53/><F45/><T101/><D131/><U76/><E76/><V124/><F124/><T62/><D115/><U77/><E77/><V72/><F72/><T78/><D112/><U100/><E100/><V57/><F81/><T106/><D106/><U95/><E95/><V56/><F56/><T83/><D123/><U107/><E107/><V132/><F132/><T40/><D78/><U116/><E116/><V63/><F59/><T79/><D93/><U113/><E113/><V108/><F57/><T47/><D79/><U94/><E94/><V111/><F108/><RYUUKYOKU ba="1,1" sc="350,-10,340,20,350,-10,0,0" hai1="41,44,51,60,64,71,86,87,96,99,125,126,127" /><INIT seed="1,2,1,0,5,49" ten="340,360,340,0" oya="1" hai0="119,93,56,126,84,116,1,3,35,128,124,109,71" hai1="44,78,66,42,97,0,85,106,95,123,112,72,51" hai2="100,111,134,43,90,47,94,107,55,83,125,37,122" hai3=""/><U82/><N who="1" m="31520" /><U41/><E0/><V129/><N who="2" m="31264" /><V87/><F111/><T96/><D71/><U99/><E112/><V60/><F134/><T46/><D35/><U76/><E66/><V135/><F135/><T50/><D109/><U61/><E61/><V52/><F129/><T101/><D128/><U115/><E115/><V91/><F125/><N who="0" m="48234" /><D56/><U81/><E106/><V48/><F107/><T32/><D84/><U132/><E132/><V74/><F100/><T34/><D34/><U75/><E85/><V59/><F74/><T105/><D105/><U68/><E68/><V102/><F102/><T113/><D113/><U117/><E117/><N who="0" m="45129" /><D32/><U54/><REACH who="1" step="1"/><E97/><REACH who="1" ten="340,350,340,0" step="2"/><V33/><F33/><T58/><D58/><U110/><E110/><V120/><N who="2" m="30752" /><V103/><F59/><T2/><D2/><U127/><E127/><V114/><F114/><T92/><D1/><U38/><E38/><V104/><F37/><T118/><D3/><U88/><AGARI ba="2,2" hai="41,42,44,51,54,72,75,76,78,81,82,88,95,99" m="31520" machi="88" ten="20,12000,2" yaku="1,1,0,1,7,1,9,1,52,2,54,1,53,0" doraHai="49" doraHaiUra="131" who="1" fromWho="1" sc="340,-62,350,144,340,-62,0,0" /><INIT seed="1,3,0,3,0,107" ten="278,494,278,0" oya="1" hai0="123,92,74,52,108,103,110,113,134,57,122,35,44" hai1="0,89,85,129,76,53,94,120,51,109,105,116,73" hai2="60,63,41,93,67,70,69,126,58,86,68,104,127" hai3=""/><U111/><N who="1" m="30752" /><U81/><E0/><V97/><F104/><T54/><N who="0" m="31264" /><T80/><N who="0" m="31520" /><T95/><D35/><U46/><E116/><V101/><F41/><T62/><D113/><U99/><E129/><V1/><F1/><T130/><D134/><U33/><E33/><V3/><F3/><T106/><D130/><U87/><E87/><V118/><F118/><T64/><D106/><U125/><E125/><N who="2" m="47627" /><F86/><T50/><D103/><AGARI ba="3,0" hai="46,51,53,73,76,81,85,89,94,99,103,105,109,111" m="30752" machi="103" ten="40,12000,1" yaku="24,2,52,2" doraHai="107" who="1" fromWho="0" sc="278,-126,494,126,278,0,0,0" /><INIT seed="1,4,0,2,0,0" ten="152,620,278,0" oya="1" hai0="106,98,111,74,62,38,110,129,104,70,93,94,63" hai1="99,49,89,109,58,55,116,56,100,128,48,87,46" hai2="36,134,35,3,84,1,41,59,90,122,95,40,69" hai3=""/><U51/><E116/><V126/><N who="2" m="31264" /><V108/><F69/><T91/><D38/><U88/><E128/><V54/><F108/><N who="0" m="41514" /><D74/><U79/><E109/><V71/><F71/><T73/><D73/><U105/><E79/><V127/><F134/><T114/><D114/><U75/><E75/><V102/><F35/><T130/><D70/><U85/><E58/><V103/><F3/><T72/><D72/><U45/><E56/><V52/><F1/><T135/><D135/><U68/><E68/><V131/><F131/><N who="0" m="50186" /><D62/><U78/><E78/><V39/><F36/><T65/><D63/><U32/><E32/><V101/><F54/><T107/><D65/><U34/><E34/><V33/><F33/><T92/><AGARI ba="4,0" hai="91,92,93,94,98,104,106,107" m="50186,41514" machi="92" ten="40,6000,1" yaku="14,1,19,1,34,2" doraHai="0" who="0" fromWho="0" sc="152,68,620,-44,278,-24,0,0" /><INIT seed="2,0,0,4,5,75" ten="220,576,254,0" oya="2" hai0="127,67,3,59,83,62,34,96,49,48,61,133,37" hai1="118,105,69,80,65,123,131,93,117,32,120,71,2" hai2="129,66,108,77,52,94,113,103,130,112,98,58,106" hai3=""/><V39/><F39/><T132/><D3/><U60/><N who="1" m="30752" /><U78/><N who="1" m="31520" /><U99/><E2/><V51/><F108/><T88/><D34/><U43/><E32/><V63/><F106/><T81/><D37/><U121/><N who="1" m="31008" /><U73/><E131/><N who="2" m="50187" /><F77/><T86/><D127/><U41/><E71/><AGARI ba="0,0" hai="51,52,58,63,66,71,94,98,103,112,113" m="50187" machi="71" ten="30,2900,0" yaku="19,1,54,1" doraHai="75" who="2" fromWho="1" sc="220,0,576,-29,254,29,0,0" /><INIT seed="2,1,0,2,2,70" ten="220,547,283,0" oya="2" hai0="94,49,127,121,74,61,126,63,104,65,111,77,33" hai1="3,37,43,119,67,109,106,87,114,95,36,80,35" hai2="90,38,132,135,99,92,78,75,102,64,48,134,122" hai3=""/><V52/><N who="2" m="31264" /><V55/><F64/><T107/><N who="0" m="31008" /><T41/><D33/><U112/><E35/><V125/><F125/><N who="0" m="47626" /><D111/><U131/><E109/><V116/><F116/><T129/><D129/><U103/><E3/><V93/><F38/><T46/><D94/><U84/><E131/><V124/><F124/><T68/><D61/><U50/><E106/><V82/><REACH who="2" step="1"/><F48/><REACH who="2" ten="220,547,273,0" step="2"/><T69/><D69/><U76/><E119/><V108/><F108/><T39/><D49/><U60/><E37/><V128/><F128/><T101/><D101/><U81/><E36/><V88/><F88/><T96/><D96/><AGARI ba="1,1" hai="52,55,75,78,82,90,92,93,96,99,102,132,134,135" m="31264" machi="96" ten="40,12000,1" yaku="1,1,20,1,52,1,54,1,53,0" doraHai="70" doraHaiUra="133" who="2" fromWho="0" sc="220,-122,547,0,273,132,0,0" /><INIT seed="2,2,0,0,5,47" ten="98,547,405,0" oya="2" hai0="40,0,92,112,98,3,74,87,48,32,1,63,65" hai1="95,128,117,81,77,93,86,78,60,101,55,97,91" hai2="2,59,102,76,41,103,85,64,33,37,118,120,72" hai3=""/><V88/><F33/><T126/><D32/><U113/><E60/><V75/><N who="2" m="30752" /><V135/><F2/><T69/><D74/><U39/><E39/><V121/><N who="2" m="31008" /><V108/><F118/><T96/><D112/><U50/><E113/><V84/><F135/><T73/><D73/><U58/><E117/><V119/><F119/><T57/><D126/><U104/><E128/><V36/><F108/><T66/><D66/><U51/><E78/><V43/><F76/><T89/><REACH who="0" step="1"/><D40/><REACH who="0" ten="88,547,405,0" step="2"/><U34/><E34/><V124/><F64/><T94/><D94/><U70/><E95/><V131/><F124/><T125/><D125/><U133/><E133/><V83/><F131/><T109/><D109/><U79/><E93/><V67/><F75/><T132/><D132/><U115/><E115/><V122/><N who="2" m="31264" /><V45/><F72/><T116/><D116/><U54/><REACH who="1" step="1"/><E70/><REACH who="1" ten="88,537,405,0" step="2"/><V100/><F67/><T68/><D68/><U127/><E127/><V130/><F130/><T99/><D99/><U90/><E90/><V107/><F88/><T38/><D38/><U134/><E134/><V82/><F37/><T123/><N who="0" m="31520" /><T62/><D62/><U46/><AGARI ba="2,2" hai="46,50,51,54,55,58,77,79,81,86,91,97,101,104" machi="46" ten="20,6000,1" yaku="1,1,0,1,7,1,52,2,53,0" doraHai="47" doraHaiUra="114" who="1" fromWho="1" sc="88,-22,537,84,405,-42,0,0" /><INIT seed="4,0,0,1,1,115" ten="66,621,363,0" oya="0" hai0="114,55,68,119,91,124,58,49,83,110,73,45,74" hai1="3,1,51,37,32,102,132,76,48,35,39,111,72" hai2="81,93,135,77,116,100,75,42,128,33,63,38,57" hai3=""/><T64/><D114/><U69/><E111/><V88/><F33/><T78/><D110/><U80/><E132/><V92/><F135/><T60/><D124/><U67/><E102/><V54/><F128/><T41/><D91/><U109/><E109/><V65/><F116/><T134/><D134/><U94/><E94/><V52/><F38/><N who="1" m="14345" /><E51/><V112/><F42/><T2/><D2/><N who="1" m="523" /><E48/><V86/><F112/><T99/><D99/><U87/><E87/><V96/><AGARI ba="0,0" hai="52,54,57,63,65,75,77,81,86,88,92,93,96,100" machi="96" ten="30,3000,0" yaku="0,1,54,2" doraHai="115" who="2" fromWho="2" sc="66,-20,621,-10,363,30,0,0" /><INIT seed="5,0,0,0,5,61" ten="46,611,393,0" oya="1" hai0="39,41,106,47,38,32,1,80,42,119,67,111,132" hai1="43,3,94,91,135,131,107,69,45,89,48,98,78" hai2="68,95,34,59,60,77,65,96,102,57,103,81,64" hai3=""/><U44/><E3/><V108/><F34/><T104/><D80/><U117/><E117/><V74/><F108/><T0/><D67/><U72/><E135/><V50/><F68/><T133/><D47/><U37/><E131/><V100/><F50/><T63/><D63/><U121/><N who="1" m="31008" /><U2/><E2/><V85/><F74/><T71/><D42/><U76/><E69/><V120/><N who="2" m="30752" /><V66/><F59/><T124/><D41/><U112/><E112/><V114/><F114/><T58/><D58/><U125/><E125/><V99/><F103/><T129/><D38/><U122/><N who="1" m="31264" /><U87/><E72/><V86/><F85/><T118/><D104/><U101/><E91/><V128/><F128/><T70/><D70/><U97/><E87/><V116/><F116/><T75/><D118/><U93/><E107/><AGARI ba="0,0" hai="57,60,64,65,66,77,81,86,95,96,99,100,102,107" m="30752" machi="107" ten="30,8000,1" yaku="7,1,52,4" doraHai="61" who="2" fromWho="1" sc="46,0,611,-80,393,80,0,0" /><INIT seed="6,0,0,1,3,48" ten="46,531,473,0" oya="2" hai0="83,76,123,73,116,80,36,96,0,53,2,34,134" hai1="64,86,72,43,51,38,68,128,103,40,66,104,3" hai2="77,82,42,98,52,114,47,79,108,46,74,132,44" hai3=""/><V57/><F114/><T94/><N who="0" m="31520" /><T49/><D34/><U54/><E72/><V59/><F108/><T122/><N who="0" m="31264" /><T110/><D36/><U95/><E3/><V1/><F1/><T107/><D116/><U125/><E128/><V63/><F132/><T33/><D33/><U118/><E118/><V61/><F79/><T45/><D107/><U99/><E125/><V41/><REACH who="2" step="1"/><F98/><REACH who="2" ten="46,531,463,0" step="2"/><T91/><D110/><U121/><N who="1" m="31008" /><U119/><E119/><V58/><F58/><T105/><D134/><U89/><E38/><V50/><F50/><T62/><D62/><U32/><E32/><V67/><AGARI ba="0,1" hai="41,42,44,46,47,52,57,59,61,63,67,74,77,82" machi="67" ten="30,7800,0" yaku="1,1,0,1,52,1,54,1,53,0" doraHai="48" doraHaiUra="81" who="2" fromWho="2" sc="46,-39,531,-39,463,88,0,0" owari="7,-59.0,492,9.0,551,50.0,0,0.0" /></mjloggm>