<mjloggm ver="2.3"><GO type="169" lobby="0"/><UN n0="%E2%99%AF%E3%81%BF%E3%82%84%E2%99%AF" n1="%55%74%61%6D%61%78" n2="%E8%87%B3%E5%AE%9D%E3%81%99%E3%81%8E" n3="%E7%81%BC%E7%9C%BC%E3%81%AE%E3%82%A4%E3%83%83%E3%82%B3%E3%82%A6" dan="18,16,17,16" rate="2262.00,2093.52,2199.55,2152.27" sx="M,M,M,M"/><TAIKYOKU oya="0"/><INIT seed="0,0,0,5,1,20" ten="250,250,250,250" oya="0" hai0="0,98,12,82,86,2,126,63,3,15,47,104,62" hai1="106,125,23,44,16,34,96,103,116,40,1,110,30" hai2="102,19,119,45,70,54,36,85,10,108,84,90,53" hai3="69,56,117,57,22,87,93,42,46,31,33,17,58"/><T133/><D126/><U72/><E110/><V41/><F108/><W6/><G69/><T26/><D133/><U100/><E125/><V59/><F70/><W9/><G117/><T78/><D47/><U60/><E72/><V120/><F119/><W129/><G129/><T65/><D63/><U77/><E77/><V91/><F102/><W71/><G71/><T123/><D123/><U21/><E1/><V7/><F19/><W5/><G93/><T43/><D43/><U113/><E116/><V124/><F124/><W68/><G68/><T51/><D51/><U50/><E103/><V131/><F131/><W127/><G87/><T67/><D62/><U74/><E74/><V128/><F128/><W48/><G127/><T79/><D79/><U13/><E60/><V18/><F18/><W118/><G118/><T75/><D75/><U115/><REACH who="1" step="1"/><E34/><REACH who="1" ten="250,240,250,250" step="2"/><V29/><F120/><W88/><G33/><T14/><D0/><U94/><E94/><V39/><F91/><W105/><G88/><T38/><D2/><U135/><E135/><V52/><F90/><W8/><G105/><T27/><D3/><U76/><E76/><V4/><F85/><W25/><REACH who="3" step="1"/><G31/><REACH who="3" ten="250,240,250,240" step="2"/><T61/><D104/><U24/><AGARI ba="0,2" hai="13,16,21,23,24,30,40,44,50,96,100,106,113,115" machi="24" ten="30,7900,0" yaku="1,1,0,1,52,1,54,1,53,0" doraHai="20" doraHaiUra="28" who="1" fromWho="1" sc="250,-39,240,99,250,-20,240,-20" /><INIT seed="1,0,0,5,2,32" ten="211,339,230,220" oya="1" hai0="69,85,62,7,113,77,28,51,47,72,39,46,37" hai1="109,26,16,96,25,21,88,33,82,12,38,127,101" hai2="112,48,29,90,130,135,4,17,60,83,107,108,65" hai3="35,45,20,54,87,75,42,124,19,95,79,116,73"/><U40/><E127/><V110/><F107/><W36/><G35/><T18/><D72/><U68/><E68/><V15/><F112/><W123/><G124/><T24/><D113/><U27/><E109/><N who="2" m="42091" /><F135/><W111/><G111/><T66/><D18/><U59/><E38/><V114/><F114/><W11/><G123/><T5/><D77/><U98/><E40/><V126/><F126/><W41/><G41/><T56/><D85/><N who="1" m="50231" /><E101/><V3/><F130/><W14/><G116/><T100/><D100/><U23/><E33/><V78/><F29/><W115/><G115/><T8/><D69/><U43/><E43/><V134/><F134/><W1/><G54/><T86/><D86/><U61/><E23/><N who="2" m="11711" /><F90/><W119/><G119/><T57/><D57/><U128/><E128/><V80/><F48/><W125/><G125/><T105/><D105/><U74/><E74/><V13/><F13/><W132/><G132/><T67/><D39/><U93/><E93/><V30/><F30/><W129/><G95/><T92/><D92/><U53/><AGARI ba="0,0" hai="12,16,21,25,26,27,53,59,61,96,98" m="50231" machi="53" ten="30,6000,0" yaku="8,1,54,2" doraHai="32" who="1" fromWho="1" sc="211,-20,339,60,230,-20,220,-20" /><INIT seed="1,1,0,3,5,90" ten="191,399,210,200" oya="1" hai0="26,30,28,5,117,11,127,113,3,14,19,103,0" hai1="135,29,65,70,68,91,55,40,34,104,93,81,106" hai2="53,41,77,79,109,105,64,38,66,120,16,42,80" hai3="88,17,97,15,116,126,85,59,110,20,86,67,123"/><U56/><E135/><V4/><F109/><W71/><G123/><T10/><D103/><U82/><E40/><N who="2" m="15467" /><F105/><W99/><G110/><T73/><D73/><U131/><E34/><V57/><F38/><W36/><G36/><T98/><D98/><U52/><E29/><N who="0" m="11369" /><D113/><U31/><E31/><V12/><F4/><W132/><G71/><T76/><D76/><N who="2" m="29258" /><F80/><N who="1" m="30825" /><E70/><V96/><F96/><N who="3" m="36939" /><G86/><T60/><D60/><N who="1" m="38023" /><E68/><V114/><F114/><W115/><G115/><T22/><D117/><U49/><E106/><V87/><F87/><W62/><G132/><T46/><D127/><U108/><E104/><V119/><F119/><W37/><G37/><T1/><D46/><U9/><E131/><V107/><F107/><W89/><G126/><T48/><D48/><U27/><E49/><N who="2" m="30895" /><F120/><W69/><G69/><T35/><D35/><U83/><E83/><V33/><F33/><W47/><G116/><T51/><D51/><U8/><E55/><V39/><F39/><W54/><G47/><T122/><D122/><U63/><E63/><V25/><F25/><W125/><G125/><T75/><D75/><U44/><E27/><V111/><F111/><W72/><G72/><T6/><AGARI ba="1,0" hai="0,1,3,5,6,10,11,14,19,22,26" m="11369" machi="6" ten="30,8000,1" yaku="35,5" doraHai="90" who="0" fromWho="0" sc="191,83,399,-41,210,-21,200,-21" /><INIT seed="2,0,0,5,2,93" ten="274,358,189,179" oya="2" hai0="55,41,88,114,21,45,20,44,68,71,42,96,89" hai1="3,90,97,37,7,76,131,16,120,105,73,118,59" hai2="95,58,13,81,77,49,6,99,14,79,57,109,47" hai3="70,126,25,84,102,85,115,18,62,26,19,30,134"/><V124/><F124/><W64/><G134/><T119/><D55/><U72/><E118/><V123/><F109/><W38/><G126/><T15/><D15/><N who="2" m="5642" /><F6/><W12/><G38/><T122/><D119/><U53/><E37/><V24/><F24/><W112/><G19/><T87/><D87/><U46/><E46/><V103/><F123/><W9/><G26/><T113/><REACH who="0" step="1"/><D122/><REACH who="0" ten="264,358,189,179" step="2"/><U69/><E120/><V5/><F5/><W22/><G115/><T78/><D78/><N who="2" m="29706" /><F81/><W67/><G112/><T132/><D132/><U94/><E76/><V61/><F61/><W33/><G67/><T111/><D111/><U17/><E7/><V60/><F60/><W101/><G85/><T11/><D11/><U91/><E53/><AGARI ba="0,1" hai="47,49,53,57,58,95,99,103" m="29706,5642" machi="53" ten="30,2900,0" yaku="8,1,52,1" doraHai="93" who="2" fromWho="1" sc="264,0,358,-29,189,39,179,0" /><INIT seed="2,1,0,4,5,91" ten="264,329,228,179" oya="2" hai0="111,55,45,54,114,83,110,77,50,47,24,119,14" hai1="129,33,46,19,118,105,92,98,48,68,8,51,35" hai2="15,56,36,60,42,72,103,123,59,100,102,4,101" hai3="93,18,21,61,85,52,39,75,78,28,79,121,80"/><V65/><N who="2" m="25600" /><DORA hai="30" /><V89/><F72/><W112/><G121/><T57/><D114/><U40/><E105/><V37/><F123/><W76/><G39/><T10/><D119/><U38/><E68/><V99/><F56/><W87/><G112/><T2/><D2/><U66/><E66/><V90/><F42/><W84/><G28/><T82/><D24/><U135/><E118/><V49/><F49/><W9/><G9/><T6/><D82/><U71/><E71/><V27/><F27/><W63/><G75/><T43/><D47/><U23/><E8/><V95/><REACH who="2" step="1"/><F90/><REACH who="2" ten="264,329,218,179" step="2"/><N who="3" m="53471" /><G63/><T5/><D43/><U106/><E51/><V97/><F97/><W58/><G80/><T116/><D83/><U134/><E48/><V124/><F124/><W94/><G94/><T1/><D50/><U70/><E70/><V20/><F20/><W125/><G125/><T132/><D116/><U17/><E106/><V41/><F41/><W67/><G67/><T26/><D57/><U115/><E23/><V127/><F127/><W25/><AGARI ba="1,1" hai="18,21,25,52,58,61,76,78,79,84,85" m="53471" machi="25" ten="30,4000,0" yaku="8,1,52,1,54,1" doraHai="91,30" who="3" fromWho="3" sc="264,-11,329,-11,218,-21,179,53" /><INIT seed="3,0,0,0,3,39" ten="253,318,197,232" oya="3" hai0="125,110,106,118,52,16,22,13,119,21,19,27,77" hai1="100,9,3,25,101,113,93,97,135,84,36,78,4" hai2="24,34,109,102,103,126,122,62,76,8,51,120,60" hai3="107,26,7,0,50,99,96,68,94,82,130,92,86"/><W98/><G107/><T12/><D110/><U18/><E113/><V5/><F109/><W117/><G68/><T48/><D125/><U45/><E135/><V90/><F126/><W14/><G117/><T35/><D106/><U85/><E101/><N who="2" m="38411" /><F76/><W43/><G0/><T66/><D66/><U55/><E78/><V54/><F90/><W61/><G26/><T104/><D104/><U49/><REACH who="1" step="1"/><E36/><REACH who="1" ten="253,308,197,232" step="2"/><V72/><F122/><W23/><G130/><T47/><D77/><U116/><E116/><V129/><F120/><W57/><G7/><T64/><D64/><U46/><E46/><V15/><F5/><W79/><G14/><T11/><REACH who="0" step="1"/><D35/><REACH who="0" ten="243,308,197,232" step="2"/><U134/><E134/><V111/><F34/><W128/><G128/><T123/><D123/><U80/><E80/><V17/><F129/><W38/><G38/><T41/><D41/><U31/><E31/><AGARI ba="0,2" hai="11,12,13,16,19,21,22,27,31,47,48,52,118,119" machi="31" ten="30,8000,1" yaku="1,1,7,1,54,2,53,1" doraHai="39" doraHaiUra="20" who="0" fromWho="1" sc="243,100,308,-80,197,0,232,0" /><INIT seed="4,0,0,5,5,38" ten="343,228,197,232" oya="0" hai0="124,21,94,78,122,98,108,32,11,22,20,18,2" hai1="23,114,60,56,53,120,90,102,75,28,49,97,61" hai2="52,107,72,115,51,125,65,34,130,95,88,77,39" hai3="68,126,86,19,9,79,112,36,27,132,58,118,63"/><T24/><D122/><U109/><E75/><V85/><F130/><W67/><G118/><T33/><D78/><U87/><E109/><V111/><F111/><W12/><G112/><T54/><D108/><U117/><E117/><V57/><F115/><W62/><G132/><T83/><D124/><U74/><E74/><V113/><F113/><W121/><G126/><T15/><D83/><U91/><E120/><V40/><F125/><W1/><G121/><T64/><D64/><U45/><E61/><V4/><F65/><W10/><G36/><T25/><D54/><U8/><E87/><V106/><F34/><N who="0" m="13418" /><D94/><N who="1" m="58679" /><E8/><V93/><F4/><W128/><G128/><T82/><D82/><U5/><E5/><V81/><REACH who="2" step="1"/><F93/><REACH who="2" ten="343,228,187,232" step="2"/><W55/><G67/><T44/><D25/><N who="1" m="16447" /><E114/><V71/><F71/><W50/><G27/><T100/><D24/><U41/><AGARI ba="0,1" hai="41,45,49,53,56,60,90,91" m="16447,58679" machi="41" ten="30,2000,0" yaku="8,1,52,1" doraHai="38" who="1" fromWho="1" sc="343,-10,228,30,187,-5,232,-5" /><INIT seed="5,0,0,3,3,107" ten="333,258,182,227" oya="1" hai0="94,44,71,14,117,109,106,19,30,112,119,104,89" hai1="29,23,63,99,102,27,126,34,121,25,0,132,36" hai2="72,78,96,68,125,46,84,113,97,83,49,93,128" hai3="60,108,24,62,2,80,90,130,17,20,76,6,129"/><U41/><E121/><V135/><F125/><W82/><G108/><T120/><D109/><U54/><E0/><V37/><F135/><W134/><G134/><T42/><D120/><U114/><E132/><V35/><F128/><N who="3" m="49259" /><G2/><T70/><D112/><U59/><E114/><V38/><F113/><W4/><G90/><T8/><D30/><U16/><E126/><V88/><F35/><W21/><G82/><T32/><D32/><U7/><E7/><N who="3" m="2602" /><G21/><T66/><D104/><U86/><E86/><AGARI ba="0,0" hai="17,20,24,60,62,76,80,86" m="2602,49259" machi="86" ten="30,1000,0" yaku="19,1" doraHai="107" who="3" fromWho="1" sc="333,0,258,-10,182,0,227,10" /><INIT seed="6,0,0,3,1,57" ten="333,248,182,237" oya="2" hai0="122,127,75,107,38,89,47,43,103,7,86,44,131" hai1="80,87,59,94,14,76,28,17,74,31,0,130,63" hai2="119,117,64,65,51,113,133,25,32,88,70,21,48" hai3="77,3,116,72,68,45,82,128,73,42,4,19,66"/><V115/><F32/><W118/><G19/><T90/><D122/><U110/><E0/><V33/><F33/><W53/><G53/><T111/><D111/><U40/><E40/><V24/><F133/><W93/><G93/><T2/><D127/><U41/><E41/><V79/><F79/><W29/><G29/><T5/><D131/><U55/><E130/><V62/><F65/><W109/><G73/><T105/><D75/><U54/><E110/><V100/><F100/><W126/><G126/><T102/><D43/><U125/><E125/><V84/><F119/><W39/><G109/><T11/><D11/><U20/><E74/><V60/><F60/><N who="3" m="40007" /><G128/><T112/><D112/><N who="2" m="43082" /><F117/><W124/><G124/><T6/><D6/><U99/><REACH who="1" step="1"/><E55/><REACH who="1" ten="333,238,182,237" step="2"/><V121/><F121/><W49/><G118/><T46/><D2/><U10/><E10/><V101/><F101/><AGARI ba="0,1" hai="14,17,20,28,31,54,59,63,76,80,87,94,99,101" machi="101" ten="30,7700,0" yaku="1,1,7,1,8,1,52,1,53,0" doraHai="57" doraHaiUra="1" who="1" fromWho="2" sc="333,0,238,87,182,-77,237,0" /><INIT seed="7,0,0,4,2,48" ten="333,325,105,237" oya="3" hai0="18,44,126,6,101,55,34,81,64,23,96,133,53" hai1="94,36,111,42,97,86,26,78,27,16,7,14,88" hai2="105,85,110,39,46,67,71,24,11,74,25,84,108" hai3="13,20,100,90,130,19,118,127,65,123,9,129,80"/><W119/><G100/><T98/><D34/><U30/><E111/><V107/><F46/><W76/><G65/><T106/><D126/><U47/><E7/><V3/><F67/><W79/><G90/><T125/><D125/><U29/><E78/><V10/><F3/><W135/><G76/><T40/><D133/><U61/><E61/><V56/><F56/><W52/><G127/><T103/><D6/><U122/><E122/><V93/><F93/><W62/><G135/><T89/><D81/><U113/><E113/><V104/><F104/><W72/><G123/><T102/><D64/><U66/><E66/><V58/><F58/><N who="3" m="35143" /><G9/><T69/><D69/><U120/><E120/><V60/><F60/><W132/><G132/><T75/><D75/><U54/><E54/><V91/><F91/><W68/><G68/><T35/><D35/><U87/><E87/><V0/><F0/><W114/><G114/><T115/><D115/><U2/><E2/><V82/><F82/><W49/><G49/><N who="0" m="26759" /><D106/><U12/><E86/><V8/><F8/><W31/><G31/><T63/><D89/><U121/><E121/><V131/><F131/><AGARI ba="0,0" hai="13,19,20,72,79,80,118,119,129,130,131" m="35143" machi="131" ten="30,5800,0" yaku="19,1,52,1,54,1" doraHai="48" who="3" fromWho="2" sc="333,0,325,0,105,-58,237,58" /><INIT seed="7,1,0,0,2,134" ten="333,325,47,295" oya="3" hai0="129,123,110,84,97,98,114,70,128,40,107,31,23" hai1="119,16,6,92,81,80,108,20,8,122,87,53,74" hai2="18,54,60,63,78,121,127,101,14,99,100,88,76" hai3="7,27,113,85,58,32,117,133,26,94,21,111,64"/><W105/><G117/><T131/><D110/><U91/><E108/><V13/><F121/><W82/><G111/><T120/><D114/><U118/><E122/><N who="0" m="46633" /><D70/><U44/><E74/><V126/><F54/><W4/><G105/><T24/><D107/><U22/><E53/><V38/><F38/><W56/><G32/><T12/><D40/><U39/><E44/><V9/><F9/><W77/><G133/><T3/><D3/><N who="1" m="95" /><E20/><V103/><F18/><N who="3" m="12599" /><G113/><T33/><D84/><U29/><E29/><V135/><F135/><W112/><G112/><T37/><D37/><U11/><E11/><V68/><F99/><N who="0" m="37898" /><D12/><N who="1" m="9479" /><E39/><V49/><F49/><W109/><G109/><T36/><D36/><U73/><E73/><V50/><F50/><W5/><G27/><T28/><D28/><U66/><E66/><V72/><F72/><W132/><G132/><T61/><D61/><U17/><E17/><V25/><F25/><W0/><G0/><T46/><D46/><U125/><E119/><V124/><F88/><N who="3" m="53519" /><G64/><T34/><AGARI ba="1,0" hai="23,24,31,33,34,128,129,131" m="37898,46633" machi="34" ten="40,1500,0" yaku="19,1" doraHai="134" who="0" fromWho="0" sc="333,18,325,-5,47,-5,295,-8" owari="351,45.0,320,12.0,42,-46.0,287,-11.0" /></mjloggm>