<mjloggm ver="2.3"><GO type="169" lobby="0"/><UN n0="%E2%99%AF%E3%81%BF%E3%82%84%E2%99%AF" n1="%E4%B8%83%E3%83%84%E6%98%9F%E3%83%9B%E3%82%AF%E3%82%B5%E3%82%A4" n2="%55%74%61%6D%61%78" n3="%73%61%6E%64%69%72%69%73" dan="18,17,16,17" rate="2264.34,2167.44,2099.03,2253.50" sx="M,M,M,M"/><TAIKYOKU oya="0"/><INIT seed="0,0,0,1,5,114" ten="250,250,250,250" oya="0" hai0="0,87,57,25,27,86,13,100,72,118,63,123,93" hai1="40,120,51,109,82,85,28,125,97,92,112,108,61" hai2="135,21,111,53,101,89,48,77,22,3,12,14,67" hai3="2,129,122,134,47,49,10,94,19,106,64,43,71"/><T75/><D123/><U17/><E120/><V42/><F42/><W117/><G122/><T45/><D0/><U62/><E112/><V66/><F101/><W105/><G134/><T68/><D68/><U38/><E38/><V54/><F77/><W60/><G129/><T56/><D45/><U98/><E28/><V7/><F7/><W96/><G117/><T65/><D13/><U35/><E35/><V1/><F48/><W59/><G71/><T126/><D126/><U23/><E125/><V58/><F111/><W113/><G113/><T24/><D118/><U104/><E104/><V31/><F31/><W70/><G70/><T74/><REACH who="0" step="1"/><D57/><REACH who="0" ten="240,250,250,250" step="2"/><U30/><E109/><V124/><F58/><W46/><G2/><T29/><D29/><U8/><E108/><V130/><F124/><W37/><G47/><T18/><D18/><U26/><E17/><V103/><F3/><W20/><G37/><T110/><D110/><U107/><E30/><V95/><F1/><W121/><G121/><T32/><D32/><U39/><E39/><V44/><F14/><W102/><G10/><T115/><D115/><U16/><E8/><V52/><F44/><W4/><G4/><T41/><D41/><U5/><E5/><V119/><F12/><AGARI ba="0,1" hai="12,19,20,43,46,49,59,60,64,94,96,102,105,106" machi="12" ten="30,1000,0" yaku="7,1" doraHai="114" who="3" fromWho="2" sc="240,0,250,0,250,-10,250,20" /><INIT seed="1,0,0,0,3,58" ten="240,250,240,270" oya="1" hai0="31,64,109,43,68,49,93,13,62,84,95,125,8" hai1="51,1,63,123,65,72,122,30,115,19,4,70,111" hai2="7,77,57,38,130,27,98,97,42,2,126,103,45" hai3="67,22,112,35,108,117,32,53,128,99,28,82,89"/><U129/><E115/><V90/><F130/><W105/><G112/><T133/><D109/><U3/><E72/><V26/><F126/><W96/><G108/><T23/><D133/><U61/><E111/><V124/><F124/><W21/><G128/><T121/><D121/><U14/><E30/><V5/><F90/><W15/><G117/><T55/><D43/><U78/><E78/><V16/><F98/><W25/><G67/><T59/><D125/><U113/><E129/><V41/><F41/><W20/><G35/><T48/><D48/><U104/><E113/><V34/><F77/><W94/><G82/><T134/><D134/><U132/><E132/><V54/><F34/><W69/><G69/><T86/><D23/><U100/><E51/><V66/><F66/><W107/><G15/><T37/><D37/><U12/><E4/><V60/><F27/><W118/><G118/><T87/><REACH who="0" step="1"/><D31/><REACH who="0" ten="230,250,240,270" step="2"/><U56/><E123/><V102/><F38/><W106/><REACH who="3" step="1"/><G53/><REACH who="3" ten="230,250,240,260" step="2"/><T101/><D101/><AGARI ba="0,2" hai="20,21,22,25,28,32,89,94,96,99,101,105,106,107" machi="101" ten="40,2600,0" yaku="1,1,2,1,53,0" doraHai="58" doraHaiUra="135" who="3" fromWho="0" sc="230,-26,250,0,240,0,260,46" /><INIT seed="2,0,0,0,4,66" ten="204,250,240,306" oya="2" hai0="1,40,39,95,50,90,56,55,41,75,74,10,99" hai1="115,18,93,86,11,82,105,42,84,44,53,23,49" hai2="30,21,31,35,80,134,122,38,65,52,132,28,96" hai3="128,19,88,100,60,3,72,62,9,126,8,133,48"/><V13/><F122/><W97/><G133/><N who="2" m="51305" /><F38/><W64/><G128/><T129/><D129/><U123/><E115/><V92/><F80/><W101/><G126/><T46/><REACH who="0" step="1"/><D41/><REACH who="0" ten="194,250,240,306" step="2"/><U34/><E123/><V0/><F35/><W109/><G109/><T57/><D57/><U69/><E34/><V7/><F0/><W77/><G3/><T17/><D17/><U2/><E42/><V36/><F36/><W24/><G19/><T32/><D32/><U130/><E130/><V25/><F7/><AGARI ba="0,1" hai="1,7,10,39,40,46,50,55,56,74,75,90,95,99" machi="7" ten="40,1300,0" yaku="1,1,53,0" doraHai="66" doraHaiUra="124" who="0" fromWho="2" sc="194,23,250,0,240,-13,306,0" /><INIT seed="3,0,0,1,2,33" ten="217,250,227,306" oya="3" hai0="77,124,135,115,70,3,5,36,53,45,110,8,67" hai1="10,58,54,98,1,52,40,17,111,35,57,6,18" hai2="117,19,28,62,2,129,69,121,82,39,60,47,14" hai3="97,68,41,123,114,75,59,130,118,94,37,120,90"/><W102/><G68/><T108/><D124/><U99/><E35/><V22/><F117/><W76/><G37/><T56/><D135/><U38/><E111/><N who="0" m="42537" /><D77/><U84/><E84/><V134/><F134/><W93/><G41/><N who="0" m="22695" /><D115/><U105/><E38/><V74/><F129/><W128/><G59/><T51/><D67/><U25/><E40/><V100/><F100/><W122/><G118/><T66/><D66/><U64/><E64/><V126/><F69/><AGARI ba="0,0" hai="3,5,8,51,53,56,69,70" m="22695,42537" machi="69" ten="30,2000,0" yaku="14,1,52,1" doraHai="33" who="0" fromWho="2" sc="217,20,250,0,227,-20,306,0" /><INIT seed="4,0,0,4,1,133" ten="237,250,207,306" oya="0" hai0="46,50,131,105,91,22,7,62,107,90,49,48,129" hai1="102,92,8,36,97,79,41,59,118,125,37,29,72" hai2="93,0,121,47,27,123,51,117,44,52,1,75,60" hai3="68,63,81,73,120,66,69,45,127,42,28,94,89"/><T38/><D7/><U61/><E118/><V95/><F117/><W119/><G119/><T109/><D109/><U101/><E29/><V13/><F75/><W103/><G120/><T126/><D62/><U77/><E8/><V43/><F27/><W26/><G103/><T106/><D22/><U15/><E15/><V2/><F13/><W24/><G69/><T113/><D113/><U9/><E9/><V30/><F30/><W130/><G130/><N who="0" m="49675" /><D126/><U6/><E6/><V104/><F104/><N who="0" m="26626" /><T21/><DORA hai="20" /><D21/><U86/><E61/><V35/><F35/><W55/><G127/><T78/><D78/><U74/><E59/><V23/><F23/><W84/><G55/><T31/><D31/><U112/><E125/><V16/><F16/><W17/><G17/><T116/><D116/><U58/><E58/><V134/><F60/><W83/><G28/><T12/><D12/><U3/><E112/><V85/><F134/><W132/><G132/><T10/><D10/><U32/><E32/><V87/><F121/><W11/><G11/><T111/><D111/><U56/><E56/><V135/><F135/><W96/><G73/><T54/><D54/><U108/><E108/><V98/><F123/><W82/><REACH who="3" step="1"/><G96/><REACH who="3" ten="237,250,207,296" step="2"/><T110/><D110/><U65/><E97/><V5/><F98/><W39/><AGARI ba="0,1" hai="24,26,39,42,45,63,66,68,81,82,83,84,89,94" machi="39" ten="30,8000,1" yaku="1,1,2,1,0,1,52,2,53,0" doraHai="133,20" doraHaiUra="14,128" who="3" fromWho="3" sc="237,-40,250,-20,207,-20,296,90" /><INIT seed="5,0,0,0,1,21" ten="197,230,187,386" oya="1" hai0="38,42,1,70,58,18,74,36,3,77,50,61,89" hai1="114,117,5,120,106,8,0,14,132,11,85,92,66" hai2="44,82,17,62,116,99,35,60,134,127,72,4,103" hai3="31,80,15,94,123,128,48,119,37,53,108,75,102"/><U93/><E120/><V39/><F35/><W40/><G108/><T129/><D129/><U29/><E117/><V76/><F116/><W13/><G123/><T57/><D74/><U133/><E106/><V113/><F134/><W7/><G119/><T27/><D77/><U20/><E66/><V100/><F100/><W115/><G115/><T78/><D78/><U125/><E85/><V71/><F71/><W30/><G128/><T130/><D130/><U86/><E86/><V54/><F127/><W9/><G37/><T96/><D70/><U88/><E114/><V41/><F54/><W56/><G75/><T110/><D110/><U118/><E118/><V64/><F64/><W19/><G40/><T12/><D50/><U69/><E69/><V63/><F113/><W32/><G32/><T55/><D57/><U67/><E67/><V23/><F4/><W65/><G80/><T109/><D12/><U104/><E125/><V107/><REACH who="2" step="1"/><F63/><REACH who="2" ten="197,230,177,386" step="2"/><W68/><G65/><T16/><D109/><U6/><E133/><V84/><F84/><W105/><G68/><T79/><D61/><U28/><E132/><V124/><F124/><W33/><G33/><T121/><D55/><U97/><E6/><V126/><F126/><W98/><G105/><T10/><D121/><U52/><E104/><V2/><F2/><W83/><G53/><T45/><D3/><U91/><E52/><V47/><F47/><W25/><G102/><T131/><D1/><U90/><E0/><V112/><F112/><W95/><G56/><T46/><D131/><U34/><E34/><V59/><F59/><RYUUKYOKU ba="0,1" sc="197,-10,230,-10,177,30,386,-10" hai2="17,23,39,41,44,60,62,72,76,82,99,103,107" /><INIT seed="6,1,1,0,3,43" ten="187,220,207,376" oya="2" hai0="32,107,99,88,11,104,128,46,102,4,19,120,111" hai1="92,63,23,97,21,133,109,3,53,106,135,101,7" hai2="93,77,16,0,76,86,123,47,51,119,130,79,122" hai3="81,69,18,1,87,8,59,105,33,116,10,45,44"/><V95/><F119/><W5/><G69/><T118/><D111/><U35/><E109/><V20/><F0/><W68/><G68/><T52/><D120/><U115/><E35/><V108/><F130/><W60/><G105/><T54/><D128/><U96/><E115/><V75/><F75/><W41/><G33/><T73/><D118/><U131/><E131/><V27/><F108/><W22/><G41/><T28/><D73/><U85/><E85/><V132/><F132/><N who="1" m="50761" /><E63/><V55/><REACH who="2" step="1"/><F86/><REACH who="2" ten="187,220,197,376" step="2"/><W74/><G74/><T83/><D104/><U89/><E3/><V71/><F71/><W113/><G116/><T103/><D107/><U62/><E7/><V56/><F56/><AGARI ba="1,2" hai="21,23,53,56,62,89,92,96,97,101,106" m="50761" machi="56" ten="30,1000,0" yaku="20,1" doraHai="43" who="1" fromWho="2" sc="187,0,220,33,197,-13,376,0" /><INIT seed="7,0,0,1,5,39" ten="187,253,184,376" oya="3" hai0="45,55,126,81,46,71,37,72,10,83,52,87,134" hai1="89,78,115,98,2,99,100,112,62,21,130,14,86" hai2="73,107,113,34,35,22,66,77,135,119,85,118,84" hai3="8,116,117,40,93,24,65,64,23,125,59,58,30"/><W129/><G129/><T32/><D32/><U94/><E2/><V75/><F107/><W31/><G125/><T12/><D71/><U56/><E130/><V74/><F22/><W47/><G117/><N who="2" m="44553" /><F77/><W27/><G116/><T20/><D134/><U4/><E78/><V128/><F135/><W1/><G1/><T18/><D126/><U76/><E76/><V41/><F128/><W51/><G8/><T79/><D72/><U88/><E4/><V132/><F132/><W111/><G111/><T3/><D81/><U63/><E89/><V96/><F96/><W108/><G93/><T36/><D36/><U123/><E123/><V61/><F113/><N who="1" m="43593" /><E56/><N who="3" m="21546" /><G108/><T105/><D105/><N who="1" m="63639" /><E99/><V43/><F61/><W114/><G114/><T48/><D37/><U102/><E102/><V25/><F66/><N who="3" m="25707" /><G27/><T120/><D3/><U49/><E49/><V101/><F25/><W15/><G15/><T95/><D95/><U103/><E103/><V13/><F101/><W54/><G31/><T0/><D120/><U69/><E69/><V19/><F13/><W124/><G124/><T60/><D60/><U80/><E94/><V121/><F121/><W6/><G6/><T33/><D0/><U106/><E106/><V11/><F11/><W44/><G51/><N who="0" m="28783" /><D33/><N who="2" m="12298" /><F19/><AGARI ba="0,0" hai="14,19,21,62,63,80,86,88" m="63639,43593" machi="19" ten="30,2000,0" yaku="15,1,54,1" doraHai="39" who="1" fromWho="2" sc="187,0,253,20,184,-20,376,0" owari="187,-21.0,273,7.0,164,-34.0,376,48.0" /></mjloggm>