<mjloggm ver="2.3"><GO type="185" lobby="0"/><UN n0="%E4%B8%83%E7%80%AC%E6%82%A0%E6%9C%88" n1="%28%2A%C2%B4%CF%89%EF%BD%80%2A%7D" n2="%E5%8C%97%E5%B0%8F%E8%B7%AF%3A%E9%9A%86%E5%A4%AA" n3="" dan="17,17,16,0" rate="2272.83,2266.33,2203.00,1500.00" sx="F,F,M,C"/><TAIKYOKU oya="0"/><INIT seed="0,0,0,5,1,126" ten="350,350,350,0" oya="0" hai0="85,122,125,102,108,110,65,73,51,98,106,41,36" hai1="93,90,66,114,54,95,49,69,63,32,131,127,67" hai2="37,135,78,111,119,70,92,107,117,57,87,48,43" hai3=""/><T86/><N who="0" m="31264" /><T64/><D36/><U3/><E127/><V40/><F111/><N who="0" m="42538" /><D125/><U62/><E32/><V60/><F107/><T35/><D35/><U53/><E3/><V76/><F135/><T112/><D73/><U2/><E114/><V123/><N who="2" m="31520" /><V82/><F78/><T94/><D112/><U134/><E134/><V80/><F80/><T130/><D130/><U103/><E131/><V45/><F70/><T75/><D75/><U39/><E39/><V0/><F0/><T59/><D106/><U71/><E2/><V118/><F92/><T77/><D77/><U34/><E34/><V38/><REACH who="2" step="1"/><F40/><REACH who="2" ten="350,350,340,0" step="2"/><T47/><D59/><U58/><E58/><V44/><F44/><T50/><D50/><U120/><E49/><V68/><F68/><T88/><D102/><U84/><N who="1" m="30752" /><U1/><E1/><V96/><F96/><AGARI ba="0,1" hai="53,54,62,63,66,67,69,71,84,90,93,95,96,103" m="30752" machi="96" ten="40,2600,0" yaku="9,1,52,1" doraHai="126" who="1" fromWho="2" sc="350,0,350,36,340,-26,0,0" /><INIT seed="1,0,0,1,4,134" ten="350,386,314,0" oya="1" hai0="99,104,125,76,54,2,63,122,131,112,86,116,89" hai1="73,115,48,38,67,95,84,96,128,0,79,34,120" hai2="101,88,58,70,92,47,49,114,127,107,78,1,33" hai3=""/><U39/><N who="1" m="30752" /><U129/><E34/><V100/><F1/><T113/><N who="0" m="31264" /><T65/><D2/><U77/><E0/><V35/><F70/><T106/><D131/><U60/><E115/><V97/><F114/><T44/><D116/><U36/><E73/><V37/><F37/><T51/><D106/><U32/><E32/><V119/><F119/><T98/><D98/><U43/><E48/><V124/><F101/><T41/><D76/><U59/><E43/><V82/><F58/><T57/><D125/><N who="2" m="48202" /><F107/><T42/><D112/><U105/><E105/><V80/><F100/><T66/><D113/><U133/><E133/><V61/><F61/><T68/><D99/><U93/><E128/><V126/><N who="2" m="48210" /><V62/><DORA hai="90" /><F80/><T85/><D104/><U52/><E129/><V91/><F91/><T64/><D68/><U123/><N who="1" m="31520" /><U74/><E36/><V75/><F62/><T46/><D89/><U83/><E38/><V130/><F130/><T121/><N who="0" m="31008" /><T3/><D3/><U55/><E39/><V111/><F111/><T135/><D135/><U56/><E56/><V40/><AGARI ba="0,0" hai="33,35,40,47,49,75,78,82,88,92,97" m="48210" machi="40" ten="40,9000,2" yaku="18,1,52,5,54,1" doraHai="134,90" who="2" fromWho="2" sc="350,-30,386,-60,314,90,0,0" /><INIT seed="2,0,0,3,4,82" ten="320,326,404,0" oya="2" hai0="0,92,130,125,108,55,122,121,68,131,73,45,36" hai1="85,47,91,76,65,132,106,101,59,48,39,1,93" hai2="102,40,96,57,3,81,74,127,49,107,129,133,84" hai3=""/><V41/><F3/><T90/><N who="0" m="31008" /><T43/><N who="0" m="31264" /><T62/><D0/><U134/><E1/><V109/><F109/><T83/><D108/><U117/><E117/><V42/><F133/><T87/><D125/><U88/><E76/><V113/><F127/><T75/><D55/><U123/><N who="1" m="31520" /><U34/><E34/><V63/><F113/><T2/><D2/><U66/><E39/><V110/><F110/><T72/><REACH who="0" step="1"/><D83/><REACH who="0" ten="310,326,404,0" step="2"/><U135/><E135/><V38/><F38/><T67/><AGARI ba="0,1" hai="36,43,45,62,67,68,72,73,75,87,90,92,130,131" m="31264,31008" machi="67" ten="40,9000,2" yaku="1,1,2,1,0,1,52,3,53,0" doraHai="82" doraHaiUra="52" who="0" fromWho="0" sc="310,100,326,-30,404,-60,0,0" /><INIT seed="4,0,0,4,0,114" ten="410,296,344,0" oya="0" hai0="121,105,106,83,72,115,102,89,77,91,101,37,38" hai1="96,75,71,99,48,54,41,45,0,46,79,92,84" hai2="56,82,50,122,51,3,67,39,128,98,73,103,80" hai3=""/><T133/><N who="0" m="31008" /><T69/><D69/><U36/><E0/><V120/><N who="2" m="30752" /><V65/><N who="2" m="31264" /><V78/><F3/><T70/><D70/><U1/><E1/><V104/><F39/><T125/><D115/><U94/><E71/><V33/><F33/><T110/><D125/><U74/><E84/><V42/><F128/><T87/><D37/><U76/><E76/><V53/><REACH who="2" step="1"/><F82/><REACH who="2" ten="410,296,334,0" step="2"/><T55/><D38/><U58/><E36/><V117/><F117/><T93/><D83/><U60/><E92/><V88/><F88/><T95/><D91/><U57/><E94/><V100/><F100/><T52/><D89/><U40/><E79/><V43/><F43/><T123/><D77/><U61/><E40/><V131/><F131/><T63/><D95/><U118/><E41/><V109/><F109/><T49/><D110/><U34/><E118/><V85/><F85/><T134/><D87/><U66/><E34/><V64/><F64/><T126/><D93/><U62/><E66/><V47/><AGARI ba="0,1" hai="42,47,50,51,53,56,65,67,73,78,80,98,103,104" m="31264,30752" machi="47" ten="30,5900,0" yaku="1,1,0,1,52,2,53,0" doraHai="114" doraHaiUra="127" who="2" fromWho="2" sc="410,-39,296,-20,334,69,0,0" /><INIT seed="5,0,0,1,4,109" ten="371,276,403,0" oya="1" hai0="122,69,125,130,64,134,118,63,38,97,55,57,72" hai1="92,44,37,79,82,33,3,117,71,70,116,77,100" hai2="89,76,61,2,68,135,120,0,133,121,132,95,49" hai3=""/><U32/><E3/><V108/><N who="2" m="30752" /><V51/><N who="2" m="31008" /><V84/><F108/><T66/><N who="0" m="31264" /><T78/><D125/><U75/><E79/><V47/><F76/><T91/><D130/><U131/><E92/><V110/><F110/><T53/><D38/><U98/><E131/><V90/><F90/><T60/><D134/><U102/><E98/><V48/><REACH who="2" step="1"/><F47/><REACH who="2" ten="371,276,393,0" step="2"/><T128/><D128/><U67/><E102/><V35/><F35/><N who="1" m="13385" /><E100/><V124/><F124/><T93/><REACH who="0" step="1"/><D118/><REACH who="0" ten="361,276,393,0" step="2"/><U96/><E116/><V34/><F34/><T112/><D112/><U58/><E117/><V126/><F126/><T54/><D54/><U45/><E77/><V115/><F115/><T59/><D59/><U87/><E58/><V119/><F119/><T65/><D65/><AGARI ba="0,2" hai="0,2,48,49,51,61,65,68,84,89,95,132,133,135" m="31008,30752" machi="65" ten="50,8000,1" yaku="1,1,20,1,52,2,53,1" doraHai="109" doraHaiUra="88" who="2" fromWho="0" sc="361,-80,276,0,393,100,0,0" /><INIT seed="6,0,0,1,0,100" ten="281,276,493,0" oya="2" hai0="103,51,46,114,99,54,89,106,91,77,73,120,41" hai1="122,101,70,67,96,130,113,53,105,71,132,34,58" hai2="109,38,110,74,118,93,57,75,90,97,64,119,78" hai3=""/><V66/><F66/><T104/><N who="0" m="30752" /><T69/><D106/><U37/><N who="1" m="31264" /><U95/><E34/><V80/><F38/><T79/><D69/><U40/><E113/><V59/><F74/><T115/><D91/><U50/><E130/><V111/><F64/><T128/><D128/><U123/><N who="1" m="31520" /><U121/><N who="1" m="31008" /><U0/><E0/><V82/><F82/><T33/><D33/><U1/><E1/><V63/><F63/><T94/><D41/><U127/><E127/><V131/><F131/><T86/><D79/><U76/><E132/><V45/><F45/><T129/><D129/><U35/><E35/><V72/><F72/><T68/><D68/><U126/><E126/><V108/><F108/><T62/><D62/><U49/><E76/><V112/><F112/><T84/><D84/><U42/><E37/><V32/><F32/><T88/><D89/><U125/><E125/><V3/><F3/><T60/><D60/><U2/><E2/><V124/><F124/><T116/><D116/><AGARI ba="0,0" hai="57,59,75,78,80,90,93,97,109,110,111,116,118,119" machi="116" ten="50,2400,0" yaku="10,1" doraHai="100" who="2" fromWho="0" sc="281,-24,276,0,493,24,0,0" owari="257,-34.0,276,-12.0,517,46.0,0,0.0" /></mjloggm>