<mjloggm ver="2.3"><GO type="185" lobby="0"/><UN n0="%E8%97%A4%E4%BA%95%E8%81%A1%E5%A4%AA" n1="%E5%A4%9A%E6%9E%97%E6%99%8B" n2="%62%69%74%74%65%72%74" n3="" dan="20,17,18,0" rate="2424.85,2204.19,2280.91,1500.00" sx="M,M,M,C"/><TAIKYOKU oya="0"/><INIT seed="0,0,0,4,2,70" ten="350,350,350,0" oya="0" hai0="131,77,63,46,58,108,72,116,84,115,57,133,36" hai1="67,71,123,55,118,39,91,94,134,102,34,88,48" hai2="97,111,78,59,105,135,76,62,2,56,73,121,35" hai3=""/><T66/><D115/><U75/><N who="1" m="31520" /><U82/><E34/><V41/><N who="2" m="31008" /><V112/><F35/><T40/><D116/><U38/><E118/><V81/><F2/><T110/><D72/><U120/><N who="1" m="30752" /><U119/><E119/><V132/><F78/><T86/><D131/><U125/><E134/><V96/><F112/><T109/><D133/><N who="2" m="51274" /><F111/><T37/><D77/><U32/><E32/><V127/><F127/><T64/><D36/><U53/><E125/><V43/><F59/><T33/><D33/><U45/><E102/><V65/><F105/><T0/><D0/><U52/><E91/><V130/><F130/><T89/><D89/><U95/><E95/><V126/><F126/><T113/><D113/><U61/><E82/><V114/><F114/><T101/><D101/><U93/><E93/><V60/><F60/><AGARI ba="0,0" hai="37,40,46,57,58,60,63,64,66,84,86,108,109,110" machi="60" ten="40,12000,1" yaku="9,1,14,1,10,1,52,1" doraHai="70" who="0" fromWho="2" sc="350,120,350,0,350,-120,0,0" /><INIT seed="0,1,0,3,2,110" ten="470,350,230,0" oya="0" hai0="44,127,87,52,91,129,84,133,56,94,59,60,63" hai1="83,37,89,64,41,51,113,86,2,100,128,54,121" hai2="101,58,119,3,79,117,74,115,36,109,33,66,123" hai3=""/><T82/><D129/><U92/><N who="1" m="31008" /><U93/><E2/><V99/><N who="2" m="31520" /><V122/><N who="2" m="31264" /><V65/><F33/><T130/><D130/><U77/><E128/><V105/><F36/><T73/><D133/><U46/><E64/><V53/><F3/><T32/><D127/><U134/><E134/><V125/><F109/><T95/><D32/><U85/><E100/><V112/><F125/><T1/><D1/><U131/><E131/><V116/><F79/><T96/><D44/><U48/><E113/><N who="2" m="43595" /><F74/><T108/><D108/><U126/><E126/><V68/><F68/><T76/><REACH who="0" step="1"/><D95/><REACH who="0" ten="460,350,230,0" step="2"/><U35/><E35/><V103/><F101/><T45/><D45/><U42/><E37/><V98/><F98/><T78/><D78/><U102/><E102/><V135/><F135/><T80/><D80/><U72/><E77/><V71/><F71/><T50/><D50/><AGARI ba="1,1" hai="50,53,58,65,66,99,103,105,116,117,119" m="43595,31264,31520" machi="50" ten="40,12000,2" yaku="12,1,52,5" doraHai="110" who="2" fromWho="0" sc="460,-122,350,0,230,132,0,0" /><INIT seed="1,0,0,0,1,33" ten="338,350,362,0" oya="1" hai0="124,69,122,89,128,0,58,130,46,48,76,67,47" hai1="37,60,54,65,81,83,98,45,56,43,107,127,73" hai2="34,50,134,94,71,63,99,102,1,49,125,105,101" hai3=""/><U70/><E127/><V112/><F34/><T39/><N who="0" m="31264" /><T86/><D124/><U75/><E75/><V55/><F125/><T82/><D0/><U64/><E73/><V77/><F77/><T91/><D69/><U116/><E116/><V84/><F50/><T36/><D58/><U126/><E126/><V88/><F102/><T90/><D67/><U32/><E65/><V108/><F63/><T119/><D119/><U40/><E43/><V72/><F71/><T121/><N who="0" m="31008" /><T117/><D117/><U93/><E107/><V123/><N who="2" m="31520" /><V135/><F72/><T92/><D92/><U111/><E111/><V118/><F118/><T66/><D66/><U120/><N who="1" m="30752" /><U53/><E53/><V62/><F108/><T132/><D132/><N who="2" m="50730" /><F62/><T133/><D133/><U115/><E32/><V129/><F112/><T3/><D3/><U57/><E115/><V79/><F1/><T44/><REACH who="0" step="1"/><D48/><REACH who="0" ten="328,350,362,0" step="2"/><U87/><E70/><V106/><F105/><T96/><D96/><U85/><E64/><V68/><F68/><T38/><AGARI ba="0,1" hai="36,38,39,44,46,47,76,82,86,89,90,91,128,130" m="31008,31264" machi="38" ten="40,9000,2" yaku="1,1,0,1,29,2,52,2,53,0" doraHai="33" doraHaiUra="104" who="0" fromWho="0" sc="328,100,350,-60,362,-30,0,0" /><INIT seed="2,0,0,4,1,34" ten="428,290,332,0" oya="2" hai0="89,132,85,116,44,87,72,47,90,83,103,69,40" hai1="108,91,124,70,3,115,68,32,38,78,84,98,48" hai2="118,125,39,131,76,73,75,133,134,120,54,52,129" hai3=""/><V53/><N who="2" m="30752" /><V127/><F39/><T93/><D116/><U107/><E32/><V122/><N who="2" m="31264" /><V82/><F118/><T37/><D132/><N who="2" m="50794" /><F75/><T105/><D69/><U135/><E38/><V96/><F96/><T94/><D44/><U63/><E115/><V2/><F2/><T110/><D110/><U126/><E108/><V79/><F76/><T71/><D71/><U97/><E3/><V58/><F58/><T86/><D72/><U74/><E78/><V95/><F95/><T117/><D117/><U62/><E74/><V80/><F80/><T113/><D83/><U36/><E36/><V67/><F67/><T102/><D85/><U111/><E135/><V49/><F49/><T59/><D59/><U64/><E48/><V50/><F50/><T128/><D86/><U60/><E111/><V51/><F51/><T81/><D87/><U35/><E35/><V66/><F66/><T106/><D81/><U92/><E64/><V41/><F41/><T119/><D119/><U121/><N who="1" m="31008" /><U114/><E70/><V104/><F104/><T99/><D106/><U1/><E1/><V57/><F57/><T109/><D105/><U56/><E68/><V45/><F45/><T112/><D109/><U130/><E107/><RYUUKYOKU ba="0,0" sc="428,-10,290,-10,332,20,0,0" hai2="52,53,54,73,79,82,125,127,129,131" /><INIT seed="2,1,0,4,1,116" ten="418,280,352,0" oya="2" hai0="94,50,121,100,3,78,43,41,120,135,118,71,90" hai1="115,122,87,73,93,37,32,107,125,119,75,76,105" hai2="54,82,2,55,117,72,61,33,129,52,80,49,70" hai3=""/><V131/><F117/><T132/><N who="0" m="30752" /><T99/><N who="0" m="31008" /><T89/><D118/><U85/><N who="1" m="31264" /><U81/><E37/><V133/><F2/><T97/><D3/><U45/><E45/><V83/><F33/><T66/><D78/><U91/><E32/><V110/><F72/><N who="1" m="27721" /><E119/><V62/><F133/><N who="0" m="51274" /><D50/><U0/><E0/><V128/><F110/><T42/><D99/><U65/><E65/><V59/><F49/><T79/><D79/><U47/><E47/><V48/><F48/><T92/><D94/><U127/><E115/><V58/><F70/><T53/><D53/><AGARI ba="1,0" hai="52,53,54,55,58,59,61,62,80,82,83,128,129,131" machi="53" ten="50,9600,0" yaku="9,1,19,1,54,1" doraHai="116" who="2" fromWho="0" sc="418,-98,280,0,352,98,0,0" /><INIT seed="2,2,0,0,1,123" ten="320,280,450,0" oya="2" hai0="105,94,110,132,91,106,99,135,3,96,72,67,103" hai1="69,37,114,33,104,48,49,121,55,118,130,86,0" hai2="50,122,56,87,120,109,90,93,133,70,77,128,107" hai3=""/><V52/><N who="2" m="30752" /><V64/><N who="2" m="31264" /><V116/><F116/><T39/><D3/><U95/><E49/><V82/><F133/><N who="0" m="51274" /><D39/><U115/><E48/><V2/><F128/><T126/><D67/><U131/><E55/><V125/><F125/><T54/><D54/><U98/><E86/><V43/><F2/><T102/><D126/><U44/><E44/><V73/><F107/><N who="0" m="40970" /><D110/><U101/><N who="1" m="31008" /><U66/><E37/><V71/><F109/><T47/><D47/><U78/><E0/><V127/><F127/><T80/><D96/><U34/><E118/><V111/><F111/><T36/><D36/><U134/><E134/><V59/><REACH who="2" step="1"/><F43/><REACH who="2" ten="320,280,440,0" step="2"/><T46/><D46/><U119/><E119/><V45/><F45/><T1/><D1/><U113/><E131/><V97/><F97/><T83/><D72/><U40/><E130/><V81/><F81/><AGARI ba="2,1" hai="80,81,83,91,94,99,102,103" m="40970,51274" machi="81" ten="30,3900,0" yaku="20,1,34,2" doraHai="123" who="0" fromWho="2" sc="320,53,280,0,440,-43,0,0" /><INIT seed="4,0,0,2,3,88" ten="373,280,397,0" oya="0" hai0="80,56,119,75,94,41,105,76,113,50,126,53,130" hai1="110,83,43,112,77,37,111,92,61,70,122,101,35" hai2="102,100,116,72,132,89,124,46,48,45,51,104,42" hai3=""/><T52/><D119/><U62/><N who="1" m="31264" /><U90/><E35/><V2/><F2/><T86/><D105/><U34/><E34/><V65/><F72/><T125/><D113/><U78/><E101/><V3/><F3/><T79/><D130/><U1/><E1/><V74/><F74/><T49/><D41/><U103/><E103/><V128/><F65/><T96/><D76/><U82/><E112/><V97/><F102/><T115/><D75/><U131/><E131/><V123/><N who="2" m="31520" /><V95/><F128/><T121/><N who="0" m="31008" /><T134/><D134/><U133/><E133/><V108/><F132/><T36/><D36/><U91/><E43/><V40/><F116/><T59/><D115/><U60/><E70/><V47/><F47/><T33/><D33/><U55/><E55/><V39/><F39/><T135/><D135/><U71/><E71/><V99/><F124/><T129/><D129/><U67/><E67/><V127/><F127/><T32/><D32/><U85/><E37/><V106/><F104/><T84/><D84/><U120/><N who="1" m="30752" /><U44/><E44/><V57/><F57/><T81/><D80/><U64/><E64/><V114/><F114/><T54/><D53/><U68/><E83/><V58/><F106/><RYUUKYOKU ba="0,0" sc="373,20,280,-10,397,-10,0,0" hai0="49,50,52,54,56,59,79,81,86,94,96,125,126" /><INIT seed="4,1,0,1,2,32" ten="393,270,387,0" oya="0" hai0="128,64,124,51,67,47,78,43,87,53,36,61,96" hai1="71,130,109,84,70,118,66,121,123,112,134,82,52" hai2="45,56,69,98,127,58,125,93,113,68,111,115,132" hai3=""/><T48/><D128/><U100/><N who="1" m="31008" /><U86/><N who="1" m="31520" /><U3/><E3/><V117/><F111/><T101/><D124/><N who="2" m="47690" /><F132/><T135/><D135/><U59/><E134/><V60/><F117/><T79/><D87/><U2/><E2/><V122/><N who="2" m="31264" /><V131/><F45/><T126/><D126/><U46/><E118/><V119/><F119/><T106/><D64/><U41/><E109/><V0/><F0/><T55/><D36/><U54/><E130/><V133/><F56/><T75/><D75/><U81/><E112/><N who="2" m="43083" /><F133/><T35/><D35/><U39/><E100/><V107/><F107/><T42/><D43/><U40/><E66/><V103/><F131/><T63/><D42/><U72/><E72/><V65/><AGARI ba="1,0" hai="58,60,65,68,69,93,98,103" m="43083,31264,47690" machi="65" ten="30,3000,0" yaku="18,1,15,1,52,1" doraHai="32" who="2" fromWho="2" sc="393,-21,270,-11,387,32,0,0" /><INIT seed="5,0,0,5,1,96" ten="372,259,419,0" oya="1" hai0="109,135,128,64,72,35,46,82,33,58,121,133,95" hai1="43,92,122,53,51,88,76,55,105,130,134,59,86" hai2="36,124,73,79,90,49,0,100,60,54,52,65,131" hai3=""/><U110/><N who="1" m="31264" /><U99/><E110/><V78/><F36/><T80/><N who="0" m="31008" /><T81/><D109/><U87/><E134/><N who="0" m="51209" /><D72/><U63/><E130/><V98/><F73/><T74/><D74/><U91/><E76/><V84/><F54/><T1/><D1/><U48/><E43/><V37/><F37/><T103/><D128/><U106/><E86/><V94/><F0/><T111/><D46/><U62/><E106/><V39/><F39/><T42/><D42/><U125/><E125/><V126/><F131/><T83/><D83/><U75/><E75/><V66/><F126/><T3/><D3/><U123/><N who="1" m="31520" /><U107/><E107/><V112/><F66/><T45/><D45/><U56/><E105/><V69/><F124/><T44/><D44/><U2/><E2/><V127/><F127/><T129/><D111/><U32/><E32/><V119/><F119/><T47/><D47/><U115/><E115/><V102/><F112/><T34/><D129/><U97/><E97/><V108/><F108/><T116/><D116/><U114/><E114/><V70/><F98/><T120/><N who="0" m="30752" /><T118/><D118/><U40/><E40/><V132/><F132/><T104/><D104/><U71/><E71/><V77/><F70/><RYUUKYOKU ba="0,0" sc="372,-20,259,10,419,10,0,0" hai1="48,51,53,55,56,59,62,63,87,88,91,92,99" hai2="49,52,60,65,69,77,78,79,84,90,94,100,102" /><INIT seed="5,1,0,0,1,42" ten="352,269,429,0" oya="1" hai0="58,50,87,123,0,96,76,47,107,98,130,67,34" hai1="74,77,70,49,3,86,121,126,44,124,51,103,117" hai2="64,56,115,52,53,55,80,118,1,127,57,93,68" hai3=""/><U113/><N who="1" m="31008" /><U97/><E3/><V119/><F1/><T116/><N who="0" m="31520" /><T120/><N who="0" m="30752" /><T73/><D0/><U114/><E117/><N who="2" m="44555" /><F93/><T71/><D34/><U72/><E70/><V37/><F80/><T43/><D116/><U106/><E86/><V48/><F37/><T33/><D33/><U2/><E2/><V112/><F127/><N who="1" m="48681" /><E51/><V85/><F85/><T90/><D71/><U40/><E77/><V128/><F128/><T134/><D130/><U35/><E35/><V95/><F95/><T94/><D107/><U110/><E110/><V39/><F39/><T82/><REACH who="0" step="1"/><D134/><REACH who="0" ten="342,269,429,0" step="2"/><U135/><E135/><V45/><F68/><T91/><D91/><U54/><E40/><V101/><F115/><AGARI ba="1,1" hai="44,49,54,72,74,97,103,106,113,114,115" m="48681,31008" machi="115" ten="30,11600,0" yaku="15,1,18,1,52,2" doraHai="42" who="1" fromWho="2" sc="342,0,269,128,429,-118,0,0" /><INIT seed="5,2,0,5,1,108" ten="342,397,311,0" oya="1" hai0="73,127,68,0,66,130,57,81,80,48,96,77,58" hai1="102,128,134,115,63,118,79,44,129,36,42,125,76" hai2="3,111,83,60,75,51,40,43,56,120,78,123,98" hai3=""/><U91/><E118/><V112/><N who="2" m="30752" /><V88/><N who="2" m="31520" /><V104/><F3/><T71/><D0/><U90/><E125/><V67/><F111/><T122/><N who="0" m="31264" /><T38/><D38/><U46/><E134/><V99/><F112/><T82/><D127/><U131/><E102/><V117/><F117/><T39/><D39/><U62/><E115/><V89/><F51/><T100/><D130/><U97/><E46/><V116/><F116/><T132/><D132/><U110/><E110/><V34/><F34/><T114/><D114/><U50/><E36/><V53/><F67/><T126/><D126/><U106/><E106/><V49/><F49/><T85/><D81/><U121/><N who="1" m="31008" /><U87/><E91/><V47/><F47/><T35/><D35/><U105/><E97/><V1/><F1/><T61/><D57/><U52/><E105/><V86/><F75/><T92/><REACH who="0" step="1"/><D48/><REACH who="0" ten="332,397,311,0" step="2"/><U84/><E131/><V113/><F113/><T107/><D107/><U94/><E129/><V124/><F124/><T133/><D133/><U33/><E128/><V70/><F104/><T45/><D45/><U69/><E33/><V65/><F83/><T32/><D32/><U109/><E109/><V95/><F56/><T37/><D37/><RYUUKYOKU ba="2,1" sc="332,20,397,-10,311,-10,0,0" hai0="58,61,66,68,71,73,77,80,82,85,92,96,100" /><INIT seed="6,3,1,5,2,123" ten="352,387,301,0" oya="2" hai0="95,85,90,133,46,48,93,42,110,100,98,112,33" hai1="126,62,91,108,35,55,96,49,116,57,60,47,1" hai2="76,78,51,70,71,101,74,106,130,120,131,113,64" hai3=""/><V119/><N who="2" m="30752" /><V111/><F119/><T54/><D33/><U44/><E35/><V104/><F113/><T34/><D34/><U129/><E1/><V105/><F101/><T45/><D112/><U125/><E116/><V0/><F0/><T80/><D133/><U99/><E108/><V128/><F111/><T114/><D114/><U84/><E129/><V122/><N who="2" m="31264" /><V83/><F76/><T67/><D67/><U82/><E60/><V41/><F64/><T97/><D110/><U102/><E47/><AGARI ba="3,1" hai="41,47,51,70,71,74,78,83,104,105,106,128,130,131" m="31264,30752" machi="47" ten="50,9600,0" yaku="19,1,52,2" doraHai="123" who="2" fromWho="1" sc="352,0,387,-102,301,112,0,0" owari="352,-5.0,285,-31.0,413,36.0,0,0.0" /></mjloggm>