<mjloggm ver="2.3"><GO type="185" lobby="0"/><UN n0="%65%67%75" n1="%65%6C%75%6C%75" n2="%E5%8C%97%E5%B0%8F%E8%B7%AF%3A%E9%9A%86%E5%A4%AA" n3="" dan="16,17,16,0" rate="2173.81,2272.37,2200.90,1500.00" sx="M,M,M,C"/><TAIKYOKU oya="0"/><INIT seed="0,0,0,3,1,63" ten="350,350,350,0" oya="0" hai0="0,78,76,64,123,53,38,2,68,35,32,90,33" hai1="51,117,66,105,83,125,81,86,112,127,84,41,131" hai2="73,67,118,91,1,65,47,79,61,111,58,107,109" hai3=""/><T95/><N who="0" m="31520" /><T103/><D38/><U102/><E117/><V94/><F1/><T110/><D103/><U45/><E131/><V56/><F118/><T104/><D104/><U97/><E112/><V39/><F107/><T37/><D37/><U69/><E86/><V87/><F79/><T60/><D110/><N who="2" m="41994" /><F73/><T96/><REACH who="0" step="1"/><D53/><REACH who="0" ten="340,350,350,0" step="2"/><U93/><E105/><V70/><F65/><T74/><D74/><U49/><E66/><V3/><F3/><AGARI ba="0,1" hai="0,2,3,32,33,35,60,64,68,76,78,90,95,96" m="31520" machi="3" ten="50,12000,1" yaku="1,1,52,2,53,1" doraHai="63" doraHaiUra="92" who="0" fromWho="2" sc="340,130,350,0,350,-120,0,0" /><INIT seed="0,1,0,0,1,47" ten="470,350,230,0" oya="0" hai0="0,73,97,44,48,124,101,68,94,33,123,80,134" hai1="41,133,79,76,39,106,115,2,67,81,98,93,1" hai2="116,74,38,83,126,92,111,84,37,108,96,53,95" hai3=""/><T34/><N who="0" m="31520" /><T59/><D0/><U110/><E106/><V107/><F116/><T127/><D68/><U88/><E133/><V70/><F70/><T87/><D134/><U54/><E110/><N who="2" m="42027" /><F74/><T42/><D73/><U57/><E67/><V50/><F126/><N who="0" m="48170" /><D59/><U77/><E81/><V35/><F35/><T91/><AGARI ba="1,0" hai="33,34,42,44,48,80,87,91,94,97,101" m="48170,31520" machi="91" ten="30,4000,0" yaku="18,1,52,2" doraHai="47" who="0" fromWho="0" sc="470,42,350,-21,230,-21,0,0" /><INIT seed="0,2,0,0,3,3" ten="512,329,209,0" oya="0" hai0="45,112,40,2,105,103,64,86,115,60,50,1,102" hai1="53,99,127,129,32,108,117,33,116,134,111,65,71" hai2="51,121,118,81,44,125,133,56,55,124,96,79,83" hai3=""/><T61/><D105/><U87/><E127/><V43/><N who="2" m="31008" /><V128/><F118/><N who="1" m="45673" /><E129/><V104/><F128/><T95/><D61/><U69/><E134/><V92/><F104/><T97/><D102/><U122/><N who="1" m="31264" /><U126/><E126/><V82/><F133/><T123/><N who="0" m="31520" /><T67/><D67/><U131/><E131/><V34/><F34/><N who="1" m="13417" /><E87/><V93/><F93/><T114/><REACH who="0" step="1"/><D86/><REACH who="0" ten="502,329,209,0" step="2"/><U63/><E99/><V57/><F125/><T113/><N who="0" m="28672" /><DORA hai="0" /><T94/><D94/><U91/><E91/><V107/><F124/><T73/><D73/><U54/><E71/><AGARI ba="2,1" hai="1,2,40,45,50,60,64,71,95,97,103" m="28672,31520" machi="71" ten="70,12000,1" yaku="1,1,52,1,53,2" doraHai="3,0" doraHaiUra="36,62" who="0" fromWho="1" sc="502,134,329,-124,209,0,0,0" /><INIT seed="0,3,0,3,5,119" ten="636,205,209,0" oya="0" hai0="98,87,75,65,52,106,104,46,123,69,84,45,85" hai1="1,33,47,110,118,63,0,56,61,103,108,127,125" hai2="120,99,66,122,93,39,94,36,60,72,134,90,102" hai3=""/><T126/><N who="0" m="31520" /><T38/><D126/><N who="1" m="48139" /><E118/><V101/><N who="2" m="30752" /><V79/><N who="2" m="31264" /><V3/><F3/><N who="1" m="1097" /><E33/><V50/><F134/><T92/><D75/><U54/><E103/><V89/><F50/><T2/><D2/><U112/><E112/><V64/><F79/><T124/><D124/><U86/><E86/><V133/><F133/><T83/><D65/><U105/><E105/><V131/><F72/><T58/><D69/><U53/><E47/><V42/><F131/><T107/><D38/><U73/><E73/><V95/><F42/><T40/><D83/><U71/><E71/><V49/><F49/><T115/><D40/><U132/><E132/><V70/><F64/><T113/><D115/><U111/><E56/><V43/><F36/><T74/><D74/><U116/><E116/><V35/><F35/><T81/><D113/><U57/><E57/><V88/><REACH who="2" step="1"/><F102/><REACH who="2" ten="636,205,199,0" step="2"/><T34/><D34/><U48/><E48/><V67/><F67/><T121/><N who="0" m="31008" /><T44/><D81/><U97/><E111/><V80/><F80/><T128/><D106/><U135/><E135/><V37/><F37/><T62/><D104/><U117/><E110/><V41/><F41/><T82/><D107/><U130/><E108/><V129/><F129/><RYUUKYOKU ba="3,1" sc="636,-10,205,-10,199,20,0,0" hai2="39,43,60,66,70,88,89,90,93,94,95,99,101" /><INIT seed="1,4,1,0,5,3" ten="626,195,219,0" oya="1" hai0="58,57,77,85,118,36,79,45,67,33,84,44,50" hai1="116,113,125,134,106,52,55,119,56,110,94,111,66" hai2="53,59,104,37,83,47,69,88,75,135,1,114,60" hai3=""/><U122/><N who="1" m="31264" /><U72/><E106/><V91/><F114/><T93/><D33/><U82/><E113/><V107/><F1/><T103/><D118/><U42/><E42/><V73/><F135/><T38/><D50/><U65/><E134/><V68/><F107/><T2/><D67/><N who="1" m="25611" /><E94/><V109/><F104/><T51/><D51/><U126/><E82/><V108/><F68/><T92/><D2/><U96/><E96/><V81/><F69/><T128/><D103/><U49/><E55/><V87/><F91/><T100/><D100/><U130/><E72/><V34/><F34/><T74/><D74/><U43/><E43/><V121/><N who="2" m="31008" /><V105/><F105/><T129/><AGARI ba="4,1" hai="36,38,44,45,57,58,77,79,84,85,92,93,128,129" machi="129" ten="25,2400,0" yaku="0,1,22,2" doraHai="3" who="0" fromWho="0" sc="626,42,195,-20,219,-12,0,0" /><INIT seed="2,0,0,2,2,90" ten="668,175,207,0" oya="2" hai0="85,95,81,2,97,49,112,60,91,35,104,74,129" hai1="105,65,135,82,78,40,75,77,32,131,61,73,117" hai2="38,70,39,126,54,45,132,111,55,42,67,86,101" hai3=""/><V76/><F132/><T93/><D35/><U72/><E135/><V110/><F126/><T33/><D2/><U106/><E32/><V125/><F125/><T79/><D33/><U120/><N who="1" m="30752" /><U62/><E131/><V34/><F34/><T71/><D129/><U109/><E109/><N who="2" m="41483" /><F101/><T63/><D112/><U56/><E117/><V41/><F86/><T123/><N who="0" m="31520" /><T107/><D71/><U121/><N who="1" m="31008" /><U37/><E37/><N who="2" m="13835" /><F76/><T48/><D74/><U36/><E36/><V113/><F113/><T83/><D79/><U94/><E40/><N who="2" m="15467" /><F45/><T50/><D85/><U122/><N who="1" m="31264" /><U102/><E78/><V108/><N who="2" m="41491" /><V47/><DORA hai="0" /><F47/><T64/><D83/><U115/><E115/><V46/><F46/><T57/><D81/><U87/><E102/><V99/><F99/><T53/><D104/><U51/><E106/><V1/><F1/><T89/><D107/><U128/><E128/><V68/><F67/><T43/><D97/><U118/><E105/><V96/><F96/><T119/><D43/><U116/><E65/><V52/><AGARI ba="0,0" hai="52,54,55,68,70" m="15467,13835,41491" machi="52" ten="50,12000,2" yaku="28,2,14,1,10,1,34,2,54,1" doraHai="90,0" who="2" fromWho="2" sc="668,-60,175,-60,207,120,0,0" /><INIT seed="2,1,0,4,1,62" ten="608,115,327,0" oya="2" hai0="135,108,77,116,115,113,3,124,110,44,47,58,96" hai1="99,45,2,119,70,51,90,100,88,103,36,104,76" hai2="0,74,101,38,48,129,81,79,69,134,83,87,54" hai3=""/><V66/><F0/><T123/><D3/><U72/><E2/><V39/><F134/><T46/><D77/><U43/><E119/><V106/><F129/><T1/><D1/><U92/><E70/><V125/><F125/><T67/><D96/><U112/><E112/><N who="0" m="43081" /><D124/><U60/><E60/><V64/><F69/><T127/><N who="0" m="31520" /><T63/><D127/><U68/><E68/><V56/><F101/><T130/><D130/><U32/><E32/><V37/><REACH who="2" step="1"/><F106/><REACH who="2" ten="608,115,317,0" step="2"/><T80/><D135/><U133/><E133/><V75/><F75/><T78/><D116/><U95/><E104/><V91/><AGARI ba="1,1" hai="37,38,39,48,54,56,64,66,74,79,81,83,87,91" machi="91" ten="30,8000,1" yaku="1,1,0,1,52,2,53,1" doraHai="62" doraHaiUra="107" who="2" fromWho="2" sc="608,-41,115,-41,317,92,0,0" /><INIT seed="2,2,0,5,5,84" ten="567,74,409,0" oya="2" hai0="115,96,54,68,114,72,41,127,74,105,90,0,107" hai1="57,100,123,50,76,85,58,109,92,106,80,134,53" hai2="73,89,111,130,35,112,2,65,3,81,110,83,125" hai3=""/><V95/><F35/><T47/><D68/><U39/><N who="1" m="31520" /><U93/><E39/><V119/><F112/><N who="0" m="43050" /><D0/><N who="2" m="42" /><F119/><T126/><D54/><U103/><E134/><V135/><F135/><T62/><D62/><U55/><E109/><N who="2" m="41483" /><F130/><T77/><D90/><U82/><E82/><N who="2" m="31243" /><F65/><T70/><D70/><U87/><E106/><N who="0" m="40457" /><D96/><U56/><E56/><V128/><F128/><T69/><D69/><U102/><REACH who="1" step="1"/><E87/><REACH who="1" ten="567,64,409,0" step="2"/><V124/><F73/><N who="0" m="28266" /><D77/><U45/><E45/><V32/><F32/><T64/><D64/><U94/><E94/><V60/><F60/><AGARI ba="2,1" hai="50,53,55,57,58,60,76,80,85,92,93,100,102,103" m="31520" machi="60" ten="40,8000,1" yaku="1,1,8,1,52,1,53,1" doraHai="84" doraHaiUra="117" who="1" fromWho="2" sc="567,0,64,94,409,-84,0,0" /><INIT seed="4,0,0,5,3,118" ten="567,158,325,0" oya="0" hai0="98,63,61,3,68,59,57,108,132,66,119,122,129" hai1="124,128,67,121,71,45,75,72,130,39,36,55,41" hai2="1,62,95,103,78,134,104,116,50,2,133,79,109" hai3=""/><T91/><N who="0" m="31264" /><T115/><D3/><U64/><N who="1" m="31008" /><U74/><E124/><V70/><F116/><T112/><D119/><U37/><E55/><V106/><F50/><T54/><D98/><U85/><E85/><V89/><F109/><T86/><D108/><U58/><E58/><V101/><F70/><T123/><N who="0" m="31520" /><T53/><D129/><U125/><E125/><V97/><F62/><T56/><D132/><N who="2" m="50794" /><F1/><T47/><D47/><U77/><E77/><N who="2" m="29195" /><F2/><T0/><D0/><U34/><E34/><V65/><F65/><T51/><REACH who="0" step="1"/><D68/><REACH who="0" ten="557,158,325,0" step="2"/><U52/><E71/><V90/><F101/><T88/><D88/><AGARI ba="0,1" hai="88,89,90,95,97,103,104,106" m="29195,50794" machi="88" ten="30,7700,0" yaku="20,1,34,2,54,1" doraHai="118" who="2" fromWho="0" sc="557,-77,158,0,325,87,0,0" /><INIT seed="5,0,0,5,3,80" ten="480,158,412,0" oya="1" hai0="105,119,115,73,74,37,49,34,98,132,48,53,118" hai1="56,94,114,58,32,35,44,122,129,77,127,130,113" hai2="100,51,126,50,109,89,41,133,66,52,134,121,83" hai3=""/><U108/><N who="1" m="31264" /><U124/><E44/><V101/><N who="2" m="31008" /><V81/><F109/><T40/><D34/><U36/><E36/><V64/><F126/><N who="1" m="48169" /><E77/><V99/><F41/><T86/><D115/><N who="1" m="44043" /><E94/><V117/><F117/><N who="0" m="44554" /><D132/><N who="2" m="50794" /><F50/><N who="0" m="19562" /><D53/><U135/><E135/><V75/><F101/><T116/><D40/><U65/><E108/><V33/><F33/><N who="1" m="12873" /><E65/><N who="2" m="25195" /><F75/><T96/><D37/><U57/><AGARI ba="0,0" hai="56,57,58,129,130" m="12873,44043,48169,31264" machi="57" ten="40,8000,1" yaku="28,2,18,1,15,1,52,1" doraHai="80" who="1" fromWho="1" sc="480,-40,158,80,412,-40,0,0" /><INIT seed="5,1,0,3,4,106" ten="440,238,372,0" oya="1" hai0="62,135,74,130,52,58,125,61,34,126,53,51,117" hai1="71,37,81,54,3,73,48,114,46,93,116,100,44" hai2="110,105,59,87,36,109,60,80,76,79,112,98,124" hai3=""/><U63/><E3/><V107/><F36/><T95/><D34/><U131/><E116/><V32/><F32/><T68/><D117/><U120/><N who="1" m="30752" /><U40/><E131/><V39/><F39/><T82/><D95/><U96/><E114/><V91/><F112/><T75/><D130/><U129/><E129/><V47/><F47/><T55/><D82/><U111/><E111/><V99/><F59/><T123/><N who="0" m="31520" /><T66/><D135/><U118/><E118/><V0/><F60/><T35/><D35/><U83/><REACH who="1" step="1"/><E73/><REACH who="1" ten="440,228,372,0" step="2"/><V133/><F133/><T65/><REACH who="0" step="1"/><D51/><REACH who="0" ten="430,228,372,0" step="2"/><U132/><E132/><V122/><N who="2" m="31264" /><V92/><F0/><T128/><D128/><U102/><E102/><V103/><F110/><T86/><D86/><U45/><E45/><V84/><F109/><T64/><D64/><AGARI ba="1,2" hai="37,40,44,46,48,54,63,64,71,81,83,93,96,100" m="30752" machi="64" ten="40,3900,0" yaku="1,1,52,1,53,0" doraHai="106" doraHaiUra="113" who="1" fromWho="0" sc="430,-41,228,61,372,0,0,0" /><INIT seed="5,2,0,5,2,44" ten="389,289,372,0" oya="1" hai0="69,85,0,105,42,122,73,39,108,3,77,130,71" hai1="131,111,113,91,74,107,66,68,104,34,101,64,56" hai2="99,114,100,135,36,126,37,94,1,128,123,115,51" hai3=""/><U72/><E34/><V70/><N who="2" m="31520" /><V90/><F1/><T35/><D42/><U33/><E33/><V89/><F70/><T102/><D3/><U119/><E119/><V55/><F135/><T59/><D102/><U95/><E68/><V87/><F128/><T40/><D59/><U48/><E131/><V47/><F126/><T65/><D40/><U88/><E113/><N who="2" m="43019" /><F90/><T81/><D65/><U53/><E111/><V50/><F50/><T86/><D35/><U106/><E91/><V98/><F98/><T82/><N who="0" m="31264" /><T43/><D0/><U103/><E103/><V132/><F132/><T134/><D134/><U109/><E101/><V84/><F84/><T110/><D130/><U118/><E118/><V124/><F124/><T38/><D105/><AGARI ba="2,0" hai="36,37,47,51,55,87,89,94,99,100,105" m="43019,31520" machi="105" ten="30,7700,0" yaku="15,1,11,1,52,2" doraHai="44" who="2" fromWho="0" sc="389,-81,289,0,372,81,0,0" /><INIT seed="6,0,0,3,5,100" ten="308,289,453,0" oya="2" hai0="85,108,71,69,3,91,59,127,95,123,66,1,114" hai1="40,90,125,94,65,49,110,78,86,129,115,67,43" hai2="54,70,45,126,36,37,32,82,120,87,88,38,113" hai3=""/><V41/><N who="2" m="30752" /><V55/><F32/><T124/><N who="0" m="31520" /><T99/><D108/><U76/><E110/><V111/><F111/><T83/><D59/><U34/><E34/><V132/><F132/><T81/><D114/><U130/><E115/><V131/><F113/><T46/><D46/><U73/><E125/><N who="0" m="48201" /><D83/><U44/><E43/><V134/><F134/><T75/><D75/><U79/><REACH who="1" step="1"/><E73/><REACH who="1" ten="308,279,453,0" step="2"/><V102/><F41/><T53/><D53/><U48/><E48/><V42/><F42/><T133/><D133/><U57/><E57/><V101/><F36/><T56/><D56/><U121/><N who="1" m="31008" /><U64/><AGARI ba="0,1" hai="40,44,49,64,65,67,76,78,79,86,90,94,129,130" m="31008" machi="64" ten="40,6000,1" yaku="1,1,4,1,0,1,52,1,53,0" doraHai="100" doraHaiUra="109" who="1" fromWho="1" sc="308,-20,279,70,453,-40,0,0" owari="288,-31.0,349,-5.0,413,36.0,0,0.0" /></mjloggm>