<mjloggm ver="2.3"><GO type="185" lobby="0"/><UN n0="%E9%BE%8D%E9%A6%AC%E3%81%AE%E5%B0%8F%E5%80%89" n1="%68%79%74%73%6F%72%37%70" n2="%E3%83%A8%E3%83%83%E3%82%B7%E3%83%BC%39%7A%64%65" n3="" dan="18,17,16,0" rate="2286.58,2228.75,2179.85,1500.00" sx="M,M,M,C"/><TAIKYOKU oya="0"/><INIT seed="0,0,0,5,5,97" ten="350,350,350,0" oya="0" hai0="45,93,53,121,132,85,66,61,80,60,49,78,62" hai1="133,34,124,98,130,102,73,106,88,50,128,65,131" hai2="74,109,46,100,64,81,127,43,103,0,41,70,117" hai3=""/><T123/><N who="0" m="31008" /><T89/><N who="0" m="31520" /><T42/><D132/><U72/><E34/><V82/><F0/><T116/><D116/><U94/><E133/><V101/><F117/><T87/><REACH who="0" step="1"/><D53/><REACH who="0" ten="340,350,350,0" step="2"/><U69/><E124/><V75/><F127/><T55/><D55/><U32/><E32/><V107/><F64/><AGARI ba="0,1" hai="42,45,49,60,61,62,64,66,78,80,85,87,89,93" m="31520,31008" machi="64" ten="40,12000,1" yaku="1,1,8,1,52,2,53,0" doraHai="97" doraHaiUra="48" who="0" fromWho="2" sc="340,130,350,0,350,-120,0,0" /><INIT seed="0,1,0,4,1,87" ten="470,350,230,0" oya="0" hai0="1,129,113,57,68,132,37,62,94,100,46,96,125" hai1="95,98,101,76,111,33,134,44,34,133,81,74,63" hai2="99,131,65,66,79,35,108,112,120,2,117,115,106" hai3=""/><T70/><D1/><U52/><E111/><V36/><F66/><T55/><D113/><U75/><E75/><V58/><F58/><T78/><D129/><U32/><REACH who="1" step="1"/><E44/><REACH who="1" ten="470,340,230,0" step="2"/><V130/><F130/><T71/><D125/><U3/><E3/><V127/><F115/><T54/><D132/><U88/><E88/><V124/><F79/><T93/><D78/><U103/><E103/><V49/><F124/><T97/><D37/><U118/><E118/><V38/><F38/><T72/><D72/><U67/><E67/><V89/><F89/><T61/><D46/><U50/><E50/><V45/><F49/><T92/><D100/><U128/><E128/><V42/><F65/><T85/><D85/><U59/><AGARI ba="1,1" hai="32,33,34,52,59,63,74,76,81,95,98,101,133,134" machi="59" ten="40,6000,1" yaku="1,1,0,1,54,1,53,1" doraHai="87" doraHaiUra="91" who="1" fromWho="1" sc="470,-41,340,72,230,-21,0,0" /><INIT seed="1,0,0,1,0,86" ten="429,412,209,0" oya="1" hai0="50,48,98,40,69,96,57,56,89,130,77,76,45" hai1="52,134,36,72,118,46,121,112,120,1,92,90,132" hai2="123,0,44,67,129,126,122,85,115,37,102,43,63" hai3=""/><U34/><N who="1" m="30752" /><U80/><N who="1" m="31008" /><U2/><E34/><V49/><N who="2" m="31264" /><V91/><N who="2" m="31520" /><V65/><F0/><N who="1" m="105" /><E112/><V95/><F115/><T82/><D69/><U88/><E118/><V81/><F126/><T58/><D130/><U68/><E68/><V61/><F129/><T35/><D35/><U94/><E36/><V47/><F102/><T79/><D48/><U53/><E72/><V127/><F127/><T51/><D51/><U111/><E111/><V135/><F135/><N who="1" m="51753" /><E80/><V54/><REACH who="2" step="1"/><F81/><REACH who="2" ten="429,412,199,0" step="2"/><T32/><D32/><U38/><E38/><V105/><F105/><T41/><D41/><U114/><E114/><V125/><F125/><T3/><D3/><U66/><E66/><AGARI ba="0,1" hai="37,43,44,47,49,54,61,63,65,66,67,85,91,95" m="31520,31264" machi="66" ten="40,12000,2" yaku="1,1,52,3,53,2" doraHai="86" doraHaiUra="42" who="2" fromWho="1" sc="429,0,412,-120,199,130,0,0" /><INIT seed="2,0,0,4,2,99" ten="429,292,329,0" oya="2" hai0="114,36,54,38,104,33,48,135,130,84,73,55,98" hai1="124,115,95,75,103,49,70,100,2,133,46,63,94" hai2="39,110,86,102,45,107,87,116,134,101,109,92,88" hai3=""/><V62/><F116/><T79/><D73/><U119/><E124/><V126/><F126/><T97/><D33/><U42/><E2/><V132/><F62/><T68/><D68/><U76/><E119/><V91/><F45/><T66/><D66/><U89/><E115/><V59/><F59/><T85/><D79/><U129/><E129/><V78/><F39/><T113/><D104/><U67/><E133/><N who="2" m="51307" /><F78/><T72/><D135/><U120/><N who="1" m="30752" /><U80/><REACH who="1" step="1"/><E94/><REACH who="1" ten="429,282,329,0" step="2"/><V35/><F35/><T52/><D130/><U1/><E1/><V112/><F112/><T74/><D54/><U128/><E128/><V32/><F32/><T65/><D65/><U127/><E127/><V61/><F107/><T50/><AGARI ba="0,1" hai="36,38,48,50,52,55,72,74,84,85,97,98,113,114" machi="50" ten="25,4800,0" yaku="0,1,22,2,54,1" doraHai="99" who="0" fromWho="0" sc="429,58,282,-16,329,-32,0,0" /><INIT seed="4,0,0,1,1,121" ten="487,266,297,0" oya="0" hai0="40,72,0,107,97,80,61,46,84,2,78,38,42" hai1="115,124,110,101,105,32,83,111,75,1,95,127,65" hai2="74,91,96,51,123,36,128,70,66,59,60,39,37" hai3=""/><T94/><D40/><U85/><E1/><V81/><N who="2" m="31520" /><V119/><F96/><T79/><D79/><U92/><E32/><V68/><F91/><T104/><D61/><U90/><E65/><V126/><F81/><T35/><D35/><U48/><E48/><V93/><F93/><N who="1" m="35913" /><E115/><V55/><F74/><T131/><D131/><U33/><E33/><V132/><F128/><T135/><D135/><U50/><E50/><V99/><F99/><T71/><D71/><N who="2" m="27178" /><F126/><N who="1" m="48169" /><E75/><V44/><F119/><T62/><D62/><U82/><E82/><V134/><AGARI ba="0,0" hai="36,37,39,44,51,55,59,60,66,132,134" m="27178,31520" machi="134" ten="40,3900,0" yaku="34,2,52,1" doraHai="121" who="2" fromWho="2" sc="487,-26,266,-13,297,39,0,0" /><INIT seed="5,0,0,0,0,84" ten="461,253,336,0" oya="1" hai0="98,109,91,40,103,102,33,122,70,96,126,47,35" hai1="49,88,68,75,86,44,129,100,56,131,104,59,62" hai2="133,48,41,124,36,43,72,46,63,79,93,0,64" hai3=""/><U74/><E68/><V125/><F0/><T132/><N who="0" m="31264" /><T118/><D109/><U123/><N who="1" m="31520" /><U114/><E114/><V101/><F101/><T83/><D70/><U45/><E100/><V105/><F93/><T57/><D126/><N who="2" m="48746" /><F79/><T110/><D110/><U90/><E86/><V55/><F72/><T81/><D57/><U115/><E49/><V73/><F105/><T50/><D118/><U119/><E104/><V1/><F73/><T32/><D132/><U39/><E39/><V66/><F1/><T116/><D116/><U51/><E119/><V53/><F133/><T113/><D113/><U3/><E51/><V80/><F80/><T71/><D71/><U61/><REACH who="1" step="1"/><E3/><REACH who="1" ten="461,243,336,0" step="2"/><V117/><F117/><T135/><D135/><U128/><E128/><V127/><F127/><T92/><REACH who="0" step="1"/><D102/><REACH who="0" ten="451,243,336,0" step="2"/><U77/><E77/><V82/><F36/><T120/><N who="0" m="30752" /><T78/><D78/><U69/><E69/><V106/><F48/><T67/><D67/><U111/><E111/><V54/><F64/><T87/><D87/><U95/><E95/><AGARI ba="0,2" hai="32,33,35,40,47,50,81,83,91,92,95,96,98,103" m="30752,31264" machi="95" ten="40,8000,1" yaku="1,1,52,3,53,0" doraHai="84" doraHaiUra="130" who="0" fromWho="1" sc="451,100,243,-80,336,0,0,0" /><INIT seed="6,0,0,2,3,32" ten="551,163,336,0" oya="2" hai0="42,41,123,78,109,118,114,121,1,98,133,54,33" hai1="36,106,2,92,44,69,75,67,96,85,107,100,90" hai2="115,64,87,94,103,80,97,89,95,117,46,55,129" hai3=""/><V130/><F64/><T70/><N who="0" m="31008" /><T38/><N who="0" m="31520" /><T101/><D33/><U58/><E58/><V59/><F46/><T128/><D1/><U108/><E67/><V43/><F43/><T116/><D70/><U82/><E44/><V120/><N who="2" m="30752" /><V48/><F117/><T52/><D78/><U125/><E36/><V93/><REACH who="2" step="1"/><F115/><REACH who="2" ten="551,163,326,0" step="2"/><T45/><D114/><U61/><E69/><V65/><F65/><T0/><D116/><U79/><E61/><V60/><F60/><T99/><D118/><U112/><E2/><V77/><F77/><T81/><D0/><U119/><E112/><V57/><F57/><T76/><D45/><U56/><E119/><V102/><F102/><T110/><D76/><U84/><E56/><V35/><F35/><T74/><D101/><U73/><E108/><V37/><F37/><T49/><D38/><U47/><E47/><V51/><F51/><T105/><D49/><U66/><E66/><V34/><F34/><T72/><D41/><U63/><E63/><V62/><F62/><T39/><D42/><U3/><E3/><V113/><F113/><T111/><D39/><U126/><REACH who="1" step="1"/><E106/><AGARI ba="0,1" hai="48,55,59,80,87,89,93,94,95,97,103,106,129,130" m="30752" machi="106" ten="40,3900,0" yaku="1,1,52,1,53,0" doraHai="32" doraHaiUra="122" who="2" fromWho="1" sc="551,0,163,-39,326,49,0,0" /><INIT seed="6,1,0,4,5,118" ten="551,124,375,0" oya="2" hai0="42,92,91,43,100,59,114,95,56,80,111,44,132" hai1="123,58,78,131,47,72,101,67,54,37,74,121,2" hai2="93,103,53,36,110,106,63,50,85,65,34,130,3" hai3=""/><V73/><F73/><T112/><D111/><U120/><N who="1" m="30752" /><U33/><N who="1" m="31008" /><U115/><N who="1" m="31520" /><U125/><E33/><V75/><F75/><T134/><D80/><U51/><E2/><V83/><F106/><T88/><D44/><U128/><E115/><V133/><F36/><T35/><D100/><U64/><E125/><V117/><F117/><T61/><D61/><U66/><E101/><V0/><F110/><T76/><D76/><U77/><E74/><V87/><F87/><T32/><AGARI ba="1,0" hai="32,35,42,43,56,59,88,91,92,95,112,114,132,134" machi="32" ten="25,4800,0" yaku="0,1,22,2,54,1" doraHai="118" who="0" fromWho="0" sc="551,50,124,-17,375,-33,0,0" owari="601,55.0,107,-49.0,342,-6.0,0,0.0" /></mjloggm>