<mjloggm ver="2.3"><GO type="169" lobby="0"/><UN n0="%E3%82%B3%E3%83%9E%E3%83%84%E3%83%9E%E3%83%84%E3%82%B3" n1="%E3%83%8F%E3%82%BF%E3%83%A2%E3%83%88%E3%83%92%E3%83%AD" n2="%E3%83%8E%E3%82%AA%E3%83%81%E3%83%A3%E3%83%99%E3%82%B9" n3="%E3%82%B5%E3%83%95%E3%82%A9%E3%83%BC%E3%82%AF%E3%81%AE%E7%94%BA" dan="17,17,17,18" rate="2176.09,2210.10,2213.74,2258.91" sx="M,M,M,M"/><TAIKYOKU oya="0"/><INIT seed="0,0,0,4,0,36" ten="250,250,250,250" oya="0" hai0="81,34,18,83,103,47,24,125,60,131,75,118,93" hai1="17,101,50,79,21,100,38,31,96,134,30,110,99" hai2="9,67,57,25,5,89,40,108,109,116,129,58,26" hai3="63,20,95,102,87,8,7,135,127,43,74,124,130"/><T80/><D118/><U44/><E38/><V59/><F67/><W71/><G74/><T85/><D131/><U55/><E110/><V2/><F129/><W70/><G130/><T128/><D128/><U33/><E134/><V123/><F123/><W76/><G135/><T115/><D115/><U41/><E79/><V111/><F116/><W88/><G76/><T62/><D125/><U107/><E55/><V82/><F40/><W11/><G102/><T97/><D75/><U84/><E84/><AGARI ba="0,0" hai="2,5,9,25,26,57,58,59,82,84,89,108,109,111" machi="84" ten="50,1600,0" yaku="14,1" doraHai="36" who="2" fromWho="1" sc="250,0,250,-16,250,16,250,0" /><INIT seed="1,0,0,0,4,50" ten="250,234,266,250" oya="1" hai0="30,34,112,47,75,58,90,86,116,104,87,7,122" hai1="43,105,128,120,60,79,29,92,129,6,15,106,52" hai2="93,56,108,111,123,133,88,115,94,8,40,1,4" hai3="38,22,74,2,114,9,42,54,44,48,27,81,41"/><U134/><E120/><V119/><F119/><W31/><G114/><T91/><D116/><U98/><E43/><V135/><F123/><W45/><G2/><T85/><D122/><U32/><E79/><V127/><F115/><W36/><G74/><T35/><D112/><U100/><E134/><V76/><F76/><W12/><G81/><T71/><D71/><U63/><E6/><V126/><F40/><W10/><REACH who="3" step="1"/><G12/><REACH who="3" ten="250,234,266,240" step="2"/><T69/><D75/><U118/><E118/><V102/><F135/><W21/><G21/><T121/><D121/><U99/><E15/><V95/><F133/><W89/><G89/><T14/><D91/><U117/><E117/><V124/><F102/><W20/><G20/><T37/><D90/><U0/><E0/><V25/><F25/><W125/><G125/><T70/><D14/><U19/><E19/><V64/><F88/><W82/><G82/><T109/><D86/><U73/><E73/><V3/><F1/><W132/><G132/><T18/><D85/><U55/><E98/><V77/><F77/><W96/><G96/><T57/><D87/><U46/><E29/><V39/><F39/><W113/><G113/><T68/><D37/><U16/><E16/><V67/><F56/><AGARI ba="0,1" hai="9,10,22,27,31,36,38,41,42,44,45,48,54,56" machi="56" ten="30,8000,1" yaku="1,1,7,1,9,1,52,1,53,1" doraHai="50" doraHaiUra="24" who="3" fromWho="2" sc="250,0,234,0,266,-80,240,90" /><INIT seed="2,0,0,0,3,111" ten="250,234,186,330" oya="2" hai0="12,27,31,11,104,42,78,5,57,94,26,35,120" hai1="80,127,88,130,91,14,73,95,93,10,50,61,43" hai2="133,7,59,29,96,53,81,37,18,25,118,39,115" hai3="13,82,102,44,19,34,32,89,107,98,46,135,90"/><V75/><F118/><W28/><G135/><T100/><D120/><U3/><E3/><V69/><F69/><W77/><G28/><T15/><D104/><U8/><E130/><V72/><F7/><W1/><G1/><T101/><D78/><U126/><E73/><V68/><F68/><W132/><G132/><T30/><D42/><U0/><E80/><V128/><F133/><W2/><G2/><T121/><D121/><U70/><E0/><V66/><F66/><W58/><G34/><T49/><D94/><U40/><E70/><V38/><F128/><W52/><G32/><T33/><D15/><U125/><E61/><V117/><F117/><W36/><G36/><T123/><D123/><U76/><E76/><V54/><F18/><W60/><G44/><T108/><D108/><U109/><E109/><V20/><F96/><W86/><REACH who="3" step="1"/><G46/><REACH who="3" ten="250,234,186,320" step="2"/><T65/><D35/><U6/><E127/><V9/><F39/><W131/><G131/><T112/><D33/><U24/><E126/><V85/><F38/><W106/><G106/><T110/><D110/><U87/><E125/><V71/><F37/><W4/><G4/><T105/><D105/><U113/><E6/><V124/><F124/><W67/><G67/><T103/><D65/><U22/><E43/><V119/><F29/><W129/><G129/><T84/><D30/><U56/><E40/><V16/><F119/><W97/><G97/><T51/><D31/><U21/><E56/><V41/><F41/><W116/><G116/><T114/><D57/><U83/><E87/><V64/><F85/><W92/><G92/><RYUUKYOKU ba="0,1" sc="250,-10,234,-10,186,-10,320,30" hai3="13,19,52,58,60,77,82,86,89,90,98,102,107" /><INIT seed="3,1,1,0,4,93" ten="240,224,176,350" oya="3" hai0="108,124,10,78,69,12,105,29,82,34,70,59,55" hai1="30,127,72,131,17,122,15,86,97,11,0,24,112" hai2="75,9,102,44,23,52,46,21,95,99,42,89,67" hai3="22,109,60,104,38,101,50,119,74,32,100,92,94"/><W2/><G38/><T47/><D105/><U91/><E72/><V37/><F67/><W43/><G32/><T57/><D108/><U33/><E122/><V111/><F111/><W3/><G109/><T123/><D123/><U116/><E112/><V79/><F9/><W81/><G119/><T121/><D121/><U107/><E127/><V84/><F79/><W65/><G74/><T98/><D124/><U20/><E131/><V36/><F75/><W106/><G81/><T48/><D70/><U49/><E116/><V28/><F28/><W26/><G43/><T132/><D69/><U83/><E49/><V128/><F128/><W58/><G50/><T88/><D29/><U110/><E110/><V51/><REACH who="2" step="1"/><F37/><REACH who="2" ten="240,224,166,350" step="2"/><W90/><G2/><T114/><D114/><U76/><E0/><V68/><F68/><W8/><G8/><T19/><D34/><U14/><E76/><V45/><F45/><W80/><G3/><T41/><D59/><U115/><E115/><V134/><F134/><W13/><G65/><T6/><D132/><U16/><E11/><V71/><F71/><W7/><G58/><T40/><D57/><U25/><E17/><V39/><F39/><W85/><G7/><T61/><D6/><U66/><E66/><V87/><F87/><W73/><G85/><N who="0" m="48343" /><D61/><U125/><E125/><V103/><F103/><W130/><G60/><T62/><D62/><U56/><E56/><V63/><F63/><W118/><G73/><T117/><D117/><U129/><E129/><V96/><F96/><W113/><G130/><T64/><D64/><U54/><E54/><RYUUKYOKU ba="1,2" sc="240,10,224,10,166,10,350,-30" hai0="10,12,19,40,41,47,48,55,88,98" hai1="14,15,16,20,24,25,30,33,83,86,91,97,107" hai2="21,23,36,42,44,46,51,52,84,89,95,99,102" /><INIT seed="4,2,2,1,1,55" ten="250,234,176,320" oya="0" hai0="115,60,18,135,28,34,12,54,127,15,51,134,35" hai1="92,31,100,53,46,2,66,84,68,20,81,71,72" hai2="6,131,97,17,117,24,40,128,52,105,32,29,75" hai3="88,48,1,61,108,78,111,110,99,41,21,79,33"/><T22/><D127/><U93/><E72/><V102/><F75/><W10/><G33/><T65/><D115/><U129/><E129/><V126/><F40/><W0/><G21/><T121/><D12/><U69/><E2/><V91/><F126/><W109/><G109/><T94/><D121/><U133/><E133/><N who="0" m="50697" /><D94/><U83/><E66/><V77/><F77/><W82/><G1/><T64/><D28/><U104/><E104/><V37/><F37/><W86/><G0/><T39/><D39/><U42/><E92/><V132/><F132/><W90/><G10/><T80/><D80/><U13/><E83/><V3/><F117/><W118/><G118/><T16/><D18/><U43/><E93/><V23/><F91/><W89/><G99/><T63/><D63/><U11/><E100/><V130/><F52/><W44/><G61/><T70/><D65/><U95/><E95/><V26/><F3/><W76/><AGARI ba="2,2" hai="41,44,48,76,78,79,82,86,88,89,90,108,110,111" machi="76" ten="40,2700,0" yaku="0,1,54,1" doraHai="55" who="3" fromWho="3" sc="250,-15,234,-9,176,-9,320,53" /><INIT seed="5,0,0,0,4,22" ten="235,225,167,373" oya="1" hai0="45,121,20,10,6,100,86,48,71,42,66,109,21" hai1="101,89,50,31,15,126,119,104,92,118,54,90,5" hai2="117,58,103,25,64,98,61,47,128,17,26,24,133" hai3="44,77,11,56,36,23,67,33,81,62,60,18,112"/><U30/><E126/><V39/><F117/><W107/><G33/><T59/><D109/><U13/><E104/><V129/><F133/><W29/><G112/><T38/><D121/><U9/><E119/><V97/><F17/><W131/><G131/><N who="2" m="50249" /><F103/><W69/><G107/><T111/><D111/><U16/><E101/><V88/><F88/><N who="1" m="33897" /><E92/><V79/><F79/><W80/><G29/><T57/><D100/><U102/><E102/><V122/><F122/><W130/><G130/><T116/><D86/><U68/><E68/><V65/><F65/><W27/><G36/><T114/><D116/><U0/><E0/><V12/><F12/><W3/><G3/><T51/><D114/><U52/><E54/><V32/><F32/><W124/><G124/><T70/><D70/><U7/><E118/><V91/><F91/><W108/><G108/><T63/><D59/><N who="1" m="33175" /><E7/><V85/><F85/><W76/><G44/><T46/><D71/><U34/><E34/><V75/><F75/><W37/><G37/><T93/><D93/><U19/><E5/><V110/><F110/><W78/><G69/><T96/><D38/><U99/><E99/><V4/><F4/><W127/><G127/><T113/><D96/><U105/><E105/><V53/><F53/><W74/><G74/><T49/><D113/><U106/><E106/><V72/><F72/><W120/><G120/><T14/><D45/><U1/><E1/><V94/><F94/><W95/><G95/><T73/><D73/><U135/><E135/><V43/><AGARI ba="0,0" hai="24,25,26,39,43,47,58,61,64,97,98" m="50249" machi="43" ten="40,8000,1" yaku="19,1,52,3" doraHai="22" who="2" fromWho="2" sc="235,-20,225,-40,167,80,373,-20" /><INIT seed="6,0,0,3,5,56" ten="215,185,247,353" oya="2" hai0="99,9,127,3,38,113,87,82,112,7,44,35,25" hai1="100,32,45,64,132,2,108,104,73,1,74,78,133" hai2="126,55,33,65,118,42,49,47,134,50,8,97,61" hai3="11,84,116,94,12,93,91,26,18,6,19,51,135"/><V43/><F33/><W67/><G135/><N who="1" m="51786" /><E32/><V53/><F134/><W14/><G116/><T110/><D110/><U30/><E108/><V107/><F118/><W48/><G67/><T131/><D131/><U17/><E30/><V16/><F126/><W68/><G68/><T27/><D127/><U85/><E85/><V24/><F107/><W46/><G26/><T72/><D99/><N who="1" m="61471" /><E78/><V57/><F97/><W21/><G6/><T20/><D27/><U13/><E45/><V29/><F29/><W106/><G106/><T40/><D87/><U117/><E64/><V122/><F122/><W124/><G124/><T119/><D119/><U69/><E69/><V90/><F90/><N who="3" m="53447" /><G46/><T34/><D34/><U36/><E36/><V31/><F31/><W5/><G5/><T92/><D92/><U98/><E98/><AGARI ba="0,0" hai="11,12,14,18,19,21,48,51,91,94,98" m="53447" machi="98" ten="30,1000,0" yaku="8,1" doraHai="56" who="3" fromWho="1" sc="215,0,185,-10,247,0,353,10" /><INIT seed="7,0,0,4,3,29" ten="215,175,247,363" oya="3" hai0="81,103,130,75,21,0,17,65,89,83,129,25,38" hai1="113,26,13,61,94,85,74,59,69,1,104,100,133" hai2="96,10,31,45,114,64,125,71,134,3,62,128,60" hai3="23,41,90,72,118,34,4,11,127,6,122,39,106"/><W112/><G34/><T33/><D0/><U70/><E1/><V131/><F114/><W22/><G118/><T86/><D38/><U79/><E113/><V82/><F125/><W51/><G112/><T28/><D103/><U132/><E26/><V48/><F134/><W30/><G122/><T40/><D40/><U53/><E13/><V111/><F111/><W14/><G106/><T52/><D65/><U101/><E101/><V57/><F31/><W44/><G127/><T98/><D98/><U115/><E115/><V68/><F96/><W7/><G72/><T84/><D52/><U67/><E74/><V9/><F82/><W47/><G39/><T93/><D75/><U58/><E104/><V12/><F3/><W35/><G35/><T120/><D120/><U76/><E76/><V80/><F80/><W97/><G47/><T18/><D18/><U20/><E20/><V36/><F36/><W27/><G23/><T123/><D123/><U117/><E117/><V66/><F57/><W42/><G42/><T135/><D135/><U43/><E43/><N who="2" m="24639" /><F12/><W54/><G41/><T124/><D124/><U88/><E79/><V55/><F55/><W77/><G77/><T73/><D73/><U87/><E87/><V95/><F95/><AGARI ba="0,0" hai="4,6,7,11,14,22,27,30,44,51,54,90,95,97" machi="95" ten="40,2000,0" yaku="8,1" doraHai="29" who="3" fromWho="2" sc="215,0,175,0,247,-20,363,20" owari="215,-18.0,175,-32.0,227,3.0,383,47.0" /></mjloggm>