<mjloggm ver="2.3"><GO type="185" lobby="0"/><UN n0="%4D%45%42%49%55%53" n1="%4F%4D%49%53%4F%2D%53" n2="%E5%A4%9A%E6%9E%97%E6%99%8B" n3="" dan="16,16,17,0" rate="2206.77,2204.09,2185.62,1500.00" sx="F,M,M,C"/><TAIKYOKU oya="0"/><INIT seed="0,0,0,1,3,129" ten="350,350,350,0" oya="0" hai0="61,111,112,75,121,92,40,60,116,45,132,119,38" hai1="134,109,115,83,90,54,102,34,104,122,41,106,80" hai2="2,47,37,44,93,133,107,131,97,113,89,39,120" hai3=""/><T69/><N who="0" m="31008" /><T96/><D112/><U78/><N who="1" m="31264" /><U88/><E34/><V101/><N who="2" m="30752" /><V51/><F2/><T0/><D0/><U87/><E41/><V100/><F113/><T43/><D111/><U103/><E115/><V105/><F131/><T32/><D32/><U110/><E54/><V128/><F128/><T42/><D75/><U35/><E35/><V76/><F76/><T123/><N who="0" m="31520" /><T82/><D82/><U67/><E67/><V59/><F59/><T52/><D132/><U1/><E1/><V84/><F133/><T58/><D119/><U62/><E62/><V55/><REACH who="2" step="1"/><F47/><REACH who="2" ten="350,350,340,0" step="2"/><T48/><D116/><U94/><E134/><V81/><F81/><T79/><D79/><U36/><E36/><V3/><F3/><T98/><D38/><U126/><E78/><V127/><F127/><T91/><REACH who="0" step="1"/><D98/><AGARI ba="0,1" hai="37,39,44,51,55,84,89,93,97,98,100,101,105,107" m="30752" machi="98" ten="40,5200,0" yaku="1,1,9,1,52,1,53,0" doraHai="129" doraHaiUra="57" who="2" fromWho="0" sc="350,-52,350,0,340,62,0,0" /><INIT seed="1,0,0,2,4,32" ten="298,350,402,0" oya="1" hai0="95,105,45,47,130,71,40,99,48,43,39,57,79" hai1="55,37,113,90,111,106,100,97,119,88,74,68,36" hai2="54,117,75,44,59,98,124,38,56,72,34,69,78" hai3=""/><U107/><E119/><V58/><F34/><T101/><D130/><U123/><N who="1" m="31520" /><U86/><E113/><V128/><F117/><T102/><D71/><U0/><E0/><V110/><F128/><T82/><D57/><U118/><E118/><V122/><N who="2" m="31264" /><V133/><F69/><T50/><D39/><U126/><E74/><V114/><F114/><T125/><D125/><U116/><E116/><V67/><F124/><T112/><D112/><U109/><E126/><V65/><F133/><T104/><REACH who="0" step="1"/><D102/><REACH who="0" ten="288,350,402,0" step="2"/><U35/><E35/><V108/><F38/><T53/><D53/><U73/><E55/><V120/><N who="2" m="30752" /><V83/><F75/><AGARI ba="0,1" hai="40,43,45,47,48,50,75,79,82,95,99,101,104,105" machi="75" ten="30,3900,0" yaku="1,1,7,1,9,1,53,0" doraHai="32" doraHaiUra="115" who="0" fromWho="2" sc="288,49,350,0,402,-39,0,0" /><INIT seed="2,0,0,3,3,76" ten="337,350,363,0" oya="2" hai0="51,60,40,33,34,43,87,2,93,65,102,115,49" hai1="88,86,120,59,107,39,94,82,3,81,50,54,124" hai2="53,0,129,130,123,106,114,42,108,71,64,61,62" hai3=""/><V58/><N who="2" m="31520" /><V103/><F0/><T78/><D2/><U74/><N who="1" m="30752" /><U134/><E3/><V85/><F114/><T75/><D115/><U117/><E124/><V127/><F127/><T35/><D75/><U95/><E134/><V98/><F108/><T32/><D102/><U135/><E135/><V100/><F100/><T41/><N who="0" m="8192" /><DORA hai="37" /><T47/><D47/><U131/><E107/><V67/><F67/><T96/><D96/><U46/><E117/><V113/><F113/><T119/><D119/><U104/><E104/><V99/><F99/><T118/><D118/><U110/><E131/><V36/><REACH who="2" step="1"/><F85/><REACH who="2" ten="337,350,353,0" step="2"/><T105/><D105/><U121/><N who="1" m="31008" /><U116/><E116/><V125/><F125/><T89/><REACH who="0" step="1"/><D78/><REACH who="0" ten="327,350,353,0" step="2"/><U79/><REACH who="1" step="1"/><E110/><REACH who="1" ten="327,340,353,0" step="2"/><V1/><F1/><T80/><D80/><U111/><E111/><V92/><F92/><T56/><AGARI ba="0,3" hai="40,41,43,49,51,56,60,65,87,89,93" m="8192" machi="56" ten="60,9000,2" yaku="1,1,0,1,52,3,53,1" doraHai="76,37" doraHaiUra="128,52" who="0" fromWho="0" sc="327,120,340,-30,353,-60,0,0" /><INIT seed="4,0,0,5,5,114" ten="447,310,293,0" oya="0" hai0="85,113,95,105,61,60,38,78,63,34,36,123,116" hai1="72,86,39,96,71,89,64,120,66,59,107,80,110" hai2="101,91,58,135,94,47,62,50,104,75,108,65,81" hai3=""/><T126/><N who="0" m="31520" /><T118/><D34/><U115/><N who="1" m="30752" /><U55/><E110/><V82/><F108/><T44/><D113/><U131/><E115/><V79/><F135/><T46/><D105/><U0/><E0/><V83/><F101/><T119/><D126/><U70/><E131/><V88/><F91/><T76/><D95/><U97/><E39/><N who="0" m="14889" /><D85/><U133/><E133/><V87/><REACH who="2" step="1"/><F104/><REACH who="2" ten="447,310,283,0" step="2"/><T32/><D32/><U35/><E35/><V74/><F74/><T68/><D68/><U124/><E72/><V57/><F57/><T84/><D84/><U42/><E59/><V98/><F98/><T48/><D76/><U125/><E107/><V37/><F37/><T53/><D78/><U117/><E86/><V127/><F127/><T122/><N who="0" m="31264" /><T130/><D130/><U45/><E89/><V93/><F93/><T49/><D118/><U1/><E117/><V90/><F90/><T106/><D106/><U132/><E132/><V2/><F2/><T112/><D112/><U3/><E1/><V67/><F67/><T33/><D33/><U109/><E3/><V73/><F73/><T129/><D129/><U103/><E109/><V77/><F77/><T56/><D56/><U52/><E124/><V121/><F121/><RYUUKYOKU ba="0,1" sc="447,10,310,-20,283,10,0,0" hai0="44,46,48,49,53,60,61,63,116,119" hai2="47,50,58,62,65,75,79,81,82,83,87,88,94" /><INIT seed="4,1,1,3,2,72" ten="457,290,293,0" oya="0" hai0="48,35,79,53,81,102,80,32,123,82,45,74,98" hai1="33,60,52,92,83,61,125,89,116,71,104,77,40" hai2="49,1,75,101,67,39,62,46,135,96,36,56,76" hai3=""/><T108/><N who="0" m="31520" /><T120/><N who="0" m="30752" /><T119/><D119/><U117/><E104/><V93/><F135/><T114/><D114/><U109/><E33/><V44/><F1/><T64/><D108/><U129/><E109/><V126/><F126/><T105/><D81/><U90/><E129/><V66/><F66/><T58/><D82/><U85/><E125/><V106/><F75/><T99/><REACH who="0" step="1"/><D98/><REACH who="0" ten="447,290,293,0" step="2"/><U91/><E116/><V59/><F76/><T97/><D97/><U84/><E117/><V87/><F87/><T78/><D78/><U110/><E110/><V100/><F100/><T50/><D50/><U0/><E0/><V112/><F112/><T57/><D57/><U118/><E118/><V54/><F93/><T103/><D103/><U42/><E92/><V41/><F59/><T55/><D55/><U73/><E73/><V86/><F86/><T124/><D124/><U88/><E85/><V68/><F56/><T134/><D134/><U2/><E2/><V113/><F113/><T94/><D94/><U115/><E115/><V132/><F132/><T37/><D37/><AGARI ba="1,2" hai="36,37,39,41,44,46,49,54,62,67,68,96,101,106" machi="37" ten="30,1000,0" yaku="7,1" doraHai="72" who="2" fromWho="0" sc="447,-12,290,0,293,32,0,0" /><INIT seed="5,0,0,5,3,72" ten="435,290,325,0" oya="1" hai0="2,79,74,38,101,67,62,135,90,36,111,110,84" hai1="63,52,100,75,56,133,57,132,93,95,102,125,113" hai2="47,35,68,88,116,117,115,99,77,76,97,49,40" hai3=""/><U107/><E113/><V55/><F35/><T66/><D2/><U3/><E3/><V134/><F115/><T92/><D135/><U109/><E125/><V82/><F134/><N who="1" m="51817" /><E109/><V50/><F68/><T51/><D67/><U85/><E75/><V39/><F39/><T89/><D89/><U96/><E102/><V42/><F88/><T123/><N who="0" m="31520" /><T58/><D101/><U69/><E69/><V114/><F114/><T120/><N who="0" m="30752" /><T71/><D111/><U81/><E57/><V119/><F40/><T43/><D110/><U127/><E127/><V124/><F124/><T0/><D0/><U44/><E44/><V33/><F33/><T94/><D43/><U37/><E37/><V60/><F60/><T105/><D36/><U32/><E32/><V53/><F42/><T87/><D38/><U45/><E45/><V121/><N who="2" m="31008" /><V91/><F117/><T41/><D74/><U59/><E59/><V80/><F91/><AGARI ba="0,0" hai="52,56,63,81,85,91,93,95,96,100,107" m="51817" machi="91" ten="30,2900,0" yaku="20,1,54,1" doraHai="72" who="1" fromWho="2" sc="435,0,290,29,325,-29,0,0" /><INIT seed="5,1,0,5,0,96" ten="435,319,296,0" oya="1" hai0="52,126,104,85,115,48,131,3,51,58,95,36,68" hai1="38,72,90,103,127,83,123,130,100,128,71,81,62" hai2="84,69,114,57,98,77,125,60,32,50,106,93,66" hai3=""/><U110/><N who="1" m="31520" /><U75/><E38/><V132/><F32/><T49/><D3/><U135/><E71/><V121/><N who="2" m="31008" /><V134/><F125/><T78/><D126/><U0/><E127/><V111/><F111/><T73/><D104/><U55/><E0/><V2/><F2/><T74/><D131/><N who="1" m="50219" /><E110/><V44/><F114/><T37/><D115/><U59/><E135/><N who="2" m="51755" /><F106/><T120/><N who="0" m="30752" /><T124/><D68/><U80/><E90/><V119/><F119/><T105/><D105/><U46/><E46/><V54/><F84/><T33/><D85/><U35/><E35/><V64/><F77/><T82/><D78/><U67/><E67/><V108/><F108/><T56/><D33/><U45/><E45/><V79/><F79/><T43/><D124/><U94/><E94/><V133/><N who="2" m="51763" /><V109/><DORA hai="97" /><F109/><T118/><D95/><U113/><E113/><V116/><F116/><T53/><D118/><U65/><E65/><V129/><F129/><T99/><D82/><U41/><E41/><V122/><N who="2" m="31264" /><V47/><F66/><T76/><D76/><U63/><E63/><V61/><F61/><T39/><D73/><AGARI ba="1,0" hai="55,59,62,72,73,75,80,81,83,100,103" m="50219,31520" machi="73" ten="40,18000,2" yaku="19,1,52,5" doraHai="96,97" who="1" fromWho="0" sc="435,-182,319,182,296,0,0,0" /><INIT seed="5,2,0,2,3,96" ten="253,501,296,0" oya="1" hai0="109,135,117,65,70,110,132,34,101,84,119,64,124" hai1="89,107,48,118,91,120,39,44,122,105,57,97,37" hai2="125,127,133,61,131,128,56,113,45,71,33,98,50" hai3=""/><U72/><N who="1" m="30752" /><U52/><N who="1" m="31264" /><U58/><E118/><N who="0" m="45065" /><D34/><U80/><E91/><V36/><F33/><T134/><D70/><U78/><E107/><V76/><F76/><T111/><D124/><N who="2" m="47690" /><F98/><T103/><D84/><U86/><E39/><V38/><F71/><T94/><D94/><U114/><E37/><N who="2" m="14443" /><F113/><T83/><D83/><U35/><E114/><V130/><F133/><T116/><N who="0" m="45073" /><T1/><DORA hai="102" /><D1/><U99/><E35/><V46/><F50/><T43/><D43/><U66/><E97/><V123/><N who="2" m="31520" /><V115/><F115/><T55/><D55/><AGARI ba="2,0" hai="45,46,55,56,61,128,130,131" m="31520,14443,47690" machi="55" ten="40,8000,1" yaku="19,1,18,1,34,2,52,1" doraHai="96,102" who="2" fromWho="0" sc="253,-84,501,0,296,84,0,0" /><INIT seed="6,0,0,3,4,93" ten="169,501,380,0" oya="2" hai0="37,73,123,117,1,67,125,32,116,62,39,92,46" hai1="87,109,59,124,55,70,50,112,3,122,115,38,41" hai2="57,110,52,60,81,126,36,64,121,100,53,71,33" hai3=""/><V104/><N who="2" m="31008" /><V0/><F33/><T103/><D92/><U2/><N who="1" m="31264" /><U54/><E109/><V135/><F0/><T85/><D85/><U78/><E124/><V66/><F110/><T119/><D103/><U91/><E78/><V65/><F126/><T128/><D46/><U134/><E134/><V40/><F135/><T88/><D88/><U130/><E130/><V43/><F81/><T105/><D62/><U131/><E131/><V80/><F80/><T48/><D48/><U72/><E72/><V68/><F53/><T98/><D98/><U83/><E70/><V118/><F118/><T129/><D67/><U77/><E77/><V63/><F36/><T101/><D101/><U47/><E55/><V127/><F127/><T108/><D117/><U99/><E99/><V45/><F45/><T94/><D94/><U56/><E56/><V74/><F74/><T35/><D119/><U132/><E132/><V90/><F90/><T69/><D129/><U79/><E91/><V49/><F66/><T96/><D32/><U61/><E38/><V97/><AGARI ba="0,0" hai="40,43,49,52,57,60,63,64,65,68,71,97,100,104" m="31008" machi="97" ten="30,8000,1" yaku="0,1,9,1,52,2,54,1" doraHai="93" who="2" fromWho="2" sc="169,-40,501,-40,380,80,0,0" /><INIT seed="6,1,0,0,1,120" ten="129,461,460,0" oya="2" hai0="37,59,35,1,122,55,130,75,111,67,101,114,110" hai1="131,80,62,33,88,107,121,40,93,134,3,74,50" hai2="96,48,53,108,60,124,83,94,87,132,47,123,72" hai3=""/><V85/><N who="2" m="31520" /><V2/><F2/><T89/><D89/><U116/><N who="1" m="31008" /><U38/><E33/><V104/><F132/><T82/><D82/><U84/><E3/><V135/><F135/><T105/><D101/><U95/><E134/><V73/><F124/><T81/><D81/><U100/><E38/><V109/><F104/><T117/><D55/><U56/><E116/><V97/><F60/><T78/><D59/><U46/><E74/><V44/><F44/><T113/><D78/><U69/><E69/><V119/><F119/><T63/><D63/><U127/><E127/><V64/><F64/><T86/><D86/><U92/><E131/><V42/><F42/><T71/><D67/><U51/><E107/><V106/><F106/><T91/><D91/><U98/><E51/><V112/><F112/><T103/><D103/><U129/><E129/><V77/><F73/><T102/><D102/><U54/><AGARI ba="1,0" hai="40,46,50,54,56,62,80,84,88,92,93,95,98,100" m="31008" machi="54" ten="20,6000,1" yaku="0,1,7,1,8,1,52,1,54,1" doraHai="120" who="1" fromWho="1" sc="129,-21,461,62,460,-41,0,0" owari="108,-49.0,523,47.0,419,2.0,0,0.0" /></mjloggm>