<mjloggm ver="2.3"><GO type="185" lobby="0"/><UN n0="%E3%82%89%E3%82%93%E3%81%A1%E3%81%87%E3%81%99%E3%81%9F" n1="%28%2A%C2%B4%CF%89%EF%BD%80%2A%7D" n2="%E9%9B%AA%E6%9D%91%E5%8D%83%E7%B5%B5%E8%8E%89" n3="" dan="16,17,17,0" rate="2179.70,2260.49,2243.73,1500.00" sx="M,F,F,C"/><TAIKYOKU oya="0"/><INIT seed="0,0,0,5,2,110" ten="350,350,350,0" oya="0" hai0="34,134,73,99,82,71,132,92,57,124,43,93,41" hai1="56,52,48,33,2,76,94,115,78,122,90,79,125" hai2="133,74,47,98,106,88,54,95,70,64,114,63,75" hai3=""/><T112/><D34/><U35/><N who="1" m="31264" /><U67/><E2/><V87/><F133/><T39/><D71/><U97/><E125/><V49/><F114/><T38/><D124/><U101/><E115/><V102/><REACH who="2" step="1"/><F106/><REACH who="2" ten="350,350,340,0" step="2"/><T135/><D112/><U55/><E67/><V116/><F116/><T61/><D38/><U77/><N who="1" m="19456" /><DORA hai="128" /><U131/><E131/><V86/><F86/><T105/><D39/><U109/><E109/><V119/><F119/><T69/><D69/><U123/><N who="1" m="31520" /><U59/><REACH who="1" step="1"/><E101/><REACH who="1" ten="350,340,340,0" step="2"/><V40/><F40/><N who="0" m="15434" /><D73/><U91/><E91/><V117/><F117/><T84/><D105/><U58/><E58/><V45/><F45/><T108/><D108/><U3/><E3/><V103/><F103/><T104/><D104/><U65/><E65/><V89/><F89/><T1/><D1/><U130/><E130/><V36/><F36/><T50/><D135/><U0/><E0/><V113/><F113/><T37/><D37/><U120/><N who="1" m="30752" /><U62/><AGARI ba="0,2" hai="33,35,48,52,55,56,59,62,90,94,97" m="30752,31520,19456,31264" machi="62" ten="40,12000,3" yaku="1,1,4,1,0,1,52,3,54,1,53,1" doraHai="110,128" doraHaiUra="44,126" who="1" fromWho="1" sc="350,-80,340,140,340,-40,0,0" /><INIT seed="1,0,0,0,3,44" ten="270,480,300,0" oya="1" hai0="60,83,93,127,122,47,108,56,45,85,62,34,110" hai1="125,68,53,65,116,80,121,61,111,112,88,115,33" hai2="120,92,102,128,54,41,43,3,86,106,131,42,79" hai3=""/><U87/><N who="1" m="31008" /><U118/><E33/><V124/><N who="2" m="30752" /><V55/><F3/><T100/><N who="0" m="31264" /><T134/><D34/><U84/><E125/><V94/><F124/><T35/><D35/><U119/><E111/><V130/><F106/><T32/><D32/><U109/><E109/><V77/><F102/><T126/><D100/><U59/><REACH who="1" step="1"/><E87/><REACH who="1" ten="270,470,300,0" step="2"/><V0/><F86/><T71/><D85/><U117/><N who="1" m="29696" /><DORA hai="58" /><U97/><E97/><V40/><N who="2" m="10240" /><DORA hai="52" /><V64/><F64/><T81/><D126/><U129/><E129/><V36/><F36/><T78/><D127/><U113/><E113/><V90/><F90/><T67/><D108/><U63/><AGARI ba="0,1" hai="53,59,61,63,65,68,80,84,88,112,115" m="29696,31008" machi="63" ten="60,12000,2" yaku="1,1,0,1,52,4,54,1,53,0" doraHai="44,58,52" doraHaiUra="39,38,98" who="1" fromWho="1" sc="270,-60,470,130,300,-60,0,0" /><INIT seed="1,1,0,0,5,60" ten="210,600,240,0" oya="1" hai0="91,41,90,36,47,81,65,0,128,118,97,50,83" hai1="67,111,104,79,100,35,42,85,43,80,117,133,63" hai2="123,62,1,39,46,86,92,134,129,87,96,84,78" hai3=""/><U66/><E35/><V122/><N who="2" m="31264" /><V74/><N who="2" m="31520" /><V49/><F1/><T98/><D0/><U82/><E117/><V135/><F39/><T44/><D118/><U93/><E133/><N who="2" m="50699" /><F129/><T71/><D128/><U56/><E111/><V109/><F62/><T64/><D71/><U40/><E104/><V2/><F2/><T115/><D115/><U113/><E113/><V52/><F109/><T99/><D83/><U72/><E93/><V124/><F124/><T55/><REACH who="0" step="1"/><D81/><REACH who="0" ten="200,600,240,0" step="2"/><U102/><E82/><V112/><F112/><T116/><D116/><U48/><E72/><V73/><F78/><T69/><D69/><U126/><E126/><V119/><F119/><T3/><D3/><U45/><E79/><V108/><F108/><T103/><D103/><AGARI ba="1,1" hai="46,49,52,73,74,84,86,87,92,96,103" m="50699,31520,31264" machi="103" ten="30,7700,0" yaku="20,1,52,2,54,1" doraHai="60" who="2" fromWho="0" sc="200,-79,600,0,240,89,0,0" /><INIT seed="2,0,0,0,4,105" ten="121,600,329,0" oya="2" hai0="107,120,43,51,40,125,44,2,54,66,109,135,76" hai1="61,41,134,99,106,124,130,129,77,42,118,45,84" hai2="74,122,87,123,101,58,93,92,70,50,131,90,35" hai3=""/><V121/><N who="2" m="31008" /><V81/><N who="2" m="31264" /><V108/><N who="2" m="31520" /><V117/><F117/><T3/><N who="0" m="30752" /><T80/><D109/><U72/><E61/><V36/><F35/><T126/><D107/><U62/><E62/><V112/><F112/><T110/><D110/><U113/><E45/><V49/><F36/><T48/><D66/><U79/><E41/><V91/><F108/><T56/><D40/><U75/><E42/><V63/><F131/><T128/><D128/><U47/><E118/><V59/><F101/><T103/><D103/><U33/><E33/><V46/><F70/><T34/><D34/><U119/><E119/><V83/><F74/><T116/><D116/><U94/><E113/><V68/><F68/><T102/><D102/><U96/><E72/><V73/><F73/><T0/><REACH who="0" step="1"/><D135/><REACH who="0" ten="111,600,329,0" step="2"/><U85/><E134/><V86/><F63/><T39/><D39/><U1/><E129/><V100/><F100/><T71/><D71/><U38/><E38/><V132/><F132/><T104/><D104/><U89/><E106/><V52/><F50/><T32/><D32/><U60/><E130/><V37/><F37/><T133/><D133/><U69/><E69/><V67/><F67/><T115/><D115/><U64/><E64/><RYUUKYOKU ba="0,1" sc="111,10,600,-20,329,10,0,0" hai0="0,2,3,43,44,48,51,54,56,76,80,125,126" hai2="46,49,52,58,59,81,83,86,87,90,91,92,93" /><INIT seed="2,1,1,4,2,106" ten="121,580,339,0" oya="2" hai0="65,114,70,41,92,111,116,132,133,120,68,81,48" hai1="99,115,126,78,39,104,80,89,73,75,85,2,88" hai2="101,94,35,46,61,50,53,112,129,57,127,3,109" hai3=""/><V76/><F3/><T117/><N who="0" m="30752" /><T62/><D81/><U43/><E2/><V55/><F35/><T90/><D111/><U122/><N who="1" m="31264" /><U79/><E43/><V128/><F109/><T124/><D124/><U86/><E39/><V66/><F127/><T130/><D130/><N who="2" m="50282" /><F112/><T95/><D114/><U63/><E63/><V34/><F34/><T49/><D70/><U74/><E126/><V97/><F76/><T59/><D95/><U131/><E131/><V84/><F84/><T71/><D71/><U36/><E36/><V69/><F69/><T33/><D33/><U96/><E115/><V82/><F82/><T58/><D68/><U54/><E54/><AGARI ba="1,1" hai="46,50,53,54,55,57,61,66,94,97,101" m="50282" machi="54" ten="30,1500,0" yaku="19,1" doraHai="106" who="2" fromWho="1" sc="121,0,580,-17,339,27,0,0" /><INIT seed="2,2,0,4,2,88" ten="121,563,366,0" oya="2" hai0="119,68,128,66,104,100,118,37,102,73,40,105,122" hai1="55,114,94,131,46,117,121,126,80,65,132,96,108" hai2="79,47,120,33,113,38,89,86,90,75,135,70,56" hai3=""/><V52/><N who="2" m="30752" /><V78/><F113/><T36/><N who="0" m="31264" /><T87/><D73/><U82/><N who="1" m="31008" /><U59/><E108/><V103/><F33/><T50/><D50/><U133/><E114/><V64/><F135/><T54/><D54/><U3/><E3/><V57/><F75/><T67/><D87/><U116/><E131/><V134/><F134/><T63/><D63/><U127/><E132/><V93/><F103/><T111/><D111/><U99/><E46/><V84/><F70/><T1/><D1/><U98/><E65/><V107/><F107/><T43/><REACH who="0" step="1"/><D128/><REACH who="0" ten="111,563,366,0" step="2"/><U41/><E133/><V123/><N who="2" m="31520" /><V74/><F74/><T92/><D92/><U85/><E94/><V45/><F64/><T124/><D124/><U39/><E126/><V60/><F93/><T95/><D95/><U71/><E127/><V129/><F129/><T97/><D97/><U77/><E99/><V58/><F60/><T83/><D83/><U42/><E80/><V101/><F52/><T76/><D76/><U49/><E55/><V125/><F125/><T110/><D110/><U44/><E98/><V130/><F130/><T34/><D34/><U61/><E96/><V72/><F72/><T0/><D0/><U106/><E61/><RYUUKYOKU ba="2,1" sc="111,20,563,-10,366,-10,0,0" hai0="36,37,40,43,66,67,68,100,102,104,105,118,119" /><INIT seed="4,3,1,1,4,51" ten="131,553,356,0" oya="0" hai0="101,131,87,80,82,61,107,37,102,2,46,122,76" hai1="109,115,58,56,50,43,117,62,33,32,94,64,89" hai2="96,111,36,81,68,83,35,73,0,100,126,39,104" hai3=""/><T70/><N who="0" m="31264" /><T59/><D2/><U60/><E109/><V57/><F111/><T106/><D70/><U69/><E117/><V95/><F126/><T121/><N who="0" m="31008" /><T97/><D131/><U108/><E108/><V63/><F0/><T103/><D106/><U130/><E130/><V75/><F35/><T84/><D37/><U125/><E125/><V55/><F68/><T91/><REACH who="0" step="1"/><D46/><REACH who="0" ten="121,553,356,0" step="2"/><U98/><E69/><V67/><F39/><T134/><D134/><U3/><E3/><V74/><F36/><T114/><D114/><U79/><E115/><V42/><F42/><T78/><D78/><U45/><E79/><V41/><F41/><T34/><D34/><U119/><E119/><V85/><F104/><T120/><N who="0" m="30752" /><T44/><D44/><U1/><E1/><V127/><F127/><T40/><D40/><U123/><N who="1" m="31520" /><U49/><E32/><V128/><F128/><T71/><D71/><U105/><E105/><V53/><REACH who="2" step="1"/><F83/><REACH who="2" ten="121,553,346,0" step="2"/><T133/><D133/><U38/><E33/><V72/><N who="2" m="18432" /><DORA hai="99" /><V66/><F66/><AGARI ba="3,3" hai="59,61,66,76,80,82,84,87,91,97,101,102,103,107" m="30752,31008,31264" machi="66" ten="30,24000,3" yaku="1,1,7,1,52,6,53,1" doraHai="51,99" doraHaiUra="90,92" who="0" fromWho="2" sc="121,276,553,0,346,-246,0,0" /><AGARI ba="3,0" hai="38,43,45,49,50,56,58,60,62,64,66,89,94,98" m="31520" machi="66" ten="30,3900,0" yaku="7,1,9,1,52,1" doraHai="51,99" who="1" fromWho="2" sc="397,0,553,39,100,-39,0,0" /><INIT seed="4,4,0,0,1,1" ten="397,592,61,0" oya="0" hai0="109,44,3,62,82,111,128,49,132,101,84,59,2" hai1="52,57,89,68,116,63,72,90,66,124,108,0,129" hai2="60,50,70,58,127,67,61,74,56,40,123,112,105" hai3=""/><T92/><D132/><U73/><E0/><V78/><N who="2" m="31520" /><V110/><F74/><T34/><D2/><U54/><E108/><V55/><F78/><T115/><D3/><U81/><E116/><V77/><F105/><T102/><D128/><U107/><E124/><V130/><F77/><T39/><D39/><U99/><E54/><V87/><F87/><T106/><D106/><U69/><E69/><V133/><F110/><N who="0" m="41994" /><D115/><U79/><E129/><V100/><F100/><T47/><D92/><U126/><E126/><V46/><F112/><T65/><D44/><U93/><E107/><V38/><F127/><T35/><D102/><U45/><E45/><V103/><F103/><T76/><D101/><U98/><E90/><V134/><F130/><T64/><D64/><AGARI ba="4,0" hai="38,40,46,50,55,56,58,60,61,64,67,70,133,134" m="31520" machi="64" ten="40,12000,2" yaku="24,2,34,3,52,1" doraHai="1" who="2" fromWho="0" sc="397,-128,592,0,61,128,0,0" /><INIT seed="5,0,0,1,0,41" ten="269,592,189,0" oya="1" hai0="127,63,86,2,36,74,47,40,122,132,97,129,88" hai1="68,38,58,64,94,45,32,82,34,56,84,69,80" hai2="0,131,107,93,111,100,105,103,85,89,123,109,135" hai3=""/><U43/><E94/><V54/><N who="2" m="31520" /><V134/><F0/><T78/><N who="0" m="31264" /><T77/><D2/><U83/><E84/><V118/><F54/><T75/><D129/><U108/><E108/><V110/><F118/><T130/><D130/><U116/><E116/><V102/><F131/><T50/><D75/><U60/><REACH who="1" step="1"/><E58/><REACH who="1" ten="269,582,189,0" step="2"/><V96/><REACH who="2" step="1"/><F85/><REACH who="2" ten="269,582,179,0" step="2"/><T117/><D117/><U65/><E65/><V57/><F57/><T125/><D86/><U71/><AGARI ba="0,2" hai="32,34,38,43,45,56,60,64,68,69,71,80,82,83" machi="71" ten="40,5200,0" yaku="1,1,0,1,52,1,53,0" doraHai="41" doraHaiUra="114" who="1" fromWho="1" sc="269,-26,582,72,179,-26,0,0" /><INIT seed="5,1,0,2,5,90" ten="243,654,153,0" oya="1" hai0="39,132,74,118,50,35,78,40,85,3,0,54,2" hai1="44,84,65,36,62,52,93,38,110,130,107,98,115" hai2="68,127,56,79,86,117,109,131,45,66,51,126,128" hai3=""/><U63/><E115/><V119/><F79/><T46/><D35/><U58/><E130/><N who="2" m="49707" /><F68/><T72/><D118/><N who="2" m="45066" /><F86/><T61/><D61/><U112/><E112/><V75/><F75/><T100/><D100/><U95/><E110/><V64/><F56/><T121/><N who="0" m="31008" /><T73/><D85/><U125/><E125/><N who="2" m="47627" /><F109/><T48/><D78/><U76/><E76/><V102/><F102/><T88/><D88/><U97/><E84/><V57/><F57/><T105/><D74/><U135/><E58/><V47/><F51/><T104/><D73/><U129/><E129/><V111/><F111/><T122/><N who="0" m="31264" /><T80/><D50/><U116/><E116/><V37/><F37/><T101/><D101/><U60/><E36/><V33/><F33/><T123/><N who="0" m="31520" /><T133/><D72/><U108/><E38/><V114/><F114/><T134/><D80/><U81/><E81/><V103/><F103/><T71/><D71/><U53/><E108/><V106/><F106/><N who="0" m="41066" /><D39/><U77/><E107/><V99/><F99/><T94/><D94/><U87/><E95/><V70/><F70/><T41/><AGARI ba="1,0" hai="0,2,3,40,41,46,48,54,132,133,134" m="41066,31520,31264,31008" machi="41" ten="50,6000,1" yaku="20,1,52,3" doraHai="90" who="0" fromWho="0" sc="243,62,654,-41,153,-21,0,0" /><INIT seed="6,0,0,1,3,118" ten="305,613,132,0" oya="2" hai0="126,67,41,100,77,75,134,65,48,38,69,68,88" hai1="66,131,120,3,86,46,40,71,56,130,1,107,121" hai2="62,96,95,83,106,94,39,79,90,2,80,124,117" hai3=""/><V52/><F2/><T73/><D38/><U129/><E107/><V53/><F117/><T70/><D134/><U113/><E113/><V78/><F124/><T119/><D119/><U103/><E103/><V128/><F39/><T76/><D100/><U64/><E71/><V45/><F128/><T112/><D112/><U35/><E35/><V60/><F106/><T55/><D41/><U135/><E135/><V110/><F110/><T97/><D76/><U109/><E109/><V87/><F45/><T84/><D97/><U91/><E1/><V81/><F96/><T50/><D50/><U122/><E56/><V98/><F98/><T114/><D77/><N who="2" m="29194" /><F95/><T57/><D114/><U123/><N who="1" m="30752" /><U54/><E3/><V74/><F74/><T89/><D126/><U133/><E133/><V36/><F36/><T115/><D115/><U32/><E32/><V101/><F101/><T127/><D127/><U132/><E132/><V85/><F85/><T49/><D84/><U37/><E54/><AGARI ba="0,0" hai="52,53,54,60,62,80,81,83,87,90,94" m="29194" machi="54" ten="30,2900,0" yaku="8,1,54,1" doraHai="118" who="2" fromWho="1" sc="305,0,613,-29,132,29,0,0" /><INIT seed="6,1,0,5,0,113" ten="305,584,161,0" oya="2" hai0="85,123,62,119,101,81,96,109,95,127,45,131,68" hai1="94,89,100,132,126,87,76,72,115,105,33,128,118" hai2="48,77,99,47,103,88,37,122,82,52,66,44,39" hai3=""/><V64/><N who="2" m="31264" /><V32/><F32/><T3/><N who="0" m="31520" /><T83/><D109/><U106/><E33/><V135/><F135/><T1/><D119/><U58/><E118/><V91/><F66/><T42/><D83/><U107/><E115/><V102/><F64/><T38/><D68/><U112/><E112/><V46/><F77/><T67/><D131/><U41/><E128/><V40/><F82/><T86/><D86/><U61/><E126/><V124/><F124/><T69/><D127/><U55/><E41/><V90/><F99/><T133/><D133/><U129/><E129/><V92/><F92/><T70/><D70/><U104/><E132/><V98/><F98/><T117/><D117/><U0/><E0/><V53/><F53/><T97/><REACH who="0" step="1"/><D97/><REACH who="0" ten="295,584,161,0" step="2"/><U49/><E105/><V75/><F75/><T65/><D65/><U2/><E55/><V108/><F108/><T71/><D71/><U57/><E94/><V78/><F78/><AGARI ba="1,1" hai="1,3,38,42,45,62,67,69,78,81,85,95,96,101" m="31520" machi="78" ten="30,7700,0" yaku="1,1,7,1,52,1,53,1" doraHai="113" doraHaiUra="56" who="0" fromWho="2" sc="295,89,584,0,161,-79,0,0" owari="384,-2.0,584,54.0,82,-52.0,0,0.0" /></mjloggm>