<mjloggm ver="2.3"><GO type="185" lobby="0"/><UN n0="%E9%80%9F%E8%A6%8B%E5%B9%B8%E4%B8%80" n1="%28%C2%B4%E3%81%B8%CE%B5%E3%81%B8%60%29" n2="%4E%45%47%49%54%53" n3="" dan="16,20,18,0" rate="2044.82,2245.87,2303.34,1500.00" sx="M,M,F,C"/><TAIKYOKU oya="0"/><INIT seed="0,0,0,0,4,104" ten="350,350,350,0" oya="0" hai0="57,64,54,124,80,41,52,98,120,110,55,70,134" hai1="35,86,128,3,74,73,88,89,59,72,43,37,56" hai2="133,84,40,125,101,122,117,129,87,90,65,76,107" hai3=""/><T38/><N who="0" m="30752" /><T68/><D98/><U95/><E35/><V81/><N who="2" m="31264" /><V113/><F113/><T50/><D80/><U99/><E3/><V42/><F125/><T39/><D124/><U116/><E116/><V108/><F108/><T105/><D105/><U47/><REACH who="1" step="1"/><E128/><REACH who="1" ten="350,340,350,0" step="2"/><V92/><F129/><T103/><D110/><U49/><E49/><V123/><N who="2" m="31520" /><V96/><F117/><T0/><D0/><U66/><E66/><V1/><F1/><T83/><D103/><U33/><E33/><V114/><F114/><T48/><D83/><AGARI ba="0,1" hai="37,43,47,56,59,72,73,74,83,86,88,89,95,99" machi="83" ten="40,8000,1" yaku="1,1,52,3,54,1,53,0" doraHai="104" doraHaiUra="100" who="1" fromWho="0" sc="350,-80,340,90,350,0,0,0" /><INIT seed="1,0,0,4,0,126" ten="270,430,350,0" oya="1" hai0="85,104,35,111,100,92,41,45,119,121,63,39,57" hai1="112,79,114,132,90,59,107,102,123,91,82,60,124" hai2="88,127,66,80,74,75,95,32,108,94,44,50,38" hai3=""/><U125/><N who="1" m="31520" /><U89/><E132/><V56/><F32/><T1/><N who="0" m="31008" /><T37/><D1/><U122/><N who="1" m="31264" /><U134/><E134/><V48/><F127/><N who="1" m="48713" /><E102/><V71/><F71/><T129/><D104/><U109/><E107/><V40/><F108/><T46/><D111/><U118/><E118/><V135/><F135/><T67/><D35/><U116/><E116/><V103/><F103/><T72/><D72/><U131/><E109/><V101/><F101/><T98/><D119/><U61/><E131/><V0/><F0/><T33/><D33/><U93/><E93/><V51/><F95/><T130/><D85/><U62/><E59/><V53/><F66/><T70/><D57/><U54/><E54/><V52/><F80/><T115/><D115/><U36/><E36/><V133/><F133/><T87/><D87/><AGARI ba="0,0" hai="60,61,62,79,82,87,89,90,91,112,114" m="48713,31264,31520" machi="87" ten="40,7700,0" yaku="18,1,52,2" doraHai="126" who="1" fromWho="0" sc="270,-77,430,77,350,0,0,0" /><INIT seed="1,1,0,0,4,102" ten="193,507,350,0" oya="1" hai0="73,58,48,81,101,56,0,40,74,72,34,70,82" hai1="135,69,87,88,71,114,126,63,47,125,1,42,129" hai2="66,35,64,116,77,32,100,83,60,84,128,33,134" hai3=""/><U115/><E1/><V38/><F116/><T61/><D34/><U54/><E129/><V111/><F128/><T108/><D0/><U118/><E118/><V95/><F38/><T45/><D108/><U119/><E119/><V59/><F111/><T2/><D2/><U96/><E96/><V133/><F66/><T121/><N who="0" m="31008" /><T79/><D70/><U76/><E76/><V67/><F67/><T106/><D82/><U46/><E135/><N who="2" m="51723" /><F100/><T124/><D124/><N who="1" m="47723" /><E54/><V49/><F95/><T86/><REACH who="0" step="1"/><D61/><REACH who="0" ten="183,507,350,0" step="2"/><U112/><E63/><V65/><F65/><T98/><AGARI ba="1,1" hai="40,45,48,56,58,72,73,74,79,81,86,98,101,106" m="31008" machi="98" ten="40,6000,1" yaku="1,1,2,1,0,1,52,2,53,0" doraHai="102" doraHaiUra="68" who="0" fromWho="0" sc="183,72,507,-41,350,-21,0,0" /><INIT seed="2,0,0,4,4,54" ten="255,466,329,0" oya="2" hai0="38,67,108,82,57,90,131,35,44,59,43,64,133" hai1="45,88,2,33,63,111,86,126,69,128,84,124,93" hai2="37,97,99,51,56,39,101,81,34,94,130,73,132" hai3=""/><V74/><F34/><T72/><D35/><U1/><E33/><V127/><F132/><T40/><D108/><U3/><E111/><V79/><F127/><N who="1" m="48681" /><E128/><V134/><F134/><T48/><D133/><U42/><E86/><V110/><F130/><T106/><D106/><U118/><E118/><V68/><F68/><T120/><N who="0" m="30752" /><T62/><D131/><U50/><E63/><V98/><F110/><T114/><D72/><U125/><N who="1" m="48689" /><U117/><DORA hai="71" /><E117/><V115/><F74/><T80/><D62/><U122/><N who="1" m="31264" /><U75/><E75/><V109/><F115/><T53/><D114/><U123/><N who="1" m="31520" /><U41/><E69/><V83/><F109/><T129/><D129/><U91/><E91/><V60/><F81/><T65/><D90/><U36/><E41/><N who="0" m="15945" /><D82/><U121/><N who="1" m="31008" /><U113/><E113/><V46/><F73/><T105/><D80/><U102/><E102/><V135/><F135/><T61/><D105/><U119/><E119/><V100/><F83/><T112/><D112/><U77/><E77/><V70/><F79/><T47/><D61/><U76/><E76/><V89/><F101/><T0/><D0/><U116/><E116/><V85/><F100/><T87/><D87/><U104/><E104/><RYUUKYOKU ba="0,0" sc="255,10,466,10,329,-20,0,0" hai0="38,44,47,48,53,57,59,64,65,67" hai1="1,2,3,36,42,45,50,84,88,93" /><INIT seed="4,1,0,0,3,119" ten="265,476,309,0" oya="0" hai0="93,112,71,56,135,110,42,114,59,72,33,99,38" hai1="43,89,53,117,81,91,51,118,101,124,128,62,44" hai2="133,77,86,32,132,61,75,120,104,48,50,85,34" hai3=""/><T131/><D33/><U80/><E128/><V111/><N who="2" m="30752" /><V69/><F111/><T67/><D72/><U109/><E109/><V102/><F75/><T70/><D110/><U82/><E124/><V96/><F69/><N who="0" m="26122" /><D93/><U55/><E117/><V37/><F37/><T108/><D99/><U103/><E118/><V115/><F115/><N who="0" m="44074" /><D108/><U58/><E55/><V65/><F61/><T40/><D131/><U36/><E36/><V83/><F65/><T97/><D97/><U2/><E2/><V54/><F48/><T45/><D135/><N who="2" m="51786" /><F85/><T74/><D74/><U46/><E44/><AGARI ba="1,0" hai="32,34,44,50,54,77,83,86,96,102,104" m="51786,30752" machi="44" ten="30,3900,0" yaku="20,1,52,2" doraHai="119" who="2" fromWho="1" sc="265,0,476,-41,309,41,0,0" /><INIT seed="5,0,0,5,2,67" ten="265,435,350,0" oya="1" hai0="130,32,94,44,56,78,115,122,133,73,46,75,61" hai1="39,53,1,58,64,34,65,84,57,55,95,131,126" hai2="113,86,128,62,92,81,120,35,0,71,90,124,36" hai3=""/><U110/><E1/><V72/><RYUUKYOKU type="yao9" ba="0,0" sc="265,0,435,0,350,0,0,0" hai2="0,35,36,62,71,72,81,86,90,92,113,120,124,128" /><INIT seed="5,1,0,1,4,33" ten="265,435,350,0" oya="1" hai0="60,38,105,122,90,98,70,85,95,57,93,81,101" hai1="83,74,67,110,64,87,48,3,42,76,50,37,65" hai2="43,86,36,59,84,73,49,100,108,92,1,62,80" hai3=""/><U129/><E3/><V120/><N who="2" m="30752" /><V34/><F34/><T114/><N who="0" m="31264" /><T119/><D114/><U125/><E129/><V71/><F108/><T63/><D38/><U75/><E110/><V66/><F73/><T104/><D119/><U53/><E37/><V94/><F1/><T44/><D44/><U56/><REACH who="1" step="1"/><E125/><REACH who="1" ten="265,425,350,0" step="2"/><V91/><F36/><T47/><D47/><AGARI ba="1,1" hai="42,47,48,50,53,56,64,65,67,74,75,76,83,87" machi="47" ten="40,7700,0" yaku="1,1,2,1,53,1" doraHai="33" doraHaiUra="54" who="1" fromWho="0" sc="265,-79,425,89,350,0,0,0" /><INIT seed="5,2,0,5,0,66" ten="186,514,350,0" oya="1" hai0="135,51,89,92,78,133,97,86,46,60,35,36,76" hai1="111,112,95,94,90,53,102,117,1,41,103,80,43" hai2="55,87,68,70,2,110,62,106,32,49,50,130,132" hai3=""/><U57/><E117/><V73/><F2/><T69/><D35/><U128/><E1/><V100/><F73/><T129/><D129/><U126/><E128/><V61/><F32/><T122/><N who="0" m="31264" /><T121/><N who="0" m="31008" /><T125/><D36/><U98/><E112/><V52/><F130/><T67/><D125/><U38/><E126/><V65/><F110/><T39/><D39/><U116/><E116/><V108/><F108/><T82/><REACH who="0" step="1"/><D78/><REACH who="0" ten="176,514,350,0" step="2"/><U127/><E38/><V113/><F113/><T58/><D58/><U75/><E127/><V37/><F37/><T99/><D99/><U93/><E111/><V88/><F132/><T0/><D0/><U120/><E98/><V40/><F70/><T123/><N who="0" m="31520" /><T59/><D59/><U101/><N who="1" m="30752" /><U54/><E57/><V47/><F68/><T83/><D83/><U115/><E115/><V74/><F47/><T105/><D105/><U77/><E77/><V63/><F106/><T71/><D71/><U56/><E56/><V81/><F81/><T33/><D33/><U91/><E80/><V79/><F79/><T124/><D124/><U118/><E118/><V114/><F114/><T64/><D64/><U84/><E95/><V42/><F65/><T107/><D107/><RYUUKYOKU ba="2,1" sc="176,20,514,-10,350,-10,0,0" hai0="46,51,60,67,69,76,82,86,89,92,97,133,135" /><INIT seed="6,3,1,4,3,2" ten="196,504,340,0" oya="2" hai0="57,62,99,113,85,94,58,93,129,74,68,78,80" hai1="77,60,95,111,122,108,112,0,71,64,41,55,32" hai2="101,127,37,118,66,33,43,123,39,50,79,84,86" hai3=""/><V81/><N who="2" m="31520" /><V131/><F118/><T73/><D68/><U102/><N who="1" m="31264" /><U98/><E0/><V65/><F33/><T105/><D57/><U76/><E32/><V133/><F127/><T100/><D58/><U36/><E112/><V130/><F133/><T87/><D62/><U125/><E125/><V114/><F101/><T69/><D69/><U70/><E70/><V132/><F132/><T67/><D67/><N who="2" m="25610" /><F114/><T120/><N who="0" m="30752" /><T34/><D34/><U52/><E108/><V116/><F116/><T42/><D42/><U124/><E111/><V1/><F1/><T3/><D3/><U121/><N who="1" m="31008" /><U47/><E124/><V117/><F117/><T83/><D113/><U45/><REACH who="1" step="1"/><E55/><REACH who="1" ten="196,494,340,0" step="2"/><V103/><F103/><T88/><D129/><N who="2" m="49162" /><F86/><T35/><REACH who="0" step="1"/><D35/><REACH who="0" ten="186,494,340,0" step="2"/><U72/><E72/><AGARI ba="3,3" hai="72,73,74,78,80,83,85,87,88,93,94,99,100,105" m="30752" machi="72" ten="40,16000,3" yaku="1,1,2,1,35,6,52,1,54,1,53,0" doraHai="2" doraHaiUra="59" who="0" fromWho="1" sc="186,196,494,-166,340,0,0,0" /><INIT seed="8,0,0,0,5,61" ten="382,328,340,0" oya="0" hai0="53,122,49,78,113,40,83,130,37,51,126,70,129" hai1="80,105,125,96,48,72,124,67,76,116,47,98,42" hai2="99,84,135,109,131,104,123,3,132,64,108,74,114" hai3=""/><T106/><N who="0" m="31264" /><T65/><D106/><U46/><E116/><V73/><N who="2" m="31520" /><V60/><F3/><T100/><D100/><U97/><E105/><V119/><F114/><T44/><D113/><U57/><E57/><V45/><F45/><T134/><D134/><N who="2" m="51242" /><F131/><N who="0" m="50186" /><D126/><N who="1" m="48747" /><E47/><V35/><F35/><T121/><N who="0" m="31008" /><T32/><D32/><U56/><E56/><V91/><F119/><T52/><D65/><AGARI ba="0,0" hai="42,46,48,65,67,72,76,80,96,97,98" m="48747" machi="65" ten="30,3900,0" yaku="18,1,52,2" doraHai="61" who="1" fromWho="0" sc="382,-39,328,39,340,0,0,0" /><INIT seed="9,0,0,2,1,66" ten="343,367,340,0" oya="1" hai0="52,114,80,111,128,63,105,134,64,91,71,135,100" hai1="130,60,117,70,97,127,44,119,51,85,33,84,34" hai2="49,83,40,62,99,112,75,107,2,93,118,98,3" hai3=""/><U123/><N who="1" m="31520" /><U129/><E127/><V115/><F107/><T88/><D111/><U96/><E60/><V47/><F118/><N who="1" m="45065" /><E70/><V92/><F62/><T53/><D114/><N who="2" m="43562" /><F83/><T90/><D80/><U76/><E76/><V0/><F75/><T132/><D128/><N who="1" m="49259" /><E85/><V122/><N who="2" m="31264" /><V67/><F67/><T101/><D105/><U32/><E84/><V48/><F48/><T39/><D39/><U120/><N who="1" m="30752" /><U94/><E94/><AGARI ba="0,0" hai="0,2,3,40,47,49,92,93,94,98,99" m="31264,43562" machi="94" ten="40,2600,0" yaku="11,1,52,1" doraHai="66" who="2" fromWho="1" sc="343,0,367,-26,340,26,0,0" /><INIT seed="10,0,0,2,0,99" ten="343,341,366,0" oya="2" hai0="77,122,114,73,48,51,36,53,0,127,59,64,39" hai1="46,93,81,80,130,52,91,86,95,84,63,92,60" hai2="110,50,96,32,106,107,3,35,128,135,121,67,42" hai3=""/><V37/><F3/><T68/><N who="0" m="31264" /><T58/><D77/><U65/><E130/><V126/><N who="2" m="31008" /><V82/><F37/><N who="0" m="14410" /><D73/><U74/><E74/><V79/><F128/><T1/><D114/><U47/><E52/><V34/><F110/><T131/><D1/><U41/><E41/><V76/><F135/><T100/><D100/><U43/><E43/><V45/><F126/><T54/><D0/><U108/><E108/><V129/><F129/><T66/><D131/><U87/><E87/><V83/><F67/><N who="0" m="25642" /><D127/><U115/><E115/><V38/><F38/><T61/><D68/><U40/><E40/><V94/><F82/><T49/><AGARI ba="0,0" hai="48,49,51,53,54,58,59,61" m="25642,14410,31264" machi="49" ten="30,9000,2" yaku="35,5,52,1" doraHai="99" who="0" fromWho="0" sc="343,90,341,-30,366,-60,0,0" owari="433,38.0,311,-9.0,306,-29.0,0,0.0" /></mjloggm>