<mjloggm ver="2.3"><GO type="185" lobby="0"/><UN n0="%4E%45%4C%46" n1="%E7%A5%9E%E6%9D%A1%E7%B4%AB%E6%9D%8F" n2="%E3%81%A0%E3%81%83" n3="" dan="16,16,16,0" rate="2198.64,2186.24,2149.84,1500.00" sx="F,F,M,C"/><TAIKYOKU oya="0"/><INIT seed="0,0,0,0,5,71" ten="350,350,350,0" oya="0" hai0="121,44,55,104,103,92,88,73,76,75,91,82,70" hai1="117,90,81,133,1,108,72,101,3,78,134,83,132" hai2="115,51,86,113,53,57,62,40,66,69,87,112,116" hai3=""/><T41/><N who="0" m="31008" /><T102/><D70/><U60/><E117/><V58/><F116/><T34/><D34/><U129/><E108/><V114/><N who="2" m="29184" /><DORA hai="33" /><V80/><F40/><T96/><D73/><U47/><E129/><V50/><F86/><T38/><D104/><U125/><E125/><V37/><F37/><T35/><D35/><U85/><E101/><V0/><F0/><T46/><REACH who="0" step="1"/><D91/><REACH who="0" ten="340,350,350,0" step="2"/><U110/><E110/><V49/><REACH who="2" step="1"/><F69/><REACH who="2" ten="340,350,340,0" step="2"/><T120/><N who="0" m="30752" /><T97/><D97/><U61/><E1/><V2/><F2/><T56/><D56/><U79/><E3/><V48/><F48/><AGARI ba="0,2" hai="38,41,44,46,48,55,75,76,82,88,92,96,102,103" m="30752,31008" machi="48" ten="40,12000,1" yaku="1,1,52,3,54,1,53,0" doraHai="71,33" doraHaiUra="123,109" who="0" fromWho="2" sc="340,140,350,0,340,-120,0,0" /><INIT seed="0,1,0,5,1,94" ten="480,350,220,0" oya="0" hai0="100,73,105,63,128,71,116,38,93,88,113,84,121" hai1="110,66,55,103,77,89,115,124,120,49,60,52,91" hai2="36,64,117,53,68,2,58,126,109,50,56,92,40" hai3=""/><T96/><N who="0" m="31008" /><T108/><D38/><U42/><N who="1" m="30752" /><U83/><E110/><V114/><F2/><T3/><D3/><U44/><E124/><V57/><F126/><T0/><D0/><U59/><E115/><V87/><F114/><T98/><D113/><U123/><N who="1" m="31520" /><U106/><E106/><V133/><F117/><T75/><D116/><U1/><E103/><V127/><F109/><T45/><D108/><U78/><E1/><V37/><F127/><T131/><D45/><U86/><E89/><V107/><F107/><T90/><D63/><U81/><E91/><V135/><F37/><T33/><D71/><U51/><E51/><V41/><F92/><T132/><D132/><N who="2" m="50762" /><F87/><AGARI ba="1,0" hai="42,44,49,52,55,59,60,66,77,78,81,83,86,87" m="31520,30752" machi="87" ten="30,12000,2" yaku="7,1,9,1,8,1,52,2,54,1" doraHai="94" who="1" fromWho="2" sc="480,0,350,122,220,-122,0,0" /><INIT seed="1,0,0,2,5,72" ten="480,472,98,0" oya="1" hai0="123,82,45,89,132,46,113,41,75,55,131,39,90" hai1="98,129,100,97,69,65,134,64,116,111,76,120,48" hai2="93,57,73,114,86,60,61,54,67,53,124,102,32" hai3=""/><U130/><N who="1" m="30752" /><U105/><E116/><V104/><F73/><T79/><N who="0" m="31520" /><T133/><D113/><U33/><E33/><V121/><N who="2" m="31008" /><V110/><F32/><T0/><D0/><U125/><E134/><N who="0" m="51817" /><D131/><N who="1" m="50187" /><E125/><V43/><F110/><T40/><D55/><U49/><E111/><V106/><F124/><T2/><D2/><U38/><E38/><AGARI ba="0,0" hai="38,39,40,41,45,46,75,79,82,89,90" m="51817,31520" machi="38" ten="30,3900,0" yaku="20,1,52,2" doraHai="72" who="0" fromWho="1" sc="480,39,472,-39,98,0,0,0" /><INIT seed="2,0,0,5,2,41" ten="519,433,98,0" oya="2" hai0="71,107,127,99,117,42,90,120,67,103,60,121,75" hai1="38,123,68,53,116,54,34,39,113,73,72,49,130" hai2="85,79,111,1,92,88,119,51,62,63,59,106,65" hai3=""/><V105/><F119/><T102/><N who="0" m="30752" /><T82/><N who="0" m="31008" /><T0/><D117/><U125/><E49/><V95/><F1/><T47/><D127/><U86/><E86/><V3/><F3/><T104/><D0/><U83/><E83/><V48/><F111/><T134/><D134/><U64/><E64/><V128/><F128/><T101/><D104/><U118/><N who="1" m="31520" /><U96/><E96/><V94/><F79/><T35/><D35/><U100/><E100/><V78/><F78/><T45/><D45/><U97/><E97/><V56/><F106/><T58/><D58/><U98/><E125/><V112/><F112/><T57/><D57/><U40/><E130/><V110/><F105/><T77/><D90/><U37/><E118/><V70/><F70/><T89/><D89/><U84/><E68/><V132/><F132/><T108/><D108/><U50/><E34/><V69/><F69/><T87/><D87/><U91/><E113/><V126/><F126/><T122/><N who="0" m="31264" /><T52/><D52/><U66/><E53/><V80/><REACH who="2" step="1"/><F110/><REACH who="2" ten="519,433,88,0" step="2"/><T133/><D133/><U2/><E116/><V43/><F43/><T115/><D115/><U76/><E40/><V124/><F124/><T33/><D33/><U135/><E2/><RYUUKYOKU ba="0,1" sc="519,10,433,-20,88,10,0,0" hai0="42,47,60,67,71,75,77,82,99,101,102,103,107" hai2="48,51,56,59,62,63,65,80,85,88,92,94,95" /><INIT seed="2,1,1,5,0,50" ten="529,413,98,0" oya="2" hai0="128,100,71,44,54,42,101,64,81,33,80,112,61" hai1="73,85,109,79,75,36,78,118,88,116,105,63,56" hai2="111,98,94,67,115,131,68,77,58,96,135,113,129" hai3=""/><V84/><F68/><T55/><D33/><U46/><E109/><V119/><F111/><T57/><D128/><N who="2" m="49226" /><F119/><N who="1" m="45609" /><E105/><V72/><F135/><T70/><D112/><N who="2" m="43082" /><F72/><N who="1" m="27721" /><E46/><V51/><F67/><T90/><D71/><U66/><E36/><V59/><F96/><T133/><D133/><U114/><E114/><V52/><F84/><T103/><D90/><U1/><E1/><V3/><F77/><T62/><REACH who="0" step="1"/><D55/><REACH who="0" ten="519,413,98,0" step="2"/><U134/><E134/><V99/><F3/><T106/><D106/><U2/><E2/><V124/><F124/><T130/><D130/><U120/><N who="1" m="30752" /><U110/><E110/><V121/><N who="2" m="31008" /><V48/><F94/><AGARI ba="1,2" hai="56,63,66,78,79,85,88,94" m="30752,27721,45609" machi="94" ten="30,3900,0" yaku="12,1,52,1,54,1" doraHai="50" who="1" fromWho="2" sc="519,0,413,61,98,-41,0,0" /><INIT seed="4,0,0,3,0,73" ten="519,474,57,0" oya="0" hai0="117,68,124,84,79,96,61,97,62,128,56,87,55" hai1="77,41,105,70,39,43,88,47,33,94,85,130,65" hai2="126,122,80,98,131,114,2,107,119,38,104,125,132" hai3=""/><T129/><D117/><U66/><E33/><V69/><F80/><T63/><D124/><U109/><E109/><V102/><F98/><T100/><D96/><U37/><E130/><N who="0" m="50281" /><D68/><U90/><E105/><V127/><F102/><T108/><D108/><U34/><E77/><V36/><F126/><T50/><D79/><U93/><E34/><V91/><F91/><T82/><D82/><U99/><E70/><V92/><F92/><AGARI ba="0,0" hai="50,55,56,61,62,63,84,87,92,97,100" m="50281" machi="92" ten="30,1500,0" yaku="19,1" doraHai="73" who="0" fromWho="2" sc="519,15,474,0,57,-15,0,0" /><INIT seed="4,1,0,5,4,35" ten="534,474,42,0" oya="0" hai0="126,43,118,99,32,125,110,135,119,76,128,129,2" hai1="3,109,98,65,93,89,111,70,115,47,90,131,120" hai2="112,56,59,92,91,121,71,124,58,60,108,33,46" hai3=""/><T133/><D2/><U66/><N who="1" m="30752" /><U79/><E3/><V116/><N who="2" m="31008" /><V102/><F33/><T67/><D32/><U49/><E131/><N who="0" m="50249" /><D67/><U105/><E115/><V37/><F108/><T53/><D110/><U113/><E113/><V72/><F112/><T45/><D53/><U48/><E79/><V75/><F116/><N who="0" m="44586" /><D99/><U63/><E65/><V39/><F102/><T44/><D44/><U54/><E105/><V96/><F124/><N who="0" m="47722" /><D76/><U87/><REACH who="1" step="1"/><E49/><AGARI ba="1,0" hai="43,45,49,133,135" m="47722,44586,50249" machi="49" ten="40,18000,2" yaku="30,2,19,1,18,1,34,2" doraHai="35" who="0" fromWho="1" sc="534,182,474,-182,42,0,0,0" /><INIT seed="4,2,0,5,1,94" ten="716,292,42,0" oya="0" hai0="91,85,100,49,41,58,61,67,70,38,51,120,102" hai1="37,40,71,104,105,84,73,129,88,2,60,47,54" hai2="86,97,79,80,121,44,115,101,42,32,65,126,112" hai3=""/><T110/><N who="0" m="30752" /><T119/><D119/><U39/><E2/><V72/><N who="2" m="31008" /><V99/><F32/><T43/><D110/><U125/><E125/><V103/><F65/><T132/><D132/><U135/><E135/><V1/><F1/><T57/><D57/><U52/><E129/><V93/><F126/><T66/><D38/><U106/><E73/><V59/><F59/><T69/><D58/><U133/><E39/><V77/><F42/><T128/><D85/><U83/><REACH who="1" step="1"/><E133/><REACH who="1" ten="716,282,42,0" step="2"/><V95/><F44/><T87/><D128/><U62/><E62/><V124/><F124/><T92/><D61/><U0/><E0/><V117/><F117/><T50/><D70/><U63/><E63/><V114/><REACH who="2" step="1"/><F72/><REACH who="2" ten="716,282,32,0" step="2"/><T118/><D118/><U33/><E33/><V96/><F96/><T89/><D69/><U127/><E127/><V122/><N who="2" m="31264" /><V116/><F116/><T123/><N who="0" m="31520" /><T98/><D41/><U35/><E35/><V76/><AGARI ba="2,2" hai="76,77,79,80,86,93,95,97,99,101,103,112,114,115" m="31264,31008" machi="76" ten="40,18000,4" yaku="1,1,0,1,9,1,15,1,34,3,52,4,53,0" doraHai="94" doraHaiUra="46" who="2" fromWho="2" sc="716,-122,282,-62,32,204,0,0" /><INIT seed="5,0,0,1,2,106" ten="594,220,236,0" oya="1" hai0="132,94,64,128,35,104,40,39,44,112,41,105,53" hai1="3,61,95,93,68,76,102,62,101,103,120,78,45" hai2="131,121,88,89,49,98,109,115,114,38,124,133,55" hai3=""/><U118/><N who="1" m="30752" /><U1/><E45/><V67/><N who="2" m="31008" /><V86/><F109/><T96/><D35/><U126/><E126/><V2/><F2/><N who="1" m="521" /><E68/><V72/><F38/><T48/><D41/><U37/><E37/><V60/><F131/><T111/><D128/><U122/><N who="1" m="31264" /><U91/><E91/><V81/><F124/><T74/><D105/><U135/><E118/><V110/><F110/><T97/><D104/><U75/><E135/><V85/><F133/><T129/><D132/><U0/><N who="1" m="529" /><U66/><DORA hai="36" /><E66/><V63/><F98/><T47/><D97/><U58/><E58/><V71/><F63/><N who="1" m="24073" /><E75/><V57/><REACH who="2" step="1"/><F72/><REACH who="2" ten="594,220,226,0" step="2"/><T125/><D74/><U113/><E113/><V54/><F54/><T107/><D125/><U65/><E65/><V59/><F59/><T119/><D64/><U130/><E130/><V46/><F46/><T69/><D129/><U52/><E52/><V56/><F56/><T116/><D111/><U70/><E70/><V117/><F117/><T100/><D69/><U134/><E134/><V73/><F73/><T34/><D116/><U80/><E80/><AGARI ba="0,1" hai="49,55,57,60,67,71,80,81,85,86,88,89,114,115" m="31008" machi="80" ten="40,8000,1" yaku="1,1,9,1,52,1,54,1,53,0" doraHai="106,36" doraHaiUra="43,32" who="2" fromWho="1" sc="594,0,220,-80,226,90,0,0" /><INIT seed="6,0,0,4,2,99" ten="594,140,316,0" oya="2" hai0="128,50,110,116,90,38,94,82,125,84,106,127,105" hai1="1,63,103,55,54,131,115,96,129,76,40,47,72" hai2="41,95,92,70,79,88,107,98,101,97,102,57,35" hai3=""/><V36/><F70/><T64/><D38/><U124/><E1/><V73/><F35/><T61/><D116/><U87/><E72/><V68/><F68/><T39/><D39/><U44/><E115/><V111/><F111/><T69/><D128/><U114/><E114/><V89/><F57/><T83/><D110/><U78/><E87/><V0/><F0/><T135/><D135/><U112/><E112/><V120/><N who="2" m="30752" /><V59/><F59/><T132/><D132/><U46/><E40/><V113/><F113/><T109/><D50/><U65/><E124/><N who="0" m="47689" /><D109/><U130/><E76/><V75/><F41/><T91/><D83/><U58/><E78/><V86/><F36/><T37/><D37/><U42/><E42/><V118/><F79/><T3/><D3/><U34/><E34/><V123/><N who="2" m="31520" /><V117/><F86/><AGARI ba="0,0" hai="61,64,69,82,84,86,90,91,94,105,106" m="47689" machi="86" ten="30,1000,0" yaku="18,1" doraHai="99" who="0" fromWho="2" sc="594,10,140,0,316,-10,0,0" owari="604,55.0,140,-46.0,306,-9.0,0,0.0" /></mjloggm>