<mjloggm ver="2.3"><GO type="169" lobby="0"/><UN n0="%64%75%72%72%72%72%72" n1="%E5%87%BA%E3%82%8B%E3%83%94%E3%82%A8%E3%83%AD" n2="%69%63%61%6E%66%6C%79" n3="%E3%82%AD%E3%83%A0%4B" dan="16,16,16,17" rate="2111.55,2204.56,2118.50,2160.16" sx="M,M,M,M"/><TAIKYOKU oya="0"/><INIT seed="0,0,0,2,0,98" ten="250,250,250,250" oya="0" hai0="110,16,106,76,131,99,4,28,59,133,82,129,47" hai1="19,92,25,14,51,78,108,101,74,103,64,114,26" hai2="105,96,104,116,10,34,6,109,52,113,73,86,41" hai3="20,120,17,72,11,88,23,79,1,70,31,84,21"/><T49/><D28/><U15/><E74/><V117/><F109/><W44/><G70/><T30/><D30/><U95/><E108/><V94/><F73/><W2/><G79/><T71/><D110/><U134/><E78/><V45/><F34/><W12/><G72/><T127/><D71/><U132/><E64/><V46/><F86/><W91/><G91/><T9/><D127/><U80/><E80/><V123/><F123/><W36/><G31/><T111/><D111/><U90/><E51/><N who="2" m="28783" /><F113/><W56/><G56/><T55/><D133/><N who="1" m="51307" /><E114/><V66/><F66/><W126/><G126/><T68/><D68/><U93/><E90/><V77/><F77/><W50/><G36/><T33/><D33/><U42/><E42/><V75/><F75/><W35/><G35/><T121/><D121/><U54/><E54/><V62/><F62/><W122/><G122/><T37/><D37/><U63/><E63/><V57/><F57/><W48/><G48/><T107/><D59/><U69/><E69/><V13/><F46/><W135/><G135/><T24/><D106/><U60/><E60/><V102/><F41/><W5/><G2/><N who="0" m="151" /><D107/><U53/><E53/><V40/><F40/><W100/><G120/><T81/><D81/><U22/><E15/><V118/><AGARI ba="0,0" hai="6,10,13,94,96,102,104,105,116,117,118" m="28783" machi="118" ten="30,4000,0" yaku="12,1,52,1,54,1" doraHai="98" who="2" fromWho="2" sc="250,-20,250,-10,250,40,250,-10" /><INIT seed="1,0,0,1,1,64" ten="230,240,290,240" oya="1" hai0="135,95,115,110,66,65,85,5,3,7,31,111,19" hai1="121,122,50,86,123,81,10,51,47,103,46,54,2" hai2="120,35,88,59,76,14,75,30,52,6,107,87,37" hai3="63,27,68,28,91,71,8,39,38,13,69,41,104"/><U134/><E134/><V98/><F120/><W58/><G104/><T36/><D36/><U84/><E103/><V117/><F117/><W18/><G91/><T77/><D115/><U73/><E73/><V34/><F37/><W40/><G38/><T100/><D135/><U119/><E119/><V11/><F76/><W113/><G113/><T93/><D31/><U94/><E94/><V118/><F30/><W78/><G78/><T128/><D77/><U89/><E84/><V60/><F75/><W79/><G79/><T106/><D19/><U24/><E24/><V12/><F118/><W45/><G41/><T72/><D72/><U55/><REACH who="1" step="1"/><E10/><REACH who="1" ten="230,230,290,240" step="2"/><V21/><F107/><W70/><N who="3" m="17408" /><DORA hai="62" /><W15/><G15/><T130/><D106/><U9/><E9/><V23/><F98/><W125/><G125/><T29/><D85/><U42/><E42/><V20/><REACH who="2" step="1"/><F14/><REACH who="2" ten="230,230,280,240" step="2"/><W92/><G92/><AGARI ba="0,2" hai="6,11,12,20,21,23,34,35,52,59,60,87,88,92" machi="92" ten="40,8000,1" yaku="1,1,2,1,54,2,53,0" doraHai="64,62" doraHaiUra="109,67" who="2" fromWho="3" sc="230,0,230,0,280,100,240,-80" /><INIT seed="2,0,0,5,1,38" ten="230,230,380,160" oya="2" hai0="1,30,123,71,68,35,92,97,43,49,27,84,127" hai1="90,115,116,47,59,132,19,111,58,25,9,13,34" hai2="122,41,44,110,24,26,124,52,50,40,130,77,5" hai3="39,133,74,82,12,23,31,60,88,20,89,131,81"/><V21/><F122/><W95/><G39/><T17/><D123/><U61/><E111/><V16/><F110/><W7/><G131/><T96/><D1/><U79/><E79/><V72/><F130/><W37/><G37/><T87/><D127/><U113/><E132/><V69/><F124/><W78/><G133/><T15/><D96/><U105/><E105/><V8/><F69/><W29/><G60/><T57/><D68/><U121/><E116/><V45/><F72/><W11/><G82/><T104/><D104/><U0/><E121/><V108/><F108/><W66/><G66/><T51/><D71/><U10/><E59/><V102/><F102/><W63/><G63/><T120/><D51/><U129/><E129/><V107/><F107/><W48/><G48/><T109/><D109/><U103/><E103/><V134/><F134/><W53/><G53/><T100/><D120/><U54/><E90/><V65/><F65/><W55/><G55/><T67/><D67/><U64/><E0/><V76/><F26/><W94/><G31/><T128/><D57/><U22/><E34/><V32/><F32/><W70/><G70/><T36/><D36/><U4/><E10/><V119/><F119/><W56/><G56/><T106/><D106/><U75/><E75/><V114/><F114/><W85/><G29/><T93/><D93/><U86/><E86/><AGARI ba="0,0" hai="7,11,12,20,23,74,78,81,85,86,88,89,94,95" machi="86" ten="30,3900,0" yaku="7,1,9,1,54,1" doraHai="38" who="3" fromWho="1" sc="230,0,230,-39,380,0,160,39" /><INIT seed="3,0,0,3,3,99" ten="230,191,380,199" oya="3" hai0="86,92,10,49,31,9,116,64,107,129,8,125,43" hai1="39,51,33,4,18,72,6,88,36,45,104,75,94" hai2="123,108,3,54,61,84,71,91,34,50,117,87,130" hai3="111,101,40,62,119,128,77,24,42,7,44,59,120"/><W134/><G120/><T13/><D116/><U41/><E104/><V67/><F108/><W57/><G119/><T124/><D107/><U97/><E33/><V23/><F130/><W90/><G77/><T58/><D129/><U66/><E66/><V48/><F34/><W53/><G128/><T12/><D31/><U55/><E18/><V112/><F112/><W98/><G111/><T38/><D38/><U74/><REACH who="1" step="1"/><E39/><REACH who="1" ten="230,181,380,199" step="2"/><V80/><F117/><W32/><G7/><T93/><D64/><U81/><E81/><V11/><F123/><W47/><G134/><T105/><D105/><U78/><E78/><V89/><F80/><W35/><G90/><T1/><D92/><U79/><E79/><V25/><F91/><W56/><G35/><T127/><D93/><U37/><E37/><V19/><F89/><W63/><G32/><T69/><D125/><U110/><E110/><V102/><F67/><W82/><G82/><T14/><D124/><U83/><E83/><V15/><F19/><W96/><G24/><T122/><D127/><U109/><E109/><V121/><F25/><W46/><G53/><T0/><D122/><U113/><E113/><V21/><F54/><W131/><G131/><T115/><D115/><U73/><N who="1" m="18432" /><DORA hai="133" /><U16/><E16/><V28/><F121/><W22/><G42/><T68/><D43/><U29/><E29/><V52/><F28/><W5/><G40/><T70/><D86/><U95/><E95/><V60/><F84/><W114/><G5/><T135/><D135/><U17/><E17/><V30/><F52/><AGARI ba="0,1" hai="0,1,8,9,10,12,13,14,49,52,58,68,69,70" machi="52" ten="50,6400,0" yaku="29,2,54,1" doraHai="99,133" who="0" fromWho="2" sc="230,74,181,0,380,-64,199,0" /><INIT seed="4,0,0,0,0,119" ten="304,181,316,199" oya="0" hai0="38,47,122,70,82,74,40,102,129,50,56,43,19" hai1="81,91,106,135,42,73,60,72,61,1,103,59,117" hai2="13,131,2,93,5,53,75,68,99,37,78,45,63" hai3="6,79,88,109,77,4,23,110,127,22,134,130,120"/><T27/><D70/><U58/><E117/><V133/><F133/><W26/><G134/><T94/><D129/><U62/><E135/><V89/><F131/><W55/><G130/><T83/><D122/><U108/><E108/><V71/><F13/><W128/><G128/><T10/><D74/><U57/><E42/><N who="2" m="22735" /><F53/><W67/><G67/><T104/><D104/><U84/><REACH who="1" step="1"/><E1/><REACH who="1" ten="304,171,316,199" step="2"/><V14/><F2/><W52/><G127/><T12/><D43/><U39/><E39/><V101/><F71/><W32/><G110/><T31/><D38/><U66/><E66/><V16/><F68/><W9/><G109/><T92/><D40/><U54/><E54/><V123/><F75/><W34/><G55/><T105/><D47/><U125/><E125/><V124/><F124/><W17/><G52/><T36/><D36/><U20/><E20/><V51/><F123/><W15/><G120/><T85/><D56/><U86/><E86/><V8/><F99/><AGARI ba="0,1" hai="57,58,59,60,61,62,72,73,81,84,91,99,103,106" machi="99" ten="40,1300,0" yaku="1,1,53,0" doraHai="119" doraHaiUra="46" who="1" fromWho="2" sc="304,0,171,23,316,-13,199,0" /><INIT seed="5,0,0,0,5,48" ten="304,194,303,199" oya="1" hai0="39,83,125,124,95,121,119,93,89,49,41,97,126" hai1="24,32,79,105,0,130,17,75,2,84,113,133,26" hai2="100,55,92,70,68,34,53,58,101,67,47,36,37" hai3="106,127,122,19,20,46,82,30,44,120,18,11,5"/><U35/><E75/><V43/><F34/><W50/><G106/><T1/><D1/><N who="1" m="619" /><E105/><V98/><F101/><W10/><G30/><T87/><D119/><U63/><E63/><N who="2" m="38391" /><F100/><W123/><G5/><T69/><D69/><N who="2" m="26730" /><F92/><W115/><G82/><T40/><D121/><U23/><E84/><V38/><F98/><W116/><G116/><T7/><D7/><U103/><E103/><V51/><AGARI ba="0,0" hai="36,37,38,43,47,51,53,55" m="26730,38391" machi="51" ten="40,12000,2" yaku="35,5,52,2" doraHai="48" who="2" fromWho="2" sc="304,-30,194,-60,303,120,199,-30" /><INIT seed="6,0,0,5,5,97" ten="274,134,423,169" oya="2" hai0="14,76,48,19,85,53,82,131,29,98,55,79,80" hai1="40,122,42,3,49,2,50,44,30,56,28,35,64" hai2="77,94,41,60,12,26,62,51,107,120,91,23,16" hai3="45,15,112,36,106,104,1,103,11,111,87,115,52"/><V65/><F107/><W99/><G111/><T21/><D131/><U117/><E35/><V10/><F77/><W88/><G1/><T47/><D29/><U33/><E33/><V92/><F120/><W17/><G106/><T114/><D114/><N who="3" m="43561" /><G36/><T39/><D39/><U109/><E109/><V86/><F94/><N who="3" m="54559" /><G52/><N who="0" m="29727" /><D98/><U96/><E96/><V34/><F34/><W13/><G13/><T130/><D130/><U113/><E113/><V9/><F9/><W32/><G32/><T67/><D67/><U71/><E71/><V129/><F129/><W43/><G45/><T58/><D58/><U124/><E122/><V66/><F51/><W18/><G43/><T22/><D22/><U57/><E124/><V123/><F41/><W59/><G59/><T4/><D4/><AGARI ba="0,0" hai="4,11,15,17,18,99,103,104" m="54559,43561" machi="4" ten="30,7700,0" yaku="15,1,11,1,52,1,54,1" doraHai="97" who="3" fromWho="0" sc="274,-77,134,0,423,0,169,77" /><INIT seed="7,0,0,5,2,16" ten="197,134,423,246" oya="3" hai0="114,38,66,87,93,43,117,56,89,119,123,11,101" hai1="67,69,80,82,122,118,109,14,84,28,49,113,127" hai2="20,10,24,83,86,104,33,77,0,81,34,30,70" hai3="110,121,62,12,106,74,31,79,15,21,130,48,60"/><W112/><G106/><T71/><D71/><U4/><E69/><V135/><F70/><W75/><G121/><T46/><D123/><U42/><E122/><V1/><F135/><W96/><G112/><T128/><D114/><U116/><E113/><V124/><F124/><W47/><G130/><T22/><D128/><U103/><E109/><V25/><F34/><W59/><G96/><T95/><D11/><U23/><E127/><V51/><F10/><W26/><G110/><T36/><D36/><U92/><E116/><V120/><F120/><W94/><G94/><T126/><D126/><U107/><E107/><V88/><F104/><W58/><G79/><T55/><D66/><U2/><E2/><V65/><F65/><N who="3" m="39063" /><G75/><T90/><D101/><U73/><E73/><V6/><F6/><W41/><G74/><T61/><D22/><U19/><E118/><V27/><F27/><W17/><G17/><T7/><D7/><U115/><E115/><V45/><F81/><W39/><G39/><T76/><D76/><U78/><E80/><V13/><F13/><W100/><G100/><T8/><D8/><U35/><E35/><V63/><F63/><W129/><G129/><T91/><D91/><U108/><E108/><V85/><F85/><AGARI ba="0,0" hai="38,43,46,55,56,61,85,87,89,90,93,95,117,119" machi="85" ten="30,2000,0" yaku="7,1,9,1" doraHai="16" who="0" fromWho="2" sc="197,20,134,0,423,-20,246,0" owari="217,-18.0,134,-37.0,403,50.0,246,5.0" /></mjloggm>