<mjloggm ver="2.3"><GO type="169" lobby="0"/><UN n0="%E9%A2%A8%E6%B4%A5%E9%81%93" n1="%E3%82%88%E3%82%8D%E3%81%97%E3%81%8F%E3%81%A7%E3%81%99%E2%99%AA" n2="%E3%81%A1%E3%82%87%E3%82%8A%E3%81%8A" n3="%E6%84%9B%E5%AE%95%E6%B4%8B%E6%A6%8E%E2%98%85" dan="16,17,16,16" rate="2092.31,2074.79,2101.34,2153.53" sx="M,F,M,F"/><TAIKYOKU oya="0"/><INIT seed="0,0,0,3,1,43" ten="250,250,250,250" oya="0" hai0="49,61,48,75,100,84,25,119,57,93,31,52,5" hai1="74,36,9,67,68,19,77,73,66,22,41,4,65" hai2="29,34,55,27,7,85,114,76,91,50,2,110,26" hai3="51,108,53,115,94,23,56,95,63,44,96,15,86"/><T8/><D75/><U128/><E128/><V109/><F114/><W39/><G108/><T111/><D119/><U18/><E68/><V99/><F76/><W117/><G115/><T3/><D111/><U45/><E22/><V90/><F26/><W33/><G117/><T135/><D135/><U60/><E60/><V112/><F112/><W71/><G33/><T70/><D70/><U124/><E124/><V97/><F7/><W12/><G86/><T131/><D131/><U0/><REACH who="1" step="1"/><E74/><REACH who="1" ten="250,240,250,250" step="2"/><V28/><F109/><W81/><G71/><T98/><REACH who="0" step="1"/><D84/><REACH who="0" ten="240,240,250,250" step="2"/><U104/><E104/><V89/><F110/><W102/><G96/><T129/><D129/><U113/><E113/><V17/><F97/><W64/><G102/><T127/><D127/><U37/><E37/><V103/><F103/><W121/><G39/><T107/><D107/><U106/><E106/><V35/><F99/><W125/><G125/><T92/><D92/><U69/><E69/><V87/><F85/><W30/><G121/><T54/><D54/><U116/><E116/><V83/><F87/><W72/><G72/><T105/><D105/><U82/><AGARI ba="0,2" hai="0,4,9,18,19,36,41,45,65,66,67,73,77,82" machi="82" ten="30,8000,1" yaku="1,1,0,1,25,2,52,1,53,0" doraHai="43" doraHaiUra="132" who="1" fromWho="1" sc="240,-40,240,100,250,-20,250,-20" /><INIT seed="1,0,0,4,3,119" ten="200,340,230,230" oya="1" hai0="98,4,24,117,121,18,69,8,52,36,102,55,103" hai1="79,77,106,87,91,101,41,85,23,125,133,83,131" hai2="32,7,66,6,46,56,61,67,54,104,68,115,122" hai3="16,96,129,47,134,92,110,123,97,90,109,126,42"/><U30/><E41/><V19/><F104/><W86/><G134/><T53/><D117/><U70/><E70/><V107/><F107/><W81/><G129/><T28/><D36/><U71/><E71/><V49/><F32/><W26/><G126/><T59/><D69/><U2/><E2/><V48/><F115/><W132/><G132/><T65/><D18/><U64/><E133/><V89/><F67/><W88/><G123/><T60/><D121/><U82/><E64/><V112/><F112/><W124/><G124/><T29/><D98/><N who="1" m="61751" /><E23/><V1/><F1/><W135/><G135/><T25/><D28/><U58/><E58/><V13/><F89/><W5/><G5/><T9/><D9/><U63/><E63/><V118/><F118/><W127/><G127/><T84/><D84/><N who="1" m="50591" /><E30/><V99/><F122/><W95/><G47/><T108/><D108/><U45/><E45/><V57/><F99/><W76/><G42/><T39/><D39/><U50/><E50/><V62/><F68/><W80/><G80/><T27/><REACH who="0" step="1"/><D29/><REACH who="0" ten="190,340,230,230" step="2"/><U43/><E125/><V74/><F74/><W14/><G26/><T100/><D100/><U93/><E131/><V51/><F46/><W111/><G109/><T114/><D114/><U11/><E11/><AGARI ba="0,1" hai="6,7,11,13,19,48,49,51,54,56,57,61,62,66" machi="11" ten="40,1300,0" yaku="8,1" doraHai="119" who="2" fromWho="1" sc="190,0,340,-13,230,23,230,0" /><AGARI ba="0,0" hai="11,14,16,76,81,86,88,90,92,95,96,97,110,111" machi="11" ten="40,5200,0" yaku="9,1,54,2" doraHai="119" who="3" fromWho="1" sc="190,0,327,-52,253,0,230,52" /><INIT seed="2,0,0,2,1,116" ten="190,275,253,282" oya="2" hai0="43,1,51,19,91,109,106,72,55,40,97,103,135" hai1="24,9,58,39,112,2,121,90,20,120,70,16,114" hai2="134,108,30,65,117,29,85,68,86,87,132,95,56" hai3="60,111,67,92,64,74,122,11,41,49,76,75,42"/><V15/><F117/><W84/><G122/><N who="1" m="47210" /><E70/><V48/><F68/><W22/><G111/><T115/><D1/><U96/><E39/><V14/><F108/><W35/><G35/><T5/><D5/><N who="1" m="1207" /><E58/><V123/><F95/><AGARI ba="0,0" hai="16,20,24,90,95,96,112,114" m="1207,47210" machi="95" ten="30,8000,1" yaku="13,1,52,3,54,1" doraHai="116" who="1" fromWho="2" sc="190,0,275,80,253,-80,282,0" /><INIT seed="3,0,0,4,1,9" ten="190,355,173,282" oya="3" hai0="20,70,30,63,111,74,103,50,47,7,89,80,59" hai1="106,118,33,97,113,68,88,28,102,110,132,116,124" hai2="90,17,73,66,99,82,130,134,77,41,51,29,84" hai3="14,105,32,12,25,43,54,79,48,37,61,55,71"/><W133/><G105/><T53/><D111/><U125/><E113/><V39/><F39/><W75/><G55/><T31/><D70/><U127/><E110/><V26/><F130/><W83/><G133/><T112/><D112/><U93/><E68/><V6/><F134/><W18/><G37/><T35/><D35/><U131/><E132/><V8/><F66/><W52/><G43/><T96/><D7/><U4/><E4/><V69/><F69/><W92/><G92/><T3/><D3/><U109/><E109/><V114/><F99/><W62/><G62/><T56/><D56/><U98/><E131/><V65/><F65/><W119/><G119/><N who="1" m="45610" /><E28/><V27/><F17/><W76/><G76/><T67/><D30/><U5/><E5/><V58/><F114/><W128/><G128/><T16/><D31/><U72/><E33/><V123/><F123/><W60/><G60/><T94/><D74/><AGARI ba="0,0" hai="72,74,88,93,97,98,102,106,124,125,127" m="45610" machi="74" ten="40,8000,1" yaku="18,1,12,1,34,2,54,1" doraHai="9" who="1" fromWho="0" sc="190,-80,355,80,173,0,282,0" /><INIT seed="4,0,0,5,0,60" ten="110,435,173,282" oya="0" hai0="71,104,30,28,132,32,9,86,106,119,133,52,82" hai1="97,135,63,103,53,111,66,25,80,14,42,8,74" hai2="108,2,13,3,16,26,107,23,57,123,11,120,87" hai3="76,43,45,5,34,62,17,117,91,58,128,38,44"/><T40/><D119/><U90/><E111/><V100/><F108/><W33/><G128/><T0/><D71/><U101/><E135/><N who="0" m="51785" /><D40/><U27/><E42/><V124/><F107/><N who="0" m="41002" /><D32/><U109/><E109/><V64/><F100/><W51/><G117/><T94/><D94/><U118/><E53/><V15/><F124/><W79/><G33/><T89/><D52/><U46/><E118/><V49/><F13/><W115/><G34/><T54/><D54/><U88/><E46/><V31/><F49/><W36/><G51/><T105/><N who="0" m="41010" /><T70/><DORA hai="73" /><D70/><U41/><E41/><V39/><F39/><W1/><G45/><T50/><D50/><U99/><E103/><V131/><F131/><W81/><G38/><T12/><D0/><U84/><E101/><V96/><F96/><W112/><G58/><T75/><D75/><U77/><E99/><V37/><F37/><W47/><G47/><T10/><D10/><U102/><E102/><V65/><F2/><W134/><G44/><T98/><D98/><U20/><E97/><V29/><F3/><W55/><G55/><T114/><D114/><U113/><E113/><V83/><F57/><W125/><G43/><T35/><D35/><U126/><E74/><V48/><F48/><W85/><G36/><T130/><D130/><U7/><E8/><V21/><F120/><W22/><G134/><T110/><D110/><U59/><E59/><V129/><F123/><W19/><G115/><T4/><AGARI ba="0,0" hai="4,9,12,28,30,82,86,89" m="41010,51785" machi="4" ten="50,2400,0" yaku="20,1" doraHai="60,73" who="0" fromWho="0" sc="110,24,435,-8,173,-8,282,-8" /><INIT seed="4,1,0,2,5,116" ten="134,427,165,274" oya="0" hai0="8,61,91,124,102,133,107,41,33,85,5,81,35" hai1="90,101,83,13,23,114,49,24,10,34,98,67,52" hai2="56,27,44,113,100,53,108,134,69,30,18,38,86" hai3="94,28,89,57,120,25,16,92,48,88,51,62,104"/><T122/><D133/><U87/><E34/><V80/><F108/><W66/><G104/><T95/><D107/><U126/><E126/><V121/><F69/><W40/><G120/><T59/><D124/><U36/><E36/><V112/><F100/><W17/><G28/><T110/><D110/><U21/><E67/><V135/><F18/><N who="3" m="7275" /><G25/><T22/><D22/><N who="1" m="8203" /><E114/><N who="2" m="44139" /><F121/><W115/><G115/><T3/><D122/><U106/><E106/><V71/><F71/><W19/><N who="3" m="7283" /><W55/><DORA hai="96" /><G40/><T42/><D33/><U105/><E105/><V129/><F129/><W103/><G103/><T9/><D9/><U68/><E68/><V1/><F1/><W99/><G66/><T78/><D35/><U39/><E39/><V76/><F27/><W7/><G7/><T45/><D45/><N who="1" m="27695" /><E24/><V109/><F30/><W132/><G132/><N who="2" m="50729" /><F109/><W123/><G123/><T60/><D102/><U15/><E10/><V127/><F127/><W11/><G11/><T31/><D31/><U74/><E74/><V117/><F117/><W75/><G75/><T84/><REACH who="0" step="1"/><D61/><REACH who="0" ten="124,427,165,274" step="2"/><U97/><E101/><V0/><F44/><W47/><G47/><T50/><D50/><U125/><E125/><V130/><F38/><W4/><G4/><T65/><AGARI ba="1,1" hai="3,5,8,41,42,59,60,65,78,81,84,85,91,95" machi="65" ten="20,12000,1" yaku="1,1,0,1,7,1,53,2" doraHai="116,96" doraHaiUra="37,128" who="0" fromWho="0" sc="124,133,427,-41,165,-41,274,-41" /><INIT seed="4,2,0,4,3,94" ten="257,386,124,233" oya="0" hai0="104,43,11,2,99,97,117,59,54,28,73,105,88" hai1="13,33,118,16,67,71,45,46,84,77,128,4,83" hai2="113,1,116,92,47,111,8,85,100,63,70,101,60" hai3="9,6,14,39,24,15,23,27,38,25,49,75,129"/><T5/><D117/><U48/><E118/><V65/><F111/><W18/><G75/><T82/><D43/><U107/><E33/><V124/><F116/><W19/><G129/><T74/><D28/><U125/><E125/><V53/><F124/><W56/><G49/><T108/><D108/><U12/><E107/><V130/><F130/><W0/><REACH who="3" step="1"/><G56/><REACH who="3" ten="257,386,124,223" step="2"/><T90/><D73/><U95/><E48/><V35/><F47/><W86/><G86/><T64/><D74/><U57/><E57/><V123/><F85/><W98/><G98/><T102/><D99/><U132/><E46/><V7/><F63/><W120/><G120/><T109/><D109/><U44/><E44/><V131/><F123/><W133/><G133/><T30/><D59/><U127/><E45/><V106/><F131/><W17/><G17/><T50/><D50/><U55/><E128/><V112/><F113/><W3/><G3/><T29/><D2/><U121/><E132/><V96/><F112/><W69/><G69/><T87/><D97/><U42/><E121/><V37/><F37/><W76/><G76/><T26/><D87/><U22/><E127/><V135/><F135/><W79/><G79/><T72/><D72/><U91/><E77/><V115/><F115/><W93/><G93/><T32/><D105/><U110/><E95/><V62/><F106/><W10/><AGARI ba="2,1" hai="0,6,9,10,14,15,18,19,23,24,25,27,38,39" machi="10" ten="30,2000,0" yaku="1,1,0,1,53,0" doraHai="94" doraHaiUra="89" who="3" fromWho="3" sc="257,-12,386,-7,124,-7,223,36" /><INIT seed="5,0,0,4,2,63" ten="245,379,117,259" oya="1" hai0="66,33,48,128,22,97,7,13,89,110,119,14,80" hai1="124,113,51,62,24,91,73,74,71,75,30,2,76" hai2="125,82,5,118,123,126,83,86,99,40,55,122,57" hai3="21,85,42,6,29,100,98,116,130,1,87,84,27"/><U104/><E2/><V4/><F40/><W12/><G130/><T64/><D33/><U11/><E113/><V78/><F118/><W9/><G116/><T129/><D119/><U94/><E104/><V131/><F131/><N who="0" m="50250" /><D110/><U112/><E112/><V102/><F5/><W93/><G42/><T32/><D32/><U38/><E38/><V135/><F4/><W8/><REACH who="3" step="1"/><G8/><REACH who="3" ten="245,379,117,249" step="2"/><N who="0" m="4255" /><D48/><U41/><E11/><V90/><F135/><W50/><G50/><T10/><D10/><U65/><E51/><V127/><F55/><W107/><G107/><T105/><D105/><U17/><E41/><V49/><F49/><W77/><G77/><T81/><D97/><U134/><E134/><V61/><F61/><W44/><G44/><T34/><D34/><U108/><E76/><V37/><F37/><W59/><G59/><T46/><D46/><U101/><E62/><V121/><F57/><W15/><AGARI ba="0,1" hai="1,6,9,12,15,21,27,29,84,85,87,93,98,100" machi="15" ten="30,2000,0" yaku="1,1,0,1,53,0" doraHai="63" doraHaiUra="70" who="3" fromWho="3" sc="245,-5,379,-10,117,-5,249,30" /><INIT seed="6,0,0,1,5,10" ten="240,369,112,279" oya="2" hai0="82,71,2,92,37,112,105,107,121,42,66,72,119" hai1="79,101,85,21,111,29,9,48,104,26,62,6,93" hai2="125,44,109,15,70,22,11,17,94,84,134,50,20" hai3="34,113,78,95,88,115,68,36,7,45,96,122,59"/><V5/><F70/><W57/><G122/><T61/><D92/><U132/><E111/><V40/><F109/><W53/><G68/><T73/><D121/><U103/><E104/><V25/><F134/><W16/><G34/><T51/><D51/><U23/><E132/><V76/><F125/><W27/><G7/><T24/><D112/><N who="3" m="43081" /><G78/><T81/><D119/><U30/><E62/><V38/><F38/><W108/><G108/><T127/><D127/><U28/><E48/><V8/><F94/><W43/><G53/><T52/><D52/><U99/><E103/><V12/><REACH who="2" step="1"/><F25/><REACH who="2" ten="240,369,102,279" step="2"/><W135/><G135/><T80/><D24/><U3/><E26/><V33/><F33/><W31/><G31/><T55/><D107/><U1/><E30/><V117/><F117/><W90/><G90/><T89/><D105/><U58/><E29/><V64/><F64/><W54/><G54/><T75/><D89/><U100/><E28/><V102/><F102/><W74/><G74/><T19/><D55/><U69/><E69/><V123/><F123/><W131/><G131/><T4/><D37/><U65/><E101/><V18/><F18/><W32/><G32/><T63/><D19/><U14/><E65/><V130/><F130/><W67/><G67/><T46/><D66/><U13/><E100/><V98/><F98/><W114/><G114/><T41/><D71/><U56/><E99/><V60/><F60/><W128/><G128/><T91/><D91/><U106/><E106/><V118/><F118/><W129/><G129/><T87/><D61/><U47/><E93/><V124/><F124/><RYUUKYOKU ba="0,1" sc="240,-15,369,-15,102,15,279,15" hai2="5,8,11,12,15,17,20,22,40,44,50,76,84" hai3="16,27,36,43,45,57,59,88,95,96" /><INIT seed="6,1,1,0,1,132" ten="225,354,117,294" oya="2" hai0="50,55,48,103,60,135,61,102,106,63,88,91,134" hai1="49,118,99,67,87,126,86,77,80,7,35,26,34" hai2="14,16,28,119,13,46,38,129,133,75,94,130,85" hai3="2,25,96,90,33,68,131,32,81,11,124,109,83"/><V44/><F75/><W100/><G109/><T54/><REACH who="0" step="1"/><D61/><REACH who="0" ten="215,354,117,294" step="2"/><U112/><E118/><V57/><F133/><W9/><G131/><N who="2" m="50185" /><F119/><W114/><G114/><T22/><D22/><U70/><E112/><V31/><F57/><W111/><G33/><T66/><D66/><U65/><E65/><V42/><F46/><W78/><G32/><T125/><D125/><U79/><E126/><V113/><F113/><W6/><G124/><T101/><D101/><U18/><E35/><V104/><F104/><AGARI ba="1,2" hai="48,50,54,55,60,63,88,91,102,103,104,106,134,135" machi="104" ten="25,8000,1" yaku="21,2,22,2,54,1,53,0" doraHai="132" doraHaiUra="4" who="0" fromWho="2" sc="215,103,354,0,117,-83,294,0" /><INIT seed="7,0,0,2,2,101" ten="318,354,34,294" oya="3" hai0="115,65,37,122,33,30,75,29,91,1,43,97,81" hai1="111,62,53,104,39,71,50,124,72,61,89,70,6" hai2="68,100,126,123,8,66,88,9,116,80,10,121,58" hai3="84,52,55,131,64,12,94,134,99,69,114,109,87"/><W40/><G114/><T67/><D122/><U79/><E111/><V127/><F116/><W95/><G134/><T135/><D1/><U24/><E104/><V119/><F119/><W107/><G131/><T108/><D108/><U86/><E39/><V46/><F68/><W77/><G109/><T125/><D135/><U93/><E124/><N who="2" m="47659" /><F46/><W36/><G107/><T130/><D125/><U113/><E113/><V11/><N who="2" m="2048" /><DORA hai="38" /><V63/><F100/><W26/><G95/><T22/><D130/><U129/><E129/><V90/><F80/><W128/><G128/><T17/><D43/><U28/><E6/><V4/><F4/><W74/><G26/><T47/><D47/><N who="1" m="27871" /><E71/><V102/><F102/><W120/><G12/><T7/><D37/><U82/><E70/><V45/><F45/><W78/><G120/><AGARI ba="0,0" hai="58,63,66,88,90,120,121,123" m="2048,47659" machi="120" ten="50,6400,0" yaku="13,1,18,1,54,1" doraHai="101,38" who="2" fromWho="3" sc="318,0,354,0,34,64,294,-64" owari="318,12.0,354,45.0,98,-40.0,230,-17.0" /></mjloggm>