<mjloggm ver="2.3"><GO type="169" lobby="0"/><UN n0="%E9%A6%AC%E9%BE%8D%6C%65%66%74" n1="%E3%82%A4%E3%83%8E%E3%82%A6%E3%82%A8%E3%82%AB%E3%82%BA%E3%83%9E" n2="%68%61%69%6A%69%6E%35%35" n3="%E3%82%B3%E3%81%98%E3%81%95%E3%82%93%EF%BC%9F" dan="16,17,17,18" rate="2065.30,2213.74,2260.47,2230.73" sx="M,M,M,M"/><TAIKYOKU oya="0"/><INIT seed="0,0,0,4,0,114" ten="250,250,250,250" oya="0" hai0="92,59,95,38,88,47,123,125,115,32,101,26,132" hai1="103,34,49,111,22,99,131,18,69,41,45,104,76" hai2="85,40,8,106,42,58,107,105,4,83,23,28,82" hai3="64,93,100,122,55,37,31,60,68,39,71,124,121"/><T21/><D115/><U30/><E69/><V79/><F58/><W119/><G31/><T43/><D125/><U97/><E111/><V9/><F82/><W19/><G124/><T7/><D132/><U126/><E126/><V77/><F77/><W48/><G19/><T25/><D123/><N who="3" m="47113" /><G93/><T135/><D135/><U52/><E131/><V66/><F66/><N who="3" m="41031" /><G100/><T46/><D7/><U33/><E30/><V15/><F28/><W130/><G130/><T5/><D32/><U109/><E109/><V6/><REACH who="2" step="1"/><F23/><REACH who="2" ten="250,250,240,250" step="2"/><W3/><G64/><T1/><D21/><U129/><E129/><V73/><F73/><W11/><G71/><T75/><D75/><U81/><E81/><V24/><F24/><W98/><G39/><T120/><D26/><U117/><E76/><V89/><F89/><W108/><G37/><T17/><D25/><U134/><E22/><V70/><F70/><W74/><G74/><T53/><D38/><U63/><E33/><V27/><F27/><W35/><G108/><T57/><D88/><U65/><E34/><V54/><F54/><W12/><G35/><T90/><D53/><U84/><E52/><V102/><F102/><W118/><G98/><T87/><D101/><U116/><E99/><V29/><F29/><W20/><G20/><T113/><D59/><N who="1" m="37119" /><E134/><V13/><AGARI ba="0,1" hai="4,6,8,9,13,15,40,42,79,83,85,105,106,107" machi="13" ten="30,4000,0" yaku="1,1,0,1,9,1,53,0" doraHai="114" doraHaiUra="62" who="2" fromWho="2" sc="250,-20,250,-10,240,50,250,-10" /><INIT seed="1,0,0,0,1,76" ten="230,240,290,240" oya="1" hai0="100,9,121,105,73,34,57,134,13,90,12,97,129" hai1="55,53,22,6,48,92,2,35,86,10,50,78,80" hai2="122,64,30,20,98,42,103,40,81,114,89,127,17" hai3="46,24,101,87,58,49,66,102,51,83,104,77,93"/><U133/><E35/><V85/><F122/><W125/><G125/><T36/><D121/><U27/><E133/><V130/><F127/><W75/><G104/><T62/><D134/><U68/><E68/><V26/><F130/><W91/><G24/><T67/><D129/><U3/><E92/><V54/><F114/><W21/><G21/><T119/><D119/><U108/><E108/><V128/><F128/><W61/><REACH who="3" step="1"/><G51/><REACH who="3" ten="230,240,290,230" step="2"/><T41/><D34/><U95/><E50/><V39/><F39/><W8/><G8/><T44/><D9/><U131/><E131/><V96/><F30/><W56/><G56/><T33/><D33/><U47/><E22/><V0/><F26/><W23/><G23/><T126/><D126/><U115/><E27/><V7/><F20/><W120/><G120/><T123/><D123/><U37/><E37/><V4/><F0/><W29/><G29/><T88/><REACH who="0" step="1"/><D73/><REACH who="0" ten="220,240,290,230" step="2"/><U69/><E10/><V132/><F132/><W118/><G118/><T113/><D113/><U84/><E115/><V25/><F25/><W110/><G110/><T28/><D28/><U65/><E3/><V1/><F1/><W60/><G60/><T71/><D71/><U19/><E69/><V5/><F4/><W70/><G70/><T18/><D18/><U79/><E19/><V111/><F17/><W43/><AGARI ba="0,2" hai="43,46,49,58,61,66,75,77,83,87,91,93,101,102" machi="43" ten="20,8000,1" yaku="1,1,0,1,7,1,52,1,53,1" doraHai="76" doraHaiUra="107" who="3" fromWho="3" sc="220,-20,240,-40,290,-20,230,100" /><INIT seed="2,0,0,4,1,76" ten="200,200,270,330" oya="2" hai0="51,107,89,117,126,92,101,46,35,66,98,28,25" hai1="105,68,84,57,70,63,102,0,131,134,13,33,11" hai2="79,99,56,50,1,100,5,21,45,114,37,64,3" hai3="125,81,53,43,116,6,91,44,120,69,15,111,77"/><V60/><F114/><W74/><G116/><T12/><D117/><U133/><E0/><V8/><F37/><W29/><G120/><T72/><D126/><U82/><E33/><V41/><F21/><W123/><G123/><T26/><D72/><U10/><E131/><V87/><F79/><W47/><G69/><T55/><D25/><U52/><E102/><V2/><REACH who="2" step="1"/><F87/><REACH who="2" ten="200,200,260,330" step="2"/><W31/><G125/><T65/><REACH who="0" step="1"/><D12/><REACH who="0" ten="190,200,260,330" step="2"/><U62/><E13/><V132/><F132/><W14/><G14/><T9/><D9/><U96/><E11/><V40/><F40/><W106/><G43/><T122/><D122/><U75/><E10/><V61/><F61/><W103/><G15/><T22/><D22/><U54/><E75/><V128/><F128/><W124/><G74/><T18/><D18/><U86/><E134/><V38/><F38/><W39/><G39/><T135/><D135/><U23/><E23/><V94/><AGARI ba="0,2" hai="1,2,3,5,8,41,45,50,56,60,64,94,99,100" machi="94" ten="20,3900,0" yaku="1,1,0,1,7,1,53,0" doraHai="76" doraHaiUra="109" who="2" fromWho="2" sc="190,-13,200,-13,260,59,330,-13" /><INIT seed="2,1,0,5,2,118" ten="177,187,319,317" oya="2" hai0="133,113,29,122,132,86,25,26,8,57,70,9,125" hai1="105,74,88,77,28,109,67,16,23,103,95,98,45" hai2="72,2,12,15,120,71,30,119,114,59,64,130,63" hai3="75,13,52,50,94,84,36,6,97,40,128,24,121"/><V51/><F119/><W17/><G128/><T1/><D70/><U34/><E109/><V49/><F2/><W106/><G75/><T87/><D113/><U31/><E34/><V7/><F72/><W22/><G121/><T96/><D96/><U20/><E20/><V102/><F102/><W65/><G65/><T32/><D125/><U41/><E67/><V56/><F30/><W111/><G111/><T110/><D110/><U21/><E21/><V4/><F114/><W79/><G106/><T58/><D29/><U112/><E112/><V53/><F130/><W42/><G36/><T92/><D92/><U47/><E47/><V44/><F120/><W91/><G79/><T38/><D38/><U108/><E108/><V61/><F71/><W78/><G78/><T68/><D68/><U66/><E66/><V93/><F93/><W46/><G97/><T37/><D37/><U129/><E129/><V81/><F81/><W134/><G134/><T131/><D131/><U127/><E127/><V115/><F115/><W124/><G124/><T14/><D14/><N who="2" m="5162" /><F63/><W55/><REACH who="3" step="1"/><G42/><AGARI ba="1,0" hai="4,7,42,44,49,51,53,56,59,61,64" m="5162" machi="42" ten="30,1500,0" yaku="8,1" doraHai="118" who="2" fromWho="3" sc="177,0,187,0,319,18,317,-18" /><INIT seed="2,2,0,5,3,27" ten="177,187,337,299" oya="2" hai0="25,73,8,47,134,130,129,9,135,23,83,124,18" hai1="37,7,71,17,39,68,40,42,114,123,98,133,90" hai2="62,94,22,54,88,57,16,105,75,128,46,10,38" hai3="91,117,12,99,2,34,29,45,132,84,64,67,74"/><V78/><F105/><W95/><G117/><T102/><D102/><U93/><E114/><V126/><F128/><N who="0" m="49258" /><D47/><U28/><E7/><V86/><F126/><W100/><G2/><T80/><D80/><U41/><E133/><N who="0" m="50697" /><D124/><U119/><E119/><V30/><F75/><W109/><G109/><T76/><AGARI ba="2,0" hai="8,9,18,23,25,73,76,83" m="50697,49258" machi="76" ten="40,2700,0" yaku="19,1,20,1" doraHai="27" who="0" fromWho="0" sc="177,33,187,-9,337,-15,299,-9" /><INIT seed="3,0,0,1,3,117" ten="210,178,322,290" oya="3" hai0="99,56,115,71,135,21,63,39,55,126,96,24,51" hai1="1,17,118,106,25,77,88,43,72,73,52,13,6" hai2="86,113,127,62,110,105,40,93,132,85,75,78,57" hai3="60,90,8,81,9,22,29,12,42,128,0,66,103"/><W33/><G33/><T28/><D126/><U14/><E106/><V79/><F110/><W30/><G128/><T116/><D135/><U130/><E43/><V47/><F127/><W64/><G0/><T38/><D115/><U3/><E130/><V83/><F132/><W19/><G103/><T10/><D116/><U11/><E118/><V124/><F105/><W95/><G42/><T125/><D125/><U23/><E72/><V100/><F113/><W109/><G109/><T89/><D10/><N who="3" m="4201" /><G81/><T104/><D89/><U32/><E77/><V48/><F124/><W31/><G60/><T101/><REACH who="0" step="1"/><D96/><AGARI ba="0,0" hai="12,19,22,29,30,31,64,66,90,95,96" m="4201" machi="96" ten="30,1500,0" yaku="8,1" doraHai="117" who="3" fromWho="0" sc="210,-15,178,0,322,0,290,15" /><INIT seed="3,1,0,2,1,87" ten="195,178,322,305" oya="3" hai0="17,12,126,5,96,7,88,105,24,62,2,47,86" hai1="131,103,37,39,115,3,54,80,109,124,8,112,120" hai2="15,89,129,125,49,114,85,31,59,28,25,99,101" hai3="22,121,122,4,110,75,9,45,84,70,63,118,58"/><W6/><G118/><T43/><D126/><U36/><E120/><V30/><F114/><W133/><G75/><T73/><D73/><U60/><E124/><V108/><F108/><W14/><G70/><T11/><D2/><U41/><E103/><V66/><F129/><W40/><G110/><T123/><D123/><U46/><E109/><V117/><F117/><W0/><G133/><T78/><D78/><U128/><E80/><V79/><F79/><W65/><G84/><T106/><D62/><U19/><E19/><V94/><F15/><W69/><G69/><T56/><D56/><N who="1" m="34839" /><E8/><V32/><F125/><W10/><REACH who="3" step="1"/><G22/><REACH who="3" ten="195,178,322,295" step="2"/><T44/><D96/><U127/><E127/><V48/><F32/><W113/><G113/><N who="1" m="43594" /><E3/><V97/><F97/><W119/><G119/><T134/><D134/><U104/><E104/><V26/><F99/><W1/><G1/><T67/><D105/><U74/><E74/><V55/><F85/><W35/><G35/><T90/><D106/><U81/><E81/><V53/><F101/><W16/><G16/><T71/><D86/><U27/><E131/><V61/><F30/><W21/><G21/><N who="0" m="13359" /><D7/><U100/><E100/><V130/><F130/><W102/><G102/><T92/><D92/><U83/><E83/><V132/><F132/><W93/><G93/><T42/><D71/><U13/><E128/><V116/><F116/><W23/><G23/><T38/><D67/><U111/><E111/><V33/><F66/><W52/><G52/><T34/><D34/><U29/><E29/><V91/><F55/><W98/><G98/><T50/><AGARI ba="1,1" hai="5,11,12,38,42,43,44,47,50,88,90" m="13359" machi="50" ten="30,7900,0" yaku="5,1,52,2,54,1" doraHai="87" who="0" fromWho="0" sc="195,92,178,-21,322,-21,295,-40" /><INIT seed="4,0,0,5,1,81" ten="287,157,301,255" oya="0" hai0="96,94,105,68,7,32,1,70,17,101,124,77,45" hai1="73,40,79,26,14,120,9,15,57,20,46,52,67" hai2="131,63,87,36,69,54,27,4,109,65,98,55,111" hai3="117,19,51,74,59,41,64,58,13,118,43,115,48"/><T89/><D124/><U30/><E120/><V121/><F121/><W31/><G74/><T47/><D32/><U85/><E67/><V5/><F131/><W28/><G13/><T6/><D77/><U75/><E75/><V132/><F132/><W83/><G83/><T92/><D105/><U97/><E73/><V126/><F126/><W110/><G64/><T53/><D1/><U35/><E97/><V60/><F36/><W80/><G80/><T50/><D45/><U61/><E35/><V103/><F27/><W76/><G19/><T49/><D49/><N who="1" m="26823" /><E79/><V108/><F87/><W125/><G76/><T3/><D17/><N who="1" m="8399" /><E15/><V135/><F135/><W99/><G99/><T78/><D78/><U23/><E23/><V0/><F0/><W122/><G125/><T18/><D18/><U102/><E102/><V38/><F38/><W112/><REACH who="3" step="1"/><G122/><REACH who="3" ten="287,157,301,245" step="2"/><T34/><D3/><U84/><AGARI ba="0,1" hai="20,26,30,52,57,61,84,85" m="8399,26823" machi="84" ten="30,7900,0" yaku="8,1,52,2,54,1" doraHai="81" who="1" fromWho="1" sc="287,-39,157,89,301,-20,245,-20" /><INIT seed="5,0,0,1,3,113" ten="248,246,281,225" oya="1" hai0="109,11,129,46,105,127,3,107,92,71,132,55,9" hai1="100,61,86,60,29,89,90,57,31,93,94,18,104" hai2="22,115,131,28,39,37,73,77,48,53,49,119,38" hai3="59,101,135,122,124,4,43,97,5,118,99,67,45"/><U40/><E40/><V102/><F102/><W17/><G122/><T134/><D71/><U13/><E104/><V111/><F28/><W52/><G124/><T120/><D109/><U110/><E100/><V74/><F22/><W21/><G135/><N who="0" m="51755" /><D120/><U83/><E110/><V12/><F12/><W103/><G67/><T44/><D127/><U79/><E94/><V0/><F0/><W96/><G118/><T121/><D121/><U58/><E58/><V16/><F111/><W126/><G126/><T20/><D3/><U87/><E79/><V27/><F77/><W63/><G101/><T108/><D108/><U78/><E78/><V10/><F10/><N who="0" m="3594" /><D55/><U88/><E89/><V117/><F115/><W64/><G64/><T7/><D7/><U15/><E61/><V56/><F131/><W75/><G75/><T6/><D6/><U47/><E47/><N who="0" m="17961" /><D20/><N who="1" m="11343" /><E15/><V130/><F130/><W51/><REACH who="3" step="1"/><G103/><REACH who="3" ten="248,246,281,215" step="2"/><T30/><D129/><U19/><E19/><V112/><F112/><W25/><AGARI ba="0,1" hai="4,5,17,21,25,43,45,51,52,59,63,96,97,99" machi="25" ten="30,8000,1" yaku="1,1,2,1,0,1,8,1,54,1,53,0" doraHai="113" doraHaiUra="76" who="3" fromWho="3" sc="248,-20,246,-40,281,-20,215,90" /><INIT seed="6,0,0,1,4,54" ten="228,206,261,305" oya="2" hai0="135,8,99,28,43,44,119,91,87,51,90,12,67" hai1="75,9,58,76,126,78,10,4,19,66,47,5,114" hai2="49,46,35,21,40,88,64,112,80,39,108,24,72" hai3="27,106,32,2,52,82,61,3,13,105,110,132,37"/><V41/><F112/><W74/><G110/><T50/><D135/><U89/><E114/><V122/><F108/><W60/><G37/><T109/><D119/><U100/><E126/><V101/><F35/><W31/><G132/><T127/><D127/><U30/><E30/><V118/><F118/><W86/><G74/><T17/><D109/><U38/><E100/><V11/><F122/><W68/><G68/><T45/><D28/><U63/><E19/><V73/><F101/><W113/><G61/><T34/><D34/><U22/><E22/><V95/><F64/><W98/><G13/><T77/><D99/><U42/><E89/><V15/><F80/><W111/><G111/><T26/><D26/><U79/><REACH who="1" step="1"/><E75/><REACH who="1" ten="228,196,261,305" step="2"/><V48/><F73/><W123/><G113/><T107/><D107/><U125/><E125/><V33/><F72/><W14/><G105/><T115/><D115/><U83/><E83/><V92/><F92/><W1/><G106/><T20/><D20/><U59/><E59/><V81/><F81/><W93/><G82/><N who="0" m="47567" /><D67/><U134/><E134/><V36/><F33/><W131/><G31/><T29/><D29/><U85/><E85/><N who="2" m="52623" /><F21/><W102/><G32/><T23/><D23/><U25/><E25/><V128/><F24/><W103/><G27/><T71/><D71/><U84/><E84/><V16/><F128/><W120/><G86/><T124/><D124/><U130/><E130/><V94/><F94/><N who="3" m="58711" /><G131/><T104/><D104/><U133/><E133/><V6/><F16/><W121/><G121/><T70/><D70/><U117/><E117/><V97/><F97/><RYUUKYOKU ba="0,1" sc="228,10,196,10,261,10,305,-30" hai0="8,12,17,43,44,45,50,51,90,91" hai1="4,5,9,10,38,42,47,58,63,66,76,78,79" hai2="6,11,15,36,39,40,41,46,48,49" /><INIT seed="6,1,1,4,4,10" ten="238,206,271,275" oya="2" hai0="45,119,8,134,19,54,15,42,125,74,2,99,16" hai1="81,52,44,70,14,37,29,60,132,115,107,79,34" hai2="103,47,46,31,63,30,21,92,102,114,18,26,39" hai3="0,123,35,72,127,7,83,88,49,128,97,101,59"/><V84/><F114/><W121/><G35/><T40/><D74/><U24/><E107/><V131/><F131/><W124/><G128/><T38/><D125/><N who="3" m="48201" /><G7/><T135/><D2/><U98/><E115/><V117/><F117/><W105/><G0/><T17/><D119/><U111/><E111/><V133/><F133/><N who="0" m="50698" /><D42/><U87/><E132/><V65/><F39/><W94/><G83/><T58/><D99/><U82/><E98/><V106/><F106/><W86/><G72/><T13/><D8/><U71/><E37/><V48/><F46/><W43/><G59/><T68/><D68/><U90/><E14/><V3/><F3/><W25/><G25/><T93/><D93/><U22/><E34/><V109/><F109/><W11/><G11/><T69/><D69/><U36/><E36/><V85/><F85/><W20/><G20/><T91/><D91/><U89/><E89/><N who="2" m="53287" /><F103/><W27/><G27/><T1/><D1/><U108/><E108/><V100/><F102/><W4/><G4/><T61/><AGARI ba="1,1" hai="13,15,16,17,19,38,40,45,54,58,61" m="50698" machi="61" ten="30,7900,0" yaku="20,1,52,2,54,1" doraHai="10" who="0" fromWho="0" sc="238,92,206,-21,271,-40,275,-21" /><INIT seed="7,0,0,5,4,101" ten="330,185,231,254" oya="3" hai0="127,17,72,77,114,64,11,59,41,110,120,118,45" hai1="129,30,134,85,94,48,38,122,61,69,36,29,123" hai2="73,113,96,50,19,46,135,24,3,42,12,28,7" hai3="116,53,70,82,97,108,0,51,54,63,49,80,89"/><W21/><G116/><T66/><D118/><U5/><E5/><V18/><F113/><W81/><G0/><T74/><D110/><U93/><E48/><V22/><F73/><W84/><G108/><T115/><D120/><U87/><E61/><V65/><F135/><W112/><G112/><N who="0" m="43051" /><D77/><U95/><E69/><V119/><F119/><W76/><G70/><T62/><D66/><U40/><E40/><V109/><F109/><W37/><G37/><N who="0" m="21679" /><D127/><U130/><REACH who="1" step="1"/><E95/><REACH who="1" ten="330,175,231,254" step="2"/><V55/><F65/><W90/><G63/><T103/><D64/><U31/><E31/><V78/><F42/><W98/><G51/><T16/><D62/><U34/><E34/><V128/><F128/><W88/><G49/><T56/><D17/><U2/><E2/><V92/><F3/><W102/><G54/><T71/><D16/><U125/><E125/><V4/><F19/><W111/><G111/><T60/><D60/><U107/><E107/><V121/><F121/><W13/><G53/><T79/><D71/><U32/><E32/><V100/><F78/><W10/><G76/><T35/><D79/><U131/><E131/><V124/><F124/><W6/><G6/><T83/><D35/><AGARI ba="0,1" hai="4,7,12,18,22,24,28,35,46,50,55,92,96,100" machi="35" ten="30,1000,0" yaku="7,1" doraHai="101" who="2" fromWho="0" sc="330,-10,175,0,231,20,254,0" owari="320,42.0,175,-32.0,251,-15.0,254,5.0" /></mjloggm>