<mjloggm ver="2.3"><GO type="169" lobby="0"/><UN n0="%E8%B0%B7%E5%8F%A3%E3%81%93%E3%81%86%E3%81%B8%E3%81%84" n1="%E3%81%AD%E3%81%8D%E3%81%9B%40" n2="%66%69%63%74%69%6F%6E" n3="%4D%41%43%4F%54%4F" dan="18,18,16,16" rate="2302.89,2232.41,2023.50,2086.30" sx="M,M,M,F"/><TAIKYOKU oya="0"/><INIT seed="0,0,0,4,4,39" ten="250,250,250,250" oya="0" hai0="13,122,120,35,68,3,11,52,80,42,89,133,23" hai1="17,1,30,119,107,63,135,28,29,10,41,67,48" hai2="74,111,86,79,22,132,20,75,129,0,87,54,15" hai3="134,57,93,27,43,124,125,101,103,108,56,31,110"/><T38/><D35/><U71/><E119/><V127/><F0/><W70/><G70/><T72/><D68/><U5/><E107/><V106/><F106/><W117/><G117/><T77/><D133/><U90/><E135/><V36/><F132/><W60/><G134/><T55/><D89/><U112/><E112/><V126/><F36/><W83/><G83/><T128/><D23/><U92/><E17/><V32/><F15/><W94/><G60/><T50/><D128/><U69/><E69/><V45/><F45/><W33/><G43/><T14/><D14/><U26/><E48/><V104/><F104/><W37/><G37/><T6/><D13/><U115/><E115/><V91/><F91/><W25/><G31/><T19/><D19/><U12/><E41/><V130/><F32/><AGARI ba="0,0" hai="25,27,32,33,56,57,93,94,101,103,108,110,124,125" machi="32" ten="25,1600,0" yaku="22,2" doraHai="39" who="3" fromWho="2" sc="250,0,250,0,250,-16,250,16" /><INIT seed="1,0,0,0,4,63" ten="250,250,234,266" oya="1" hai0="135,41,48,40,2,84,12,83,51,132,97,80,56" hai1="38,109,3,91,114,96,57,87,59,77,6,60,54" hai2="124,46,9,99,89,13,37,85,105,26,61,116,95" hai3="93,44,14,128,1,110,36,118,23,29,50,78,55"/><U27/><E114/><V68/><F116/><W4/><G118/><T108/><D2/><U53/><E38/><V18/><F124/><W73/><G110/><T35/><D35/><U15/><E109/><V131/><F131/><W24/><G1/><T90/><D108/><U20/><E3/><V21/><F37/><W127/><G128/><T43/><D12/><U94/><E6/><V111/><F111/><W134/><G127/><T42/><N who="0" m="10240" /><DORA hai="49" /><T112/><D112/><U130/><E15/><V62/><F46/><W70/><G70/><T47/><D47/><U25/><E130/><V119/><F119/><W123/><G123/><T32/><D32/><U121/><E121/><V16/><REACH who="2" step="1"/><F68/><REACH who="2" ten="250,250,224,266" step="2"/><W126/><G126/><T102/><D83/><N who="1" m="47599" /><E20/><V58/><F58/><W67/><G36/><T72/><D72/><U66/><E59/><V19/><F19/><W133/><G44/><T30/><D30/><U88/><E91/><V115/><F115/><W113/><G29/><T103/><D103/><AGARI ba="0,1" hai="9,13,16,18,21,26,61,62,85,89,95,99,103,105" machi="103" ten="40,2600,0" yaku="1,1,54,1,53,0" doraHai="63,49" doraHaiUra="74,45" who="2" fromWho="0" sc="250,-26,250,0,224,36,266,0" /><INIT seed="2,0,0,0,0,72" ten="224,250,260,266" oya="2" hai0="102,25,100,115,129,134,109,110,34,73,39,57,14" hai1="119,43,118,107,58,64,88,104,42,2,10,117,130" hai2="120,90,62,20,97,48,18,86,96,131,50,132,63" hai3="67,91,80,135,1,69,24,60,11,30,38,49,23"/><V17/><F120/><W125/><G38/><T77/><D39/><U55/><E64/><V98/><F132/><W133/><G125/><T16/><D115/><U112/><E112/><V99/><F131/><W85/><G49/><T114/><D114/><U93/><E130/><V79/><F79/><W3/><REACH who="3" step="1"/><G11/><REACH who="3" ten="224,250,260,256" step="2"/><T126/><D126/><U66/><E10/><V31/><F50/><W19/><G19/><T44/><D16/><U6/><E6/><V15/><F31/><W76/><G76/><T75/><D77/><U45/><E118/><V71/><F48/><W68/><G68/><T111/><D111/><U56/><E117/><V5/><F5/><W124/><G124/><T12/><D129/><U121/><E119/><V113/><F71/><W116/><G116/><T27/><D134/><AGARI ba="0,1" hai="1,3,23,24,30,60,67,69,80,85,91,133,134,135" machi="134" ten="40,2600,0" yaku="1,1,20,1,53,0" doraHai="72" doraHaiUra="7" who="3" fromWho="0" sc="224,-26,250,0,260,0,256,36" /><INIT seed="3,0,0,5,3,130" ten="198,250,260,292" oya="3" hai0="125,121,15,119,36,84,124,40,24,120,25,62,118" hai1="106,94,91,7,44,98,129,54,49,110,14,83,58" hai2="57,17,46,19,5,26,105,90,2,42,39,111,30" hai3="115,97,68,28,27,117,122,102,133,56,23,10,109"/><W43/><G115/><T31/><D84/><U61/><E110/><V64/><F105/><W70/><G117/><N who="0" m="44555" /><D62/><U89/><E129/><V22/><F111/><W13/><G109/><T127/><D40/><U37/><E37/><V41/><F41/><W79/><G79/><T123/><D36/><U101/><E83/><V86/><F5/><W35/><G122/><T99/><D99/><U59/><E106/><V29/><F2/><W34/><G43/><T87/><D87/><U88/><REACH who="1" step="1"/><E61/><REACH who="1" ten="198,240,260,292" step="2"/><V53/><F39/><W104/><G104/><T18/><D31/><U52/><E52/><V20/><F64/><W8/><G28/><T114/><D114/><U107/><E107/><V9/><F29/><W48/><G48/><T82/><D82/><U71/><E71/><V85/><F30/><W65/><G70/><T134/><D134/><U77/><E77/><V113/><F53/><W38/><G68/><T75/><D75/><U131/><E131/><V55/><F113/><W47/><G65/><T32/><D32/><U92/><E92/><V33/><F33/><W126/><G34/><T50/><D50/><U12/><E12/><V95/><F55/><W1/><G35/><T112/><D112/><U3/><E3/><V73/><F73/><W132/><G1/><T51/><D51/><U116/><E116/><V45/><F95/><W103/><G13/><T21/><AGARI ba="0,1" hai="15,18,21,24,25,120,121,123,124,125,127" m="44555" machi="21" ten="50,6400,0" yaku="18,1,34,2" doraHai="130" who="0" fromWho="0" sc="198,74,240,-16,260,-16,292,-32" /><INIT seed="4,0,0,1,0,97" ten="272,224,244,260" oya="0" hai0="29,108,126,47,39,70,90,96,14,11,88,107,116" hai1="2,51,83,34,104,31,60,3,99,80,85,35,26" hai2="38,118,32,102,41,44,15,89,134,119,79,65,77" hai3="130,125,73,30,124,75,81,25,92,101,46,135,12"/><T132/><D116/><N who="2" m="44586" /><F32/><W111/><G111/><T43/><D108/><U69/><E35/><V103/><F134/><W78/><G46/><T0/><D132/><U48/><E48/><V100/><F65/><W94/><G135/><T114/><D114/><U93/><E51/><V17/><F89/><W84/><G12/><T127/><D70/><U74/><E83/><V82/><F82/><W45/><G45/><T24/><D0/><U36/><E36/><V16/><F16/><W115/><G115/><T52/><D52/><U10/><E10/><AGARI ba="0,0" hai="10,15,17,38,41,44,77,79,100,102,103" m="44586" machi="10" ten="30,7700,0" yaku="12,1,52,3" doraHai="97" who="2" fromWho="1" sc="272,0,224,-77,244,77,260,0" /><INIT seed="5,0,0,0,3,103" ten="272,147,321,260" oya="1" hai0="89,19,66,13,40,133,90,14,78,130,17,65,117" hai1="61,30,88,2,7,9,67,50,113,64,33,18,32" hai2="1,12,26,114,8,71,51,99,73,20,21,86,107" hai3="74,4,84,15,123,27,101,29,110,93,44,54,23"/><U118/><E118/><V119/><F73/><W16/><G123/><T122/><D117/><U46/><E113/><V31/><F119/><W43/><G74/><T53/><D122/><U100/><E100/><V39/><F39/><W121/><G121/><T56/><D40/><U129/><E129/><V82/><F71/><W3/><G54/><T68/><D78/><U109/><E109/><V52/><F1/><W5/><G3/><T120/><D120/><U25/><E18/><V108/><F108/><W28/><G28/><T112/><D133/><U95/><E33/><V24/><F107/><W59/><G59/><T36/><D36/><U63/><E64/><N who="0" m="24681" /><D68/><U131/><E67/><V55/><F99/><W94/><G110/><T132/><D132/><U124/><E131/><V125/><F125/><W6/><G101/><T106/><D106/><U79/><E79/><N who="2" m="46431" /><F51/><N who="3" m="27039" /><G84/><T96/><D96/><U22/><E32/><V75/><F75/><W0/><G0/><T37/><D37/><U116/><E116/><V115/><F115/><W62/><G62/><N who="0" m="36111" /><D112/><U126/><E126/><V97/><F97/><W57/><G57/><T128/><D128/><U85/><REACH who="1" step="1"/><E124/><REACH who="1" ten="272,137,321,260" step="2"/><V42/><F114/><W60/><G4/><T34/><D34/><U87/><E87/><V127/><F127/><W76/><G5/><T47/><D130/><U80/><E80/><V58/><F31/><W134/><G76/><T69/><D69/><U70/><E70/><V72/><F72/><W102/><G6/><T91/><D19/><U104/><E104/><V11/><F26/><W98/><G134/><T48/><D17/><RYUUKYOKU ba="0,1" sc="272,15,137,15,321,-15,260,-15" hai0="13,14,47,48,89,90,91" hai1="2,7,9,22,25,30,46,50,61,63,85,88,95" /><INIT seed="5,1,1,5,4,61" ten="287,152,306,245" oya="1" hai0="23,15,68,0,34,28,103,109,91,75,48,5,53" hai1="16,51,80,36,19,14,41,125,72,11,118,110,85" hai2="116,95,38,119,69,113,37,7,120,58,134,128,82" hai3="64,4,8,123,129,21,57,107,79,114,9,101,40"/><U112/><E118/><V76/><F120/><W3/><G123/><T50/><D109/><U111/><E112/><V42/><F69/><W102/><G114/><T115/><D75/><U39/><E72/><V117/><F113/><W83/><G129/><T90/><D68/><U92/><E92/><V30/><F128/><W97/><G102/><T49/><D34/><U89/><E125/><V2/><F30/><W131/><G40/><T66/><D0/><U126/><E126/><V78/><F78/><W56/><G131/><T46/><D103/><U121/><E121/><V87/><F134/><W6/><G21/><T62/><D115/><U27/><E51/><V63/><F42/><W32/><G64/><T94/><D91/><U1/><E1/><V133/><F133/><W17/><G17/><N who="0" m="10687" /><D5/><U54/><E54/><V55/><F95/><W65/><G65/><T104/><D28/><U132/><E132/><V71/><F71/><W33/><G57/><N who="0" m="37199" /><D104/><U73/><E73/><V24/><F24/><W29/><G56/><T127/><D127/><U35/><E35/><V100/><F100/><W108/><G29/><T77/><D77/><U52/><E41/><V86/><F86/><AGARI ba="1,1" hai="46,48,49,50,53,86,90,94" m="37199,10687" machi="86" ten="30,2000,0" yaku="8,1,52,1" doraHai="61" who="0" fromWho="2" sc="287,33,152,0,306,-23,245,0" /><INIT seed="6,0,0,5,3,28" ten="320,152,283,245" oya="2" hai0="133,17,75,115,126,106,93,9,113,42,124,6,107" hai1="99,80,125,91,64,108,92,79,43,23,131,89,110" hai2="85,30,95,68,73,123,86,62,48,60,45,13,14" hai3="37,53,44,58,82,22,7,84,83,2,96,105,98"/><V27/><F73/><W118/><G118/><T50/><D75/><U116/><E116/><V112/><F123/><W59/><G105/><N who="0" m="39947" /><D17/><U15/><E125/><N who="0" m="48233" /><D133/><U51/><E131/><V31/><F112/><W61/><G2/><N who="0" m="215" /><D93/><U120/><E120/><V132/><F132/><W46/><G7/><T122/><D122/><U26/><E15/><V135/><F135/><W67/><G22/><T4/><D4/><U102/><E108/><V78/><F68/><W47/><G37/><T69/><D69/><U90/><E110/><V88/><F31/><W38/><G38/><T39/><D39/><U94/><E94/><V76/><F14/><W5/><G5/><T129/><D129/><U70/><E70/><V77/><F85/><W19/><G19/><T81/><D81/><N who="3" m="30729" /><G84/><T57/><D57/><U32/><E23/><V40/><REACH who="2" step="1"/><F13/><REACH who="2" ten="320,152,273,245" step="2"/><W100/><G100/><T35/><D115/><U97/><E102/><V12/><F12/><W1/><G1/><T66/><D113/><U63/><E99/><V114/><F114/><W127/><G127/><T109/><D109/><U101/><E101/><V65/><F65/><W34/><G98/><T55/><D66/><U128/><E128/><V111/><F111/><W56/><G96/><T72/><D72/><N who="1" m="43111" /><E64/><V121/><F121/><W117/><G117/><T71/><D71/><U104/><E97/><V134/><F134/><W36/><G67/><T0/><D0/><U21/><E26/><V8/><F8/><W74/><G74/><T29/><D29/><U20/><E104/><V87/><F87/><W24/><G24/><T103/><D103/><RYUUKYOKU ba="0,1" sc="320,-10,152,-10,273,30,245,-10" hai2="27,30,40,45,48,60,62,76,77,78,86,88,95" /><INIT seed="6,1,1,4,3,118" ten="310,142,303,235" oya="2" hai0="124,126,129,128,16,64,106,69,13,29,68,33,132" hai1="104,84,83,89,77,120,26,102,131,31,49,12,93" hai2="98,46,54,52,2,88,108,37,122,3,47,21,134" hai3="30,0,78,18,7,100,62,20,58,19,36,71,60"/><V28/><F122/><W6/><G36/><T95/><D106/><U121/><E131/><N who="0" m="50249" /><D132/><U38/><E38/><V67/><F134/><W105/><G0/><T22/><D95/><U27/><E12/><V25/><F3/><W86/><G71/><N who="0" m="27211" /><D64/><U11/><E11/><V35/><F2/><W113/><G105/><T96/><D96/><N who="1" m="61511" /><E49/><V81/><F35/><W115/><G100/><T117/><D117/><U99/><E31/><V59/><F108/><W23/><G30/><T114/><D114/><N who="3" m="43529" /><G86/><T56/><D56/><U107/><E107/><V76/><F67/><N who="3" m="39319" /><G78/><T72/><D72/><U42/><E42/><V111/><F111/><W94/><G94/><T116/><D116/><U125/><E125/><V8/><F37/><W74/><G74/><T40/><D40/><U92/><E92/><N who="2" m="56583" /><F54/><W87/><G62/><T14/><D14/><U70/><E70/><V44/><F76/><W4/><G87/><T24/><AGARI ba="1,1" hai="13,16,22,24,29,33,124,126" m="27211,50249" machi="24" ten="40,2700,0" yaku="19,1,54,1" doraHai="118" who="0" fromWho="0" sc="310,40,142,-8,303,-14,235,-8" /><INIT seed="7,0,0,0,1,96" ten="350,134,289,227" oya="3" hai0="77,52,53,56,107,5,32,37,36,114,101,120,19" hai1="58,21,125,59,42,20,72,23,30,62,135,4,11" hai2="93,126,98,113,122,45,14,1,69,33,88,26,65" hai3="29,80,118,117,90,57,87,112,15,66,13,121,10"/><W108/><G121/><T94/><D120/><U82/><E125/><V51/><F122/><W97/><G112/><T109/><D109/><U73/><E135/><V12/><F1/><W105/><G108/><T99/><D32/><U74/><E30/><V60/><F113/><W128/><G29/><T48/><D114/><U16/><E42/><V85/><F126/><W116/><G128/><T91/><D5/><U68/><E82/><V132/><F132/><W102/><REACH who="3" step="1"/><G10/><REACH who="3" ten="350,134,289,217" step="2"/><T40/><D37/><U84/><E84/><V110/><F110/><W24/><G24/><T64/><D36/><U27/><E68/><V7/><F26/><W43/><G43/><T86/><D40/><U92/><E92/><V50/><F33/><W61/><AGARI ba="0,1" hai="13,15,57,61,66,80,87,90,97,102,105,116,117,118" machi="61" ten="40,7800,0" yaku="1,1,0,1,52,1,53,0" doraHai="96" doraHaiUra="111" who="3" fromWho="3" sc="350,-26,134,-26,289,-26,217,88" /><INIT seed="7,1,0,2,4,29" ten="324,108,263,305" oya="3" hai0="117,10,73,89,58,38,116,26,121,118,94,15,12" hai1="123,109,71,126,80,132,120,115,108,69,14,23,19" hai2="35,92,119,135,113,85,46,105,8,21,24,103,111" hai3="34,63,65,52,125,39,7,6,54,28,25,27,4"/><W48/><G39/><T60/><D121/><N who="1" m="46667" /><E80/><V30/><F111/><N who="1" m="42569" /><E69/><V55/><F105/><W41/><G125/><T77/><D38/><U36/><E36/><V127/><F113/><W61/><G27/><T53/><D118/><U0/><E71/><V31/><F135/><W131/><G131/><T62/><D73/><U93/><E93/><V102/><F119/><W75/><G75/><T82/><D82/><U67/><E67/><V11/><F127/><W124/><G124/><T40/><D77/><U49/><E49/><V59/><F46/><W88/><G63/><T56/><D40/><U79/><E79/><V1/><F1/><W76/><G76/><T87/><D26/><U16/><E126/><V66/><F31/><W133/><G133/><T86/><D15/><U134/><E0/><V37/><F66/><W114/><G88/><T83/><D83/><U110/><N who="1" m="42577" /><U47/><DORA hai="18" /><E47/><V100/><F37/><W44/><G41/><T51/><D51/><U96/><E96/><V129/><F85/><W22/><G54/><T57/><D57/><U91/><E91/><V74/><F74/><W84/><G84/><N who="0" m="52519" /><D117/><U112/><E19/><V122/><F122/><W90/><G90/><T5/><D116/><U95/><E95/><V101/><F92/><W50/><G50/><T106/><D106/><U3/><E3/><V32/><F103/><W13/><G65/><AGARI ba="1,0" hai="5,10,12,53,56,58,60,62,65,86,87" m="52519" machi="65" ten="30,1000,0" yaku="8,1" doraHai="29,18" who="0" fromWho="3" sc="324,13,108,0,263,0,305,-13" owari="337,44.0,108,-39.0,263,-14.0,292,9.0" /></mjloggm>