<mjloggm ver="2.3"><GO type="185" lobby="0"/><UN n0="%E8%97%A4%E4%BA%95%E8%81%A1%E5%A4%AA" n1="%E3%82%A2%E3%83%AA%E3%82%A2%E3%83%AA%E5%90%9B" n2="%4D%45%42%49%55%53" n3="" dan="20,16,16,0" rate="2410.85,2207.78,2206.42,1500.00" sx="M,M,F,C"/><TAIKYOKU oya="0"/><INIT seed="0,0,0,3,5,65" ten="350,350,350,0" oya="0" hai0="74,117,54,103,35,66,70,101,38,60,130,120,83" hai1="49,114,67,127,0,126,97,129,76,37,107,90,132" hai2="78,45,94,87,99,133,43,81,98,106,3,51,112" hai3=""/><T77/><N who="0" m="30752" /><T44/><D117/><U93/><E0/><V59/><F112/><T131/><D35/><U55/><E114/><V46/><F3/><T113/><D113/><U84/><E37/><V63/><F133/><T122/><N who="0" m="31264" /><T115/><D115/><U50/><E132/><V124/><F124/><N who="1" m="47657" /><E67/><V79/><F106/><T58/><D44/><U104/><E129/><N who="0" m="49161" /><D38/><U52/><E49/><AGARI ba="0,0" hai="49,54,58,60,66,70,74,77,83,101,103" m="49161,31264,30752" machi="49" ten="30,11600,0" yaku="19,1,52,3" doraHai="65" who="0" fromWho="1" sc="350,116,350,-116,350,0,0,0" /><INIT seed="0,1,0,1,5,55" ten="466,234,350,0" oya="0" hai0="95,42,69,49,60,125,82,110,132,108,39,129,57" hai1="115,77,124,120,62,58,105,1,47,100,35,114,68" hai2="117,53,91,54,128,96,66,51,2,46,81,76,112" hai3=""/><T133/><D125/><U71/><N who="1" m="30752" /><U32/><E1/><V94/><F112/><N who="1" m="43049" /><E124/><V109/><F2/><T83/><D129/><U99/><E77/><V126/><F128/><T63/><D39/><U106/><E47/><V84/><F126/><T116/><D116/><U70/><E106/><V38/><F117/><T44/><D95/><U37/><E37/><V48/><F109/><N who="0" m="42090" /><D83/><U103/><E100/><V36/><REACH who="2" step="1"/><F66/><AGARI ba="1,0" hai="32,35,58,62,66,68,70,71,99,103,105" m="43049,30752" machi="66" ten="40,5200,0" yaku="11,1,52,2" doraHai="55" who="1" fromWho="2" sc="466,0,234,54,350,-54,0,0" /><INIT seed="1,0,0,1,5,120" ten="466,288,296,0" oya="1" hai0="104,83,3,115,94,131,86,107,70,105,63,62,40" hai1="116,127,43,52,64,38,88,108,69,102,1,56,35" hai2="93,75,100,51,55,77,85,67,49,80,106,119,111" hai3=""/><U125/><E1/><V76/><F119/><T34/><D115/><U74/><E35/><V123/><N who="2" m="31520" /><V2/><F2/><T60/><D3/><U96/><E116/><V99/><F67/><T98/><D34/><U42/><E74/><V59/><F77/><T97/><D131/><U39/><E64/><V78/><F78/><T132/><D132/><U71/><E108/><V91/><F111/><T101/><D40/><U95/><E102/><V0/><F0/><T135/><D135/><U45/><E42/><V50/><AGARI ba="0,0" hai="49,50,51,55,59,75,76,80,85,91,93,99,100,106" m="31520" machi="50" ten="20,6000,1" yaku="0,1,7,1,24,2,52,1" doraHai="120" who="2" fromWho="2" sc="466,-20,288,-40,296,60,0,0" /><INIT seed="2,0,0,3,4,33" ten="446,248,356,0" oya="2" hai0="58,51,134,96,49,109,106,84,35,79,56,119,128" hai1="92,62,48,78,71,123,0,3,80,47,43,116,107" hai2="125,83,36,98,86,52,102,63,91,45,32,124,87" hai3=""/><V117/><F32/><T2/><D35/><U50/><N who="1" m="31520" /><U93/><E107/><V42/><F117/><T115/><D119/><U57/><E116/><V72/><F72/><T59/><D109/><U130/><E130/><V1/><F87/><T81/><D128/><U44/><E71/><V89/><F89/><T111/><D111/><U41/><E92/><V66/><F1/><T61/><D115/><U135/><E93/><V77/><F77/><T64/><D134/><U46/><E46/><V40/><F40/><T82/><D2/><U126/><E135/><V108/><F52/><T38/><D38/><U53/><E126/><V112/><F112/><T70/><REACH who="0" step="1"/><D82/><REACH who="0" ten="436,248,356,0" step="2"/><U132/><E132/><V54/><F108/><T97/><D97/><U60/><REACH who="1" step="1"/><E62/><REACH who="1" ten="436,238,356,0" step="2"/><V37/><F125/><T103/><AGARI ba="0,2" hai="49,51,56,58,59,61,64,70,79,81,84,96,103,106" machi="103" ten="30,1500,0" yaku="1,1,0,1,53,0" doraHai="33" doraHaiUra="127" who="0" fromWho="0" sc="436,35,238,-5,356,-10,0,0" /><INIT seed="4,0,0,0,0,129" ten="471,233,346,0" oya="0" hai0="38,42,125,69,83,131,78,128,133,108,50,64,1" hai1="60,67,101,135,120,54,63,61,45,107,92,121,51" hai2="97,74,49,47,123,99,57,112,105,93,132,110,122" hai3=""/><T73/><D1/><U32/><N who="1" m="30752" /><U127/><N who="1" m="31008" /><U59/><E32/><V114/><N who="2" m="31264" /><V104/><N who="2" m="31520" /><V0/><F110/><T75/><D108/><U48/><E107/><V36/><F0/><T46/><D125/><U53/><E101/><V90/><F74/><T126/><D126/><U55/><E92/><V88/><F57/><T130/><D75/><U86/><E86/><V85/><F36/><T111/><D111/><U82/><E82/><V70/><F70/><T33/><D33/><U100/><E100/><V71/><F71/><T94/><D94/><U96/><E96/><V95/><F132/><T80/><D80/><U103/><E103/><V65/><F65/><T41/><D133/><U102/><E102/><V124/><F124/><T119/><D119/><U77/><E77/><V40/><F85/><T76/><D38/><U2/><E2/><V35/><F35/><T84/><D73/><U37/><E135/><V56/><F56/><T91/><D69/><U34/><E34/><V117/><F117/><T81/><D84/><U116/><E127/><V79/><F79/><T72/><D76/><U62/><E116/><V134/><F134/><T43/><D72/><U58/><E37/><V44/><F95/><RYUUKYOKU ba="0,0" sc="471,-10,233,20,346,-10,0,0" hai1="45,48,51,53,54,55,58,59,60,61,62,63,67" /><INIT seed="5,1,0,4,4,38" ten="461,253,336,0" oya="1" hai0="128,126,45,35,90,42,110,44,57,48,122,67,134" hai1="73,129,100,64,124,87,65,53,66,117,114,61,123" hai2="88,78,102,95,125,33,119,111,76,56,116,43,62" hai3=""/><U120/><N who="1" m="30752" /><U55/><N who="1" m="31520" /><U86/><E117/><V3/><F111/><T113/><N who="0" m="31264" /><T47/><D35/><U0/><E0/><V80/><F33/><T118/><D110/><U32/><E32/><V71/><F71/><T107/><D107/><U92/><E114/><V97/><F3/><T70/><D113/><U74/><E129/><V72/><F125/><T75/><D75/><N who="1" m="28683" /><E61/><V94/><F76/><T2/><D2/><U77/><E92/><V68/><F68/><T36/><D126/><U60/><E60/><V135/><F43/><T46/><D128/><U1/><E1/><V40/><F40/><T37/><D118/><U99/><E99/><V49/><F62/><T96/><D36/><U133/><E124/><V106/><F95/><T115/><D115/><U54/><E100/><V101/><F102/><T93/><D70/><U41/><E133/><V69/><F135/><T50/><D134/><U131/><E131/><V34/><F69/><T121/><D121/><U82/><E41/><V98/><F34/><T108/><D108/><U52/><N who="1" m="13312" /><DORA hai="51" /><U109/><E109/><V59/><F119/><T112/><D112/><U132/><E132/><V130/><F116/><T81/><D37/><U104/><E104/><RYUUKYOKU ba="1,0" sc="461,-10,253,20,336,-10,0,0" hai1="64,65,66,77,82,86,87" /><INIT seed="5,2,0,5,2,101" ten="451,273,326,0" oya="1" hai0="39,70,80,46,51,3,44,47,96,34,49,117,38" hai1="55,125,120,35,67,50,128,62,37,76,113,118,83" hai2="36,63,82,127,45,106,2,40,98,78,112,73,131" hai3=""/><U121/><N who="1" m="30752" /><U90/><N who="1" m="31008" /><U33/><E118/><V86/><F2/><T95/><D3/><U0/><E0/><V56/><F131/><T89/><D34/><U110/><E128/><V119/><F119/><T114/><D117/><U74/><E37/><V111/><F111/><T97/><D70/><U1/><E1/><V48/><F127/><T102/><D114/><U93/><E125/><V115/><F73/><T64/><D64/><U123/><N who="1" m="31520" /><U124/><E124/><V130/><F130/><T60/><D60/><U68/><E110/><V52/><F106/><T100/><D80/><U41/><E41/><V54/><F98/><T32/><D32/><U87/><E113/><N who="2" m="43595" /><F54/><T109/><D89/><U75/><REACH who="1" step="1"/><E74/><REACH who="1" ten="451,263,326,0" step="2"/><V126/><F126/><T77/><D109/><U84/><E84/><V92/><F36/><T132/><D38/><U53/><E53/><V133/><F40/><T99/><D39/><U107/><E107/><V42/><F42/><T135/><D100/><U94/><E94/><V104/><F92/><T108/><D108/><U69/><E69/><V66/><F104/><T103/><D102/><U134/><E134/><AGARI ba="2,1" hai="45,48,52,56,63,66,78,82,86,133,134" m="43595" machi="134" ten="30,3900,0" yaku="15,1,11,1,54,1" doraHai="101" who="2" fromWho="1" sc="451,0,263,-43,326,53,0,0" /><INIT seed="6,0,0,3,0,55" ten="451,220,379,0" oya="2" hai0="112,87,73,89,94,2,128,114,110,71,96,64,54" hai1="77,62,86,129,72,107,34,47,74,50,104,88,106" hai2="97,52,121,111,65,33,80,59,100,3,95,119,118" hai3=""/><V134/><N who="2" m="31008" /><V124/><F3/><T126/><D2/><U125/><E34/><V83/><F33/><T98/><D110/><U116/><E129/><V105/><F111/><T78/><D128/><U99/><E125/><V53/><F124/><T38/><D38/><U133/><E133/><V46/><F134/><T39/><D39/><U43/><E116/><V90/><F119/><T91/><D126/><U132/><E132/><V58/><F118/><T82/><D54/><U70/><E70/><V61/><F46/><T37/><D37/><U49/><E49/><V117/><F117/><T127/><D127/><U32/><E32/><V75/><F75/><T48/><D48/><U130/><E130/><V45/><F45/><T57/><D71/><U68/><E68/><V108/><F65/><T109/><D109/><U40/><E40/><V79/><F79/><T69/><D69/><U84/><E62/><V92/><F105/><T115/><D89/><U63/><E63/><AGARI ba="0,0" hai="57,63,64,73,78,82,87,91,94,96,98,112,114,115" machi="63" ten="40,5200,0" yaku="15,1,11,1,52,1" doraHai="55" who="0" fromWho="1" sc="451,52,220,-52,379,0,0,0" owari="503,45.0,168,-43.0,379,-2.0,0,0.0" /></mjloggm>