<mjloggm ver="2.3"><GO type="169" lobby="0"/><UN n0="%7A%65%52%6F" n1="%59%6F%73%68%69%31%30%32" n2="%64%6F%6F%6F%6F%77%79%31" n3="%E3%83%AF%E3%83%8B%54%41" dan="17,16,17,18" rate="2209.15,2143.10,2188.91,2239.97" sx="M,M,M,M"/><TAIKYOKU oya="0"/><INIT seed="0,0,0,2,2,40" ten="250,250,250,250" oya="0" hai0="74,47,14,0,4,46,1,134,121,42,62,78,126" hai1="41,53,76,85,83,43,27,19,129,68,128,61,132" hai2="18,65,86,54,82,88,64,52,38,98,17,12,81" hai3="70,55,5,63,96,110,124,28,32,111,34,113,30"/><T79/><D121/><U117/><E117/><V75/><F38/><W118/><G96/><T6/><D74/><U114/><E132/><V57/><F98/><W3/><G55/><T112/><D112/><U108/><E108/><N who="3" m="41514" /><G63/><T39/><D134/><U26/><E114/><V24/><F24/><N who="1" m="9257" /><E19/><V25/><F25/><W100/><G100/><T92/><D14/><U93/><E93/><V48/><F17/><W97/><G97/><T105/><D92/><U101/><E101/><V127/><F127/><W125/><G70/><T10/><D126/><N who="3" m="48745" /><G118/><T29/><D29/><N who="3" m="11369" /><G113/><T66/><D105/><U67/><E53/><V109/><F109/><W122/><G122/><T69/><REACH who="0" step="1"/><D47/><REACH who="0" ten="240,250,250,250" step="2"/><U77/><E128/><V133/><F133/><W8/><AGARI ba="0,1" hai="3,5,8,32,34" m="11369,48745,41514" machi="8" ten="40,8000,1" yaku="14,1,18,1,34,2" doraHai="40" who="3" fromWho="3" sc="240,-40,250,-20,250,-20,250,90" /><INIT seed="1,0,0,2,4,79" ten="200,230,230,340" oya="1" hai0="54,77,127,0,129,50,37,4,46,59,31,118,18" hai1="41,32,124,72,97,102,134,128,109,105,122,53,21" hai2="65,133,76,27,38,63,82,22,15,87,67,35,86" hai3="61,5,94,19,52,81,115,69,75,131,132,34,93"/><U8/><E122/><V48/><F38/><W29/><G115/><T28/><D118/><U45/><E32/><V116/><F116/><W92/><G131/><T91/><D129/><U30/><E128/><V10/><F35/><W114/><G114/><T11/><D127/><U7/><E124/><V74/><F133/><W58/><G69/><T17/><D91/><U42/><E134/><V40/><F74/><W6/><G132/><T106/><D106/><U56/><E109/><V64/><F86/><W108/><G108/><T57/><D57/><U125/><E125/><V1/><F1/><W2/><G2/><T96/><D96/><U100/><E100/><V66/><F40/><W78/><REACH who="3" step="1"/><G19/><REACH who="3" ten="200,230,230,330" step="2"/><T119/><D18/><U135/><E135/><V26/><F48/><W33/><G33/><T90/><D17/><U117/><E117/><V3/><F3/><W43/><G43/><T84/><D119/><U103/><E72/><V123/><F123/><W25/><AGARI ba="0,1" hai="5,6,25,29,34,52,58,61,75,78,81,92,93,94" machi="25" ten="30,8000,1" yaku="1,1,0,1,52,1,54,1,53,1" doraHai="79" doraHaiUra="24" who="3" fromWho="3" sc="200,-20,230,-40,230,-20,330,90" /><INIT seed="2,0,0,5,4,65" ten="180,190,210,420" oya="2" hai0="68,46,80,31,87,88,120,29,125,15,79,12,81" hai1="38,53,134,14,82,39,4,13,133,51,1,11,54" hai2="57,123,44,113,73,119,97,93,132,75,111,30,98" hai3="129,127,71,28,90,122,91,83,114,100,2,117,20"/><V50/><F119/><W18/><G71/><T116/><D120/><U70/><E54/><V92/><F123/><W106/><G28/><T105/><D105/><U62/><E82/><V85/><F113/><W96/><G2/><T107/><D107/><U99/><E99/><V21/><F132/><N who="1" m="50793" /><E62/><V22/><F85/><W41/><G117/><T0/><D0/><U74/><E74/><V84/><F84/><W110/><G122/><T76/><D125/><U5/><E70/><V49/><F111/><W78/><G110/><T67/><D116/><U108/><E108/><V131/><F57/><W43/><G127/><T61/><D46/><N who="1" m="27895" /><E4/><V59/><F59/><W60/><G60/><T102/><D102/><U69/><E69/><V66/><F66/><W9/><G96/><T24/><D31/><U112/><E112/><V86/><F86/><W10/><G83/><T19/><D19/><U32/><E32/><V8/><F30/><W45/><G18/><T7/><D7/><U16/><E1/><V27/><F44/><W58/><G45/><T64/><D64/><U37/><E38/><V26/><REACH who="2" step="1"/><F8/><AGARI ba="0,0" hai="5,8,11,13,14,16,37,39" m="27895,50793" machi="8" ten="30,2000,0" yaku="20,1,54,1" doraHai="65" who="1" fromWho="2" sc="180,0,190,20,210,-20,420,0" /><INIT seed="3,0,0,1,1,24" ten="180,210,190,420" oya="3" hai0="90,36,20,109,13,31,108,86,47,81,126,111,2" hai1="93,65,30,15,19,42,113,4,135,125,21,62,123" hai2="132,44,127,124,45,85,29,34,32,25,27,53,3" hai3="64,115,46,112,23,40,6,88,77,49,95,14,1"/><W55/><G1/><T9/><D126/><N who="2" m="48170" /><F3/><W74/><G64/><T66/><D66/><U50/><E123/><V104/><F104/><W39/><G74/><T106/><D106/><U97/><E135/><V63/><F85/><W82/><G82/><T92/><D2/><U99/><E125/><V51/><F63/><W17/><G6/><T78/><D47/><U67/><E113/><V28/><F45/><W103/><G103/><T131/><D36/><U54/><E42/><V41/><F132/><W75/><G77/><T91/><D131/><U110/><E4/><V59/><F59/><W38/><G75/><T68/><D68/><U48/><E110/><V114/><F114/><W58/><REACH who="3" step="1"/><G38/><REACH who="3" ten="180,210,190,410" step="2"/><T133/><D133/><U69/><E67/><V11/><F11/><W60/><G60/><T120/><D9/><U121/><E65/><V10/><F10/><W130/><G130/><T57/><D109/><U116/><E121/><V83/><F83/><W101/><G101/><T129/><D120/><U122/><E122/><V89/><F89/><W22/><G22/><T107/><D129/><U105/><E69/><V61/><F61/><W117/><G117/><T84/><D91/><N who="1" m="55487" /><E116/><V8/><F8/><W134/><G134/><T16/><D111/><U33/><E62/><V119/><F119/><W72/><G72/><T79/><D108/><U118/><E118/><V0/><F0/><W102/><G102/><T52/><D79/><U98/><E21/><V37/><F37/><W56/><G56/><T35/><D78/><U18/><E33/><V7/><F7/><W26/><G26/><RYUUKYOKU ba="0,1" sc="180,-15,210,-15,190,15,410,15" hai2="25,27,28,29,32,34,41,44,51,53" hai3="14,17,23,39,40,46,49,55,58,88,95,112,115" /><INIT seed="3,1,1,3,3,55" ten="165,195,205,425" oya="3" hai0="12,17,83,123,48,90,88,110,127,15,33,16,124" hai1="79,10,107,100,24,93,14,111,131,119,37,51,5" hai2="106,52,84,134,4,3,71,31,69,49,85,26,91" hai3="44,128,114,38,62,103,57,86,102,98,34,53,65"/><W112/><G114/><T78/><D123/><U94/><E37/><V74/><F74/><W32/><G112/><T130/><D33/><U109/><E131/><V54/><F134/><W21/><G128/><T80/><D130/><U1/><E119/><V2/><F106/><W43/><G86/><T23/><D48/><U19/><E79/><V121/><F121/><W9/><G21/><T60/><D60/><U70/><E70/><V36/><F36/><W64/><G9/><T77/><REACH who="0" step="1"/><D23/><REACH who="0" ten="155,195,205,425" step="2"/><U30/><E109/><AGARI ba="1,2" hai="12,15,16,17,77,78,80,83,88,90,109,110,124,127" machi="109" ten="25,16000,3" yaku="1,1,2,1,22,2,54,2,53,2" doraHai="55" doraHaiUra="120" who="0" fromWho="1" sc="155,183,195,-163,205,0,425,0" /><INIT seed="4,0,0,0,5,123" ten="338,32,205,425" oya="0" hai0="104,60,75,19,3,9,112,23,67,73,96,72,133" hai1="78,52,84,16,43,8,57,56,26,45,109,35,125" hai2="29,122,83,98,49,99,63,89,81,18,100,80,93" hai3="39,119,66,46,4,37,77,110,25,14,2,120,17"/><T76/><D112/><U64/><E125/><V111/><F122/><W79/><G119/><T101/><D133/><U5/><E35/><V95/><F29/><W65/><G14/><T38/><D38/><U55/><E64/><V44/><F111/><W132/><G120/><T11/><D76/><U58/><E5/><V115/><F115/><W108/><G4/><T54/><D54/><U86/><E109/><V68/><F68/><W129/><G46/><T116/><D116/><U113/><E113/><V7/><F7/><W106/><G25/><T6/><D11/><U48/><E86/><V97/><F63/><W27/><G27/><T128/><D128/><U62/><E55/><V1/><F1/><W0/><G17/><T24/><REACH who="0" step="1"/><D75/><REACH who="0" ten="328,32,205,425" step="2"/><U114/><E114/><V90/><F49/><W59/><G129/><T70/><AGARI ba="0,1" hai="3,6,9,19,23,24,60,67,70,72,73,96,101,104" machi="70" ten="20,7800,0" yaku="1,1,2,1,0,1,7,1,53,0" doraHai="123" doraHaiUra="87" who="0" fromWho="0" sc="328,88,32,-26,205,-26,425,-26" /><INIT seed="4,1,0,2,4,114" ten="416,6,179,399" oya="0" hai0="41,118,119,43,87,88,121,8,51,109,48,71,90" hai1="83,101,79,56,64,111,33,15,112,77,28,135,93" hai2="31,3,117,81,0,128,104,53,9,20,37,12,89" hai3="69,23,91,61,67,126,132,75,47,98,7,24,4"/><T58/><D121/><U22/><E111/><V11/><F104/><W19/><G75/><T85/><D71/><U38/><E38/><V45/><F128/><W73/><G73/><T125/><D8/><U55/><E135/><V30/><F81/><W86/><G132/><T50/><D109/><U96/><E112/><V5/><F89/><N who="0" m="34410" /><D58/><U18/><E64/><V21/><F53/><W108/><G108/><T94/><D94/><U29/><E33/><V25/><F45/><W127/><G98/><T36/><D36/><U13/><E13/><N who="2" m="5295" /><F37/><W124/><REACH who="3" step="1"/><G47/><REACH who="3" ten="416,6,179,389" step="2"/><T2/><D125/><U115/><E115/><V39/><F39/><W92/><AGARI ba="1,1" hai="4,7,19,23,24,61,67,69,86,91,92,124,126,127" machi="92" ten="30,7900,0" yaku="1,1,2,1,0,1,18,1,53,0" doraHai="114" doraHaiUra="6" who="3" fromWho="3" sc="416,-40,6,-21,179,-21,389,92" owari="376,18.0,-15,-52.0,158,-24.0,481,58.0" /></mjloggm>