<mjloggm ver="2.3"><GO type="169" lobby="0"/><UN n0="%E8%B0%B7%E5%8F%A3%E3%81%93%E3%81%86%E3%81%B8%E3%81%84" n1="%E3%83%A9%E3%83%96%E3%83%AC%E3%83%BC" n2="%E5%B0%8F%E6%B1%A0%E7%BE%8E%E6%B3%A2%E2%8A%BF" n3="%E8%A3%8F%E3%83%89%E3%83%A9%E3%81%AF%E6%81%8B%E4%BA%BA" dan="18,16,17,16" rate="2291.57,2093.67,2164.83,2138.18" sx="M,M,F,F"/><TAIKYOKU oya="0"/><INIT seed="0,0,0,5,2,114" ten="250,250,250,250" oya="0" hai0="48,1,126,127,68,21,134,64,38,55,73,59,17" hai1="112,130,54,27,101,12,31,6,41,43,29,9,105" hai2="36,25,78,26,89,88,10,124,69,97,120,94,118" hai3="93,50,133,135,44,79,75,99,119,96,35,107,30"/><T39/><D1/><U83/><E112/><V32/><F120/><W128/><G35/><T123/><D73/><U16/><E130/><V14/><F36/><N who="0" m="13866" /><D17/><U116/><E116/><V129/><F129/><W4/><G30/><T82/><D82/><U84/><E105/><V70/><F78/><W61/><G4/><T121/><D21/><U91/><E101/><V92/><F118/><W49/><G119/><T40/><D40/><U63/><E6/><V0/><F0/><W108/><G128/><T5/><D5/><U125/><E125/><N who="0" m="47625" /><D134/><U23/><E31/><V117/><F117/><W72/><G107/><T111/><D111/><U110/><E110/><V132/><F124/><W15/><G108/><T53/><D55/><U60/><E63/><AGARI ba="0,0" hai="48,53,59,63,64,68,121,123" m="47625,13866" machi="63" ten="30,5800,0" yaku="18,1,34,2" doraHai="114" who="0" fromWho="1" sc="250,58,250,-58,250,0,250,0" /><INIT seed="0,1,0,5,5,86" ten="308,192,250,250" oya="0" hai0="50,111,114,120,121,56,109,57,101,66,29,40,70" hai1="132,9,36,80,53,31,97,7,32,2,115,134,33" hai2="25,38,15,129,51,17,78,37,27,105,102,26,65" hai3="55,16,23,11,13,116,58,76,19,48,68,79,92"/><T135/><D29/><U117/><E36/><V93/><F105/><W64/><G116/><T1/><D1/><U41/><E41/><V30/><F129/><W12/><G68/><T47/><D101/><U82/><E117/><V39/><F78/><W61/><REACH who="3" step="1"/><G92/><REACH who="3" ten="308,192,250,240" step="2"/><T24/><D70/><U34/><E82/><V74/><F93/><W81/><G81/><T100/><D121/><U63/><E80/><V20/><F30/><W106/><G106/><T83/><D83/><U75/><E31/><V42/><F74/><W4/><G4/><T3/><D120/><U126/><E75/><V103/><REACH who="2" step="1"/><F65/><REACH who="2" ten="308,192,240,240" step="2"/><W124/><G124/><T54/><D66/><U125/><E126/><V5/><F5/><W69/><AGARI ba="1,2" hai="11,12,13,16,19,23,48,55,58,61,64,69,76,79" machi="69" ten="20,8000,1" yaku="1,1,0,1,7,1,54,1,53,1" doraHai="86" doraHaiUra="46" who="3" fromWho="3" sc="308,-41,192,-21,240,-21,240,103" /><INIT seed="1,0,0,1,0,73" ten="267,171,219,343" oya="1" hai0="9,50,32,90,89,105,18,33,41,88,92,116,69" hai1="101,114,70,65,64,94,68,44,23,60,67,113,56" hai2="112,135,19,15,122,46,49,63,37,58,53,126,86" hai3="35,103,77,127,17,123,125,5,129,27,106,102,74"/><U39/><E101/><V93/><F122/><W85/><G123/><T119/><D105/><U62/><E94/><V61/><F135/><W91/><G5/><T121/><D69/><N who="1" m="26731" /><E23/><V109/><F109/><W34/><G129/><T82/><D121/><U21/><E21/><V96/><F126/><N who="3" m="48139" /><G106/><T95/><D9/><U28/><E28/><V72/><F72/><W132/><G132/><T45/><D18/><U83/><E83/><V52/><F112/><N who="1" m="43113" /><E56/><V120/><F120/><W131/><G17/><T54/><D82/><U25/><E25/><V24/><F24/><W7/><G7/><T3/><D3/><U107/><E107/><V14/><F86/><W59/><G59/><T31/><D31/><U134/><E134/><V26/><F26/><W84/><G27/><T80/><D80/><U100/><E100/><V128/><F58/><W108/><G102/><T2/><D2/><U51/><E39/><V40/><F93/><W76/><G103/><T78/><D95/><U81/><E81/><V0/><F0/><W66/><G74/><T75/><D92/><U16/><E16/><V97/><F37/><W38/><G38/><T124/><D124/><U104/><E104/><V57/><F19/><W55/><G85/><T79/><D75/><U12/><E12/><N who="2" m="4651" /><F57/><W13/><G84/><T71/><D71/><U11/><E11/><V48/><F97/><W10/><G10/><T118/><REACH who="0" step="1"/><D41/><AGARI ba="0,0" hai="41,44,51,60,62,64,65,67" m="43113,26731" machi="41" ten="40,3900,0" yaku="34,2" doraHai="73" who="1" fromWho="0" sc="267,-39,171,39,219,0,343,0" /><INIT seed="1,1,0,3,3,128" ten="228,210,219,343" oya="1" hai0="53,77,99,88,66,111,94,19,37,73,38,60,32" hai1="89,96,15,100,16,120,58,48,11,122,44,41,86" hai2="3,67,93,40,54,6,103,78,56,91,135,4,113" hai3="47,1,115,114,12,25,61,124,102,5,7,112,82"/><U116/><E116/><V34/><F34/><W39/><G124/><T104/><D32/><U108/><E108/><V107/><F3/><W27/><G102/><T42/><D111/><U65/><E65/><V50/><F78/><W81/><G61/><T46/><D104/><U98/><E98/><V133/><F113/><W13/><G47/><T76/><D73/><U69/><E69/><V9/><F67/><W90/><G90/><T59/><D38/><U35/><E35/><V31/><F40/><W52/><G39/><T10/><D10/><U126/><E126/><V84/><F31/><W0/><G114/><T14/><D14/><U24/><E24/><V123/><F123/><W43/><G43/><T101/><D19/><U20/><E58/><V51/><F50/><W36/><G36/><T22/><D22/><U92/><REACH who="1" step="1"/><E20/><REACH who="1" ten="228,200,219,343" step="2"/><V62/><F107/><AGARI ba="1,1" hai="11,15,16,41,44,48,86,89,92,96,100,107,120,122" machi="107" ten="30,11600,0" yaku="1,1,2,1,7,1,54,1,53,0" doraHai="128" doraHaiUra="18" who="1" fromWho="2" sc="228,0,200,129,219,-119,343,0" /><INIT seed="1,2,0,4,5,60" ten="228,329,100,343" oya="1" hai0="71,90,10,31,68,12,0,28,133,38,37,55,58" hai1="17,119,9,82,48,88,85,22,115,50,121,52,79" hai2="49,26,128,27,59,89,8,53,1,56,114,104,13" hai3="21,32,131,97,111,65,99,86,93,18,76,62,16"/><U80/><E119/><V113/><F1/><W103/><G111/><T25/><D0/><U3/><E121/><V87/><F104/><W81/><G32/><T107/><D133/><U95/><E115/><V44/><F128/><W40/><G40/><T63/><D107/><U42/><E3/><V73/><F73/><W35/><G35/><T34/><D31/><U4/><E4/><V5/><F114/><W96/><G18/><T92/><D37/><U100/><E100/><V6/><F6/><W132/><G132/><T46/><D38/><U109/><E9/><V75/><F75/><W102/><G102/><T70/><D46/><N who="1" m="25687" /><E79/><V112/><F113/><W105/><G131/><T54/><D54/><U45/><E109/><V43/><F59/><N who="3" m="37087" /><G105/><T69/><D69/><U124/><E124/><V101/><F101/><W72/><G72/><T110/><D110/><U2/><E2/><V36/><REACH who="2" step="1"/><F112/><REACH who="2" ten="228,329,90,343" step="2"/><W74/><G74/><T94/><D71/><U117/><E117/><V41/><F41/><W83/><G83/><AGARI ba="2,1" hai="5,8,13,26,27,36,43,44,49,53,56,83,87,89" machi="83" ten="30,3900,0" yaku="1,1,7,1,53,1" doraHai="60" doraHaiUra="51" who="2" fromWho="3" sc="228,0,329,0,90,55,343,-45" /><INIT seed="2,0,0,2,3,32" ten="228,329,145,298" oya="2" hai0="28,15,54,52,41,66,40,29,20,9,80,12,84" hai1="107,108,22,31,64,110,118,117,24,114,105,23,99" hai2="121,27,98,56,59,103,8,123,0,85,58,86,72" hai3="126,67,97,109,133,33,55,13,17,129,111,88,43"/><V49/><F72/><W130/><G33/><T16/><D66/><U122/><E64/><V113/><F113/><W60/><G43/><N who="0" m="16459" /><D29/><U78/><E78/><V62/><F49/><W128/><G55/><T34/><D34/><U25/><E99/><V134/><F62/><W83/><G133/><T5/><D28/><U106/><E114/><V79/><F134/><W11/><G126/><T35/><D35/><U26/><E31/><V132/><F132/><W69/><G83/><T10/><D10/><U63/><E63/><V81/><F27/><W125/><G125/><T18/><D18/><U102/><E102/><V46/><F46/><W95/><AGARI ba="0,0" hai="11,13,17,60,67,69,88,95,97,109,111,128,129,130" machi="95" ten="40,5200,0" yaku="0,1,19,1,54,1" doraHai="32" who="3" fromWho="3" sc="228,-13,329,-13,145,-26,298,52" /><INIT seed="3,0,0,3,4,9" ten="215,316,119,350" oya="3" hai0="121,33,101,125,78,74,20,4,32,13,61,112,94" hai1="1,103,54,66,26,42,6,93,81,25,24,77,30" hai2="130,70,22,3,15,129,36,83,96,105,38,55,108" hai3="116,17,107,122,16,18,8,135,131,86,12,117,98"/><W95/><G122/><T100/><D121/><U114/><E114/><V49/><F3/><W34/><G34/><T5/><D112/><U58/><E42/><V113/><F113/><W2/><G131/><T53/><D74/><U115/><E115/><V97/><F70/><W82/><G107/><T41/><D78/><U27/><E66/><V19/><F108/><W11/><G135/><T80/><D41/><U46/><E46/><V28/><F28/><W111/><G111/><T73/><D80/><U56/><E93/><V119/><F119/><W76/><G2/><T133/><D73/><U39/><E103/><V14/><F83/><W45/><G45/><T90/><D133/><U51/><E39/><V52/><F22/><W92/><G95/><T134/><D125/><U124/><E58/><V106/><F19/><W89/><REACH who="3" step="1"/><G8/><REACH who="3" ten="215,316,119,340" step="2"/><T87/><D33/><U75/><E124/><V99/><F99/><W110/><G110/><T59/><D32/><U57/><E1/><V44/><F44/><W23/><G23/><T69/><D134/><U48/><E30/><V35/><F35/><W65/><G65/><T132/><D132/><U50/><E54/><V40/><F40/><W123/><G123/><T127/><D127/><U37/><E37/><V72/><F72/><W84/><G84/><T63/><D94/><U21/><E21/><V29/><F29/><W43/><G43/><T60/><D87/><U62/><E75/><V104/><F106/><W67/><G67/><T88/><D53/><U109/><E109/><V10/><F10/><W7/><AGARI ba="0,1" hai="7,11,12,16,17,18,76,82,86,89,92,98,116,117" machi="7" ten="30,11700,0" yaku="1,1,0,1,52,1,54,1,53,0" doraHai="9" doraHaiUra="31" who="3" fromWho="3" sc="215,-39,316,-39,119,-39,340,127" /><INIT seed="3,1,0,1,5,105" ten="176,277,80,467" oya="3" hai0="60,117,115,131,96,104,17,130,18,82,129,0,73" hai1="101,46,42,78,43,66,25,28,36,49,125,58,4" hai2="100,6,65,1,57,54,85,118,89,72,34,19,29" hai3="80,5,26,124,98,45,68,91,61,95,71,22,69"/><W39/><G124/><T14/><D117/><U33/><E125/><V123/><F118/><W99/><G5/><T62/><D0/><U7/><E43/><V40/><F100/><W107/><G39/><T113/><D104/><U44/><E44/><V83/><F40/><W31/><G45/><T2/><D2/><U93/><E78/><V126/><F126/><W50/><G50/><T119/><D96/><U75/><E75/><V9/><F65/><W24/><G61/><N who="0" m="23659" /><D119/><U3/><E66/><V87/><F123/><W10/><G10/><N who="0" m="6359" /><D18/><U16/><E16/><V116/><F116/><W109/><G109/><T135/><D135/><U122/><E3/><V52/><F19/><W56/><G56/><T48/><D48/><U35/><E35/><V41/><F57/><W67/><G67/><T94/><D94/><U134/><E134/><V15/><F41/><W20/><G107/><T112/><D82/><U114/><E4/><V32/><F1/><W30/><REACH who="3" step="1"/><G80/><REACH who="3" ten="176,277,80,457" step="2"/><T47/><D47/><U90/><E7/><V70/><F83/><W76/><G76/><T121/><D121/><U97/><E58/><V120/><F120/><W27/><G27/><T132/><D132/><U23/><E122/><V81/><F81/><W38/><G38/><T37/><D37/><U53/><E36/><V127/><F6/><W51/><G51/><T74/><AGARI ba="1,1" hai="73,74,112,113,115,129,130,131" m="6359,23659" machi="74" ten="50,8000,1" yaku="11,1,19,1,52,2" doraHai="105" who="0" fromWho="0" sc="176,93,277,-21,80,-21,457,-41" /><INIT seed="4,0,0,2,1,96" ten="269,256,59,416" oya="0" hai0="102,48,81,95,56,50,15,133,57,121,53,59,87" hai1="116,119,51,54,134,39,75,93,66,84,135,131,83" hai2="111,108,69,82,77,29,125,97,52,74,73,16,109" hai3="117,13,72,7,70,61,12,38,34,122,120,26,10"/><T31/><D133/><N who="1" m="50699" /><E39/><V78/><F29/><N who="3" m="19767" /><G38/><T2/><D121/><N who="3" m="46697" /><G72/><T30/><D2/><U104/><E104/><V126/><F69/><W19/><G70/><T46/><D48/><U124/><E66/><V24/><F52/><W58/><G117/><T17/><D95/><U123/><E123/><V112/><F112/><W86/><G86/><T14/><D102/><U98/><E75/><V67/><F67/><N who="3" m="39351" /><G19/><T25/><D25/><U1/><E1/><AGARI ba="0,0" hai="1,7,10,12,13" m="39351,46697,19767" machi="1" ten="30,1000,0" yaku="13,1" doraHai="96" who="3" fromWho="1" sc="269,0,256,-10,59,0,416,10" /><INIT seed="5,0,0,5,2,74" ten="269,246,59,426" oya="1" hai0="56,91,119,43,15,2,104,54,88,129,131,11,20" hai1="78,38,108,53,69,113,72,18,112,62,14,63,27" hai2="87,26,23,10,105,51,100,82,116,31,45,97,68" hai3="125,7,126,5,132,121,37,35,85,99,39,71,29"/><U24/><E38/><V133/><F116/><W93/><G71/><T120/><D119/><U65/><E108/><V110/><F110/><W73/><G73/><T107/><D43/><U114/><E63/><V130/><F130/><N who="0" m="49674" /><D2/><U79/><E53/><V106/><F133/><W4/><G121/><T25/><D120/><U94/><E94/><V22/><F68/><W64/><G64/><T89/><D15/><U16/><E72/><V19/><F10/><W30/><G85/><T98/><D11/><N who="1" m="6239" /><E27/><V33/><F106/><W90/><G132/><T102/><D102/><U55/><E55/><V6/><F6/><W1/><G1/><T127/><D127/><N who="3" m="48649" /><G30/><N who="0" m="17703" /><D98/><U75/><E75/><V34/><F34/><W21/><G35/><T76/><D76/><U36/><E36/><V8/><F8/><W52/><G39/><T109/><D109/><U101/><E101/><V28/><F33/><W58/><G37/><T135/><D135/><U46/><E46/><V67/><F67/><W111/><G111/><T81/><D81/><U41/><E41/><V96/><F96/><W42/><G42/><T17/><D17/><U3/><E3/><V60/><F23/><AGARI ba="0,0" hai="18,23,24,62,65,69,78,79,112,113,114" m="6239" machi="23" ten="30,11600,0" yaku="15,1,52,2,54,1" doraHai="74" who="1" fromWho="2" sc="269,0,246,116,59,-116,426,0" owari="269,-13.0,362,16.0,-57,-56.0,426,53.0" /></mjloggm>