<mjloggm ver="2.3"><GO type="169" lobby="0"/><UN n0="%55%74%61%6D%61%78" n1="%54%61%62%61%73%63%6F" n2="%E3%81%88%E3%81%8C%E3%82%8F%E3%82%8A%E3%81%8A" n3="%E8%B5%A4%E5%9F%8E%E7%9C%9F%E5%AD%90" dan="16,17,17,17" rate="2100.64,2168.48,2213.35,2224.74" sx="M,M,M,F"/><TAIKYOKU oya="0"/><INIT seed="0,0,0,5,2,35" ten="250,250,250,250" oya="0" hai0="45,113,6,62,44,56,89,120,53,17,107,104,71" hai1="61,33,118,14,7,40,15,111,119,127,60,1,108" hai2="90,88,0,24,94,73,69,30,117,10,74,51,16" hai3="132,124,47,65,129,78,131,79,26,130,2,81,100"/><T28/><D120/><U86/><E33/><V20/><F69/><W52/><G124/><T122/><D122/><U41/><E86/><V59/><F117/><W42/><G132/><T8/><D28/><U128/><E7/><V46/><F59/><W38/><G65/><T25/><D71/><U22/><E22/><V63/><F63/><N who="1" m="24137" /><E127/><V99/><F90/><W76/><G100/><T77/><D77/><U68/><E68/><V58/><F58/><W37/><G37/><T12/><D113/><U32/><E32/><V109/><F109/><N who="1" m="42057" /><E128/><V123/><F123/><W125/><G125/><T48/><D25/><U9/><E9/><V49/><F49/><N who="3" m="28735" /><G26/><T27/><D27/><U50/><E50/><V18/><F74/><N who="3" m="43159" /><G2/><T67/><D17/><U105/><E1/><V82/><F73/><W97/><G97/><T19/><D19/><U134/><E105/><V72/><F72/><W84/><G84/><T92/><REACH who="0" step="1"/><D45/><AGARI ba="0,0" hai="38,42,45,78,79,129,130,131" m="43159,28735" machi="45" ten="30,2000,0" yaku="19,1,54,1" doraHai="35" who="3" fromWho="0" sc="250,-20,250,0,250,0,250,20" /><INIT seed="1,0,0,4,3,45" ten="230,250,250,270" oya="1" hai0="84,122,16,61,124,77,7,8,69,22,12,19,65" hai1="96,103,89,105,41,39,37,82,44,131,71,92,93" hai2="6,56,91,54,55,85,35,70,94,51,104,100,67" hai3="15,83,97,24,130,32,60,76,86,34,43,113,9"/><U72/><E71/><V80/><F35/><W31/><G130/><T95/><D122/><U115/><E115/><V121/><F121/><W25/><G113/><T98/><D124/><U57/><E131/><V129/><F129/><W101/><G43/><T116/><D116/><U62/><E39/><V30/><F30/><W132/><G132/><T109/><D109/><U4/><E4/><V108/><F108/><W123/><G123/><T64/><D64/><U20/><E20/><V66/><F70/><W58/><G32/><T53/><D84/><U134/><E134/><V0/><F104/><W40/><G40/><T14/><D77/><U68/><E68/><V99/><REACH who="2" step="1"/><F55/><REACH who="2" ten="230,250,240,270" step="2"/><W48/><G31/><T127/><D127/><U33/><E33/><V3/><F3/><W27/><G34/><T10/><D53/><U78/><REACH who="1" step="1"/><E89/><REACH who="1" ten="230,240,240,270" step="2"/><V5/><F5/><W112/><G112/><T21/><REACH who="0" step="1"/><D7/><REACH who="0" ten="220,240,240,270" step="2"/><U2/><E2/><V75/><F75/><W133/><G133/><T46/><D46/><U1/><E1/><V87/><F87/><W90/><G86/><T36/><D36/><U106/><E106/><V18/><F18/><W81/><G58/><T120/><D120/><U117/><E117/><V42/><F42/><W111/><G111/><T29/><D29/><U17/><E17/><V13/><F13/><W59/><G15/><T47/><D47/><U128/><E128/><V119/><F119/><W26/><G59/><T23/><D23/><U63/><E63/><V49/><F49/><W79/><G48/><T135/><D135/><U74/><E74/><V125/><F125/><RYUUKYOKU ba="0,3" sc="220,10,240,10,240,10,270,-30" hai0="8,10,12,14,16,19,21,22,61,65,69,95,98" hai1="37,41,44,57,62,72,78,82,92,93,96,103,105" hai2="0,6,51,54,56,66,67,80,85,91,94,99,100" /><INIT seed="1,1,3,5,1,87" ten="230,250,250,240" oya="1" hai0="133,70,65,41,16,43,83,14,95,89,103,49,120" hai1="23,110,84,45,1,58,31,98,86,3,53,116,99" hai2="63,122,96,19,13,57,100,26,56,124,90,7,52" hai3="80,8,125,64,30,50,115,27,66,35,76,40,22"/><U11/><E116/><V51/><F124/><W123/><G123/><T6/><D120/><U104/><E45/><V47/><F122/><W91/><G115/><T117/><D117/><U48/><E3/><V60/><F7/><W0/><G35/><T126/><D126/><U34/><E34/><V10/><F26/><W109/><G109/><T18/><D133/><U15/><E1/><V55/><F100/><W59/><G125/><T88/><D65/><U78/><E104/><V106/><F106/><W44/><G91/><N who="0" m="34891" /><D70/><U17/><E110/><V105/><F105/><W21/><G59/><N who="2" m="22601" /><F55/><W71/><G71/><T131/><D83/><N who="1" m="47223" /><E86/><V77/><F77/><W85/><REACH who="3" step="1"/><G22/><REACH who="3" ten="230,250,250,230" step="2"/><T38/><D131/><U4/><E99/><V75/><F75/><W29/><G29/><T69/><D69/><U2/><E98/><V32/><F32/><W81/><G81/><T12/><D103/><U102/><E102/><V72/><F72/><W134/><G134/><T93/><D93/><AGARI ba="1,4" hai="10,13,19,47,51,52,60,63,90,93,96" m="22601" machi="93" ten="30,3900,0" yaku="8,1,52,1,54,1" doraHai="87" who="2" fromWho="0" sc="230,-42,250,0,250,82,230,0" /><INIT seed="2,0,0,0,3,72" ten="188,250,332,230" oya="2" hai0="58,0,116,62,1,53,22,33,90,89,6,34,65" hai1="5,23,114,104,26,112,67,126,4,15,51,111,98" hai2="39,32,79,8,36,91,48,60,37,21,66,108,2" hai3="75,49,38,102,110,25,131,14,88,105,12,57,134"/><V54/><F32/><W3/><G38/><T129/><D22/><U77/><E111/><V87/><F108/><W40/><G110/><T132/><D116/><U115/><E126/><V24/><F2/><W93/><G3/><T128/><D132/><U103/><E67/><V109/><F8/><W9/><G134/><T16/><D1/><U84/><E51/><V20/><F109/><W56/><G75/><T63/><D6/><U76/><E84/><V71/><F24/><W17/><G102/><T13/><D0/><U80/><E80/><V42/><F42/><W127/><G105/><T83/><D33/><U41/><E41/><V121/><F121/><W28/><G12/><T96/><D34/><U85/><E85/><V107/><F107/><W97/><G131/><N who="0" m="50251" /><D96/><U119/><E119/><V123/><F123/><W99/><G99/><T43/><D43/><U70/><E70/><V10/><F10/><W95/><G95/><T73/><D63/><U92/><E104/><V122/><F122/><W11/><G11/><N who="0" m="6207" /><D65/><U31/><REACH who="1" step="1"/><E15/><REACH who="1" ten="188,240,332,230" step="2"/><V86/><F86/><W124/><G127/><T47/><D47/><U78/><AGARI ba="0,1" hai="4,5,23,26,31,76,77,78,92,98,103,112,114,115" machi="78" ten="40,12000,2" yaku="1,1,2,1,0,1,52,3,53,0" doraHai="72" doraHaiUra="81" who="1" fromWho="1" sc="188,-30,240,130,332,-60,230,-30" /><INIT seed="3,0,0,4,1,67" ten="158,370,272,200" oya="3" hai0="53,7,82,70,46,131,62,55,84,72,54,98,33" hai1="49,48,27,107,35,130,57,115,26,79,99,63,124" hai2="71,6,128,75,39,9,47,86,60,91,83,94,96" hai3="111,3,126,0,18,74,34,66,15,121,125,59,81"/><W11/><G74/><T30/><D72/><U58/><E115/><V87/><F128/><W103/><G81/><T88/><D131/><U113/><E130/><V90/><F75/><W101/><G34/><T16/><D7/><U95/><E113/><V37/><F47/><W51/><G121/><T52/><D98/><U118/><E107/><V134/><F134/><W5/><G111/><T14/><D30/><U40/><E124/><N who="3" m="47722" /><G3/><T114/><D33/><U112/><E112/><V13/><REACH who="2" step="1"/><F87/><REACH who="2" ten="158,370,262,200" step="2"/><W32/><G32/><T61/><D114/><U2/><E35/><V78/><F78/><W69/><G69/><T17/><D70/><U89/><E79/><V19/><F19/><W50/><G18/><T1/><D17/><U97/><E118/><V31/><F31/><W92/><G5/><T24/><D46/><U77/><E77/><V20/><F20/><W10/><G11/><T117/><D117/><U123/><E123/><V44/><F44/><W80/><G10/><N who="0" m="6231" /><D1/><U45/><E2/><V100/><F100/><W42/><G103/><T116/><D116/><U41/><E27/><V8/><F8/><W85/><G0/><T119/><D119/><U43/><E26/><V135/><F135/><W4/><G4/><T127/><D127/><U109/><E109/><V36/><F36/><W110/><G110/><T76/><D24/><U65/><E97/><V73/><F73/><W21/><G21/><T23/><D23/><U129/><E129/><V22/><F22/><W28/><G28/><T132/><D132/><U133/><E133/><V68/><F68/><W106/><G101/><RYUUKYOKU ba="0,1" sc="158,-15,370,15,262,15,200,-15" hai1="40,41,43,45,48,49,57,58,63,65,89,95,99" hai2="6,9,13,37,39,60,71,83,86,90,91,94,96" /><INIT seed="4,1,1,0,0,83" ten="143,385,277,185" oya="0" hai0="27,110,132,70,67,94,17,100,51,21,68,78,6" hai1="134,124,60,126,41,30,55,59,62,26,48,113,102" hai2="11,114,13,3,0,88,38,36,76,16,2,97,45" hai3="104,29,89,10,116,74,87,127,15,101,4,131,130"/><T69/><D132/><U64/><E134/><V49/><F114/><W35/><G116/><T79/><D110/><U44/><E102/><V66/><F76/><W54/><G74/><T90/><D100/><U119/><E119/><V125/><F125/><W123/><G127/><N who="1" m="48682" /><E113/><V33/><F33/><W73/><G73/><T65/><D6/><U108/><E108/><V53/><REACH who="2" step="1"/><F66/><REACH who="2" ten="143,385,267,185" step="2"/><N who="0" m="25098" /><D70/><N who="1" m="42247" /><E30/><V98/><F98/><W47/><G29/><T14/><D69/><U95/><E26/><V129/><F129/><W31/><G31/><T5/><D68/><U37/><E95/><AGARI ba="1,2" hai="0,2,3,11,13,16,36,38,45,49,53,88,95,97" machi="95" ten="40,5200,0" yaku="1,1,54,2,53,0" doraHai="83" doraHaiUra="56" who="2" fromWho="1" sc="143,0,385,-55,267,75,185,0" /><INIT seed="5,0,0,5,2,122" ten="143,330,342,185" oya="1" hai0="111,53,26,114,7,44,41,92,27,133,35,124,75" hai1="127,130,71,115,20,104,46,132,123,65,57,135,125" hai2="42,98,70,77,1,79,103,82,25,85,73,2,50" hai3="131,6,56,48,12,107,63,60,74,88,24,112,61"/><U39/><E104/><V68/><F25/><W33/><G74/><T34/><D75/><U31/><E123/><V117/><F117/><W17/><G107/><T87/><D53/><U38/><E115/><V5/><F42/><W52/><G112/><T11/><D114/><U8/><E71/><V43/><F77/><W101/><G131/><T51/><D124/><N who="1" m="47691" /><E46/><V15/><F73/><W105/><G105/><T94/><D133/><N who="1" m="51275" /><E8/><N who="2" m="4495" /><F70/><W37/><G101/><T21/><D111/><U110/><E110/><V83/><F83/><W90/><G37/><T99/><D11/><U40/><E40/><V81/><F81/><W29/><REACH who="3" step="1"/><G6/><REACH who="3" ten="143,330,342,175" step="2"/><T0/><D7/><U14/><E130/><V28/><F1/><W66/><G66/><T3/><D3/><U97/><E65/><V84/><F2/><W108/><G108/><T10/><D0/><U55/><E39/><V121/><F121/><W116/><G116/><T100/><D100/><U49/><E38/><V23/><F103/><W45/><G45/><T80/><D44/><U89/><E89/><V18/><F79/><W86/><G86/><T13/><D87/><U67/><E67/><V120/><F85/><W128/><G128/><T30/><D99/><U19/><E97/><V16/><F98/><W78/><G78/><T64/><D64/><U54/><E55/><V22/><F120/><W59/><G59/><T96/><D96/><U113/><E113/><V62/><F68/><W134/><G134/><T93/><D41/><U58/><E57/><V32/><F43/><W47/><G47/><T4/><D4/><U119/><E119/><RYUUKYOKU ba="0,1" sc="143,-15,330,15,342,-15,175,15" hai1="14,19,20,31,49,54,58" hai3="12,17,24,29,33,48,52,56,60,61,63,88,90" /><INIT seed="5,1,1,1,4,87" ten="128,345,327,190" oya="1" hai0="121,53,103,44,17,45,29,55,132,123,86,27,108" hai1="46,93,19,2,135,127,38,21,52,129,92,6,107" hai2="66,84,106,35,60,73,57,11,47,12,78,117,120" hai3="65,91,118,72,128,4,22,74,7,116,23,119,10"/><U25/><E107/><V42/><F117/><W125/><G128/><T48/><D103/><U49/><E129/><V124/><F120/><W43/><G125/><T81/><D108/><U114/><E114/><V79/><F124/><W67/><G43/><T134/><D17/><U98/><E127/><V94/><F106/><W32/><G32/><T26/><D29/><U0/><E135/><N who="0" m="51753" /><D45/><U36/><E93/><V14/><F35/><W111/><G111/><T133/><N who="0" m="51761" /><T30/><DORA hai="64" /><D55/><U18/><E18/><V50/><F73/><N who="3" m="28267" /><G10/><T75/><D75/><U5/><E38/><V112/><F14/><W39/><G39/><T20/><D27/><U100/><REACH who="1" step="1"/><E36/><REACH who="1" ten="128,335,327,190" step="2"/><V40/><F112/><W126/><G126/><T89/><AGARI ba="1,2" hai="20,26,30,44,48,53,81,86,89,121,123" m="51761" machi="89" ten="40,2700,0" yaku="20,1,52,1" doraHai="87,64" who="0" fromWho="0" sc="128,50,335,-14,327,-8,190,-8" /><INIT seed="6,0,0,4,0,121" ten="178,321,319,182" oya="2" hai0="73,92,37,11,6,33,90,71,45,105,128,130,122" hai1="126,8,95,60,101,47,111,7,87,62,108,48,99" hai2="4,74,17,35,115,49,106,86,78,116,80,36,15" hai3="23,131,70,89,75,58,26,1,94,79,107,25,135"/><V20/><F116/><W98/><G131/><N who="0" m="50219" /><D105/><U88/><E126/><V24/><F36/><W134/><G70/><T104/><D104/><U56/><E47/><V18/><F106/><W21/><G1/><N who="0" m="463" /><D73/><U67/><E48/><V68/><F68/><W41/><G107/><T109/><D71/><U28/><E28/><V42/><F115/><W64/><G41/><N who="0" m="22703" /><D33/><U83/><E62/><V2/><F35/><W44/><G44/><T9/><D9/><U82/><E82/><V72/><F2/><AGARI ba="0,0" hai="2,7,8,56,60,67,83,87,88,95,99,101,108,111" machi="2" ten="30,7700,0" yaku="7,1,52,2,54,1" doraHai="121" who="1" fromWho="2" sc="178,0,321,77,319,-77,182,0" /><INIT seed="7,0,0,2,5,102" ten="178,398,242,182" oya="3" hai0="92,27,112,55,120,53,108,127,98,123,36,49,41" hai1="37,96,25,81,93,29,54,33,80,45,97,24,60" hai2="30,69,82,83,105,68,6,94,35,44,58,34,62" hai3="14,125,132,9,99,65,15,51,111,1,46,70,88"/><W133/><G125/><T42/><D108/><U17/><E37/><V32/><F105/><W109/><G1/><T23/><D127/><U57/><E45/><V86/><F30/><W89/><G65/><T71/><D71/><U135/><E135/><N who="3" m="51786" /><G70/><T72/><D72/><U76/><E81/><V128/><F68/><W22/><G22/><T84/><D36/><U73/><E93/><V4/><F69/><W113/><G113/><T85/><D112/><U90/><E90/><N who="3" m="34922" /><G99/><T131/><D55/><U3/><E3/><V117/><F34/><W18/><G14/><T39/><D39/><U124/><E124/><V75/><F35/><W19/><G19/><N who="0" m="12799" /><D131/><U13/><E25/><V8/><F128/><W28/><G28/><T115/><D115/><U48/><E60/><V104/><F32/><W118/><G118/><T26/><D26/><U91/><E91/><V121/><F117/><W119/><G119/><T130/><D130/><U126/><E126/><V11/><F4/><W0/><G0/><T79/><D123/><U61/><E61/><V7/><F121/><W116/><G116/><T40/><D79/><U5/><E5/><V122/><F122/><W103/><G103/><N who="0" m="60871" /><D120/><U63/><E63/><V2/><F6/><W110/><G109/><T38/><D38/><U106/><E106/><V43/><F7/><W107/><G107/><T114/><D114/><U64/><E64/><V87/><F104/><W56/><G56/><AGARI ba="0,0" hai="40,41,42,49,53,56,84,85" m="60871,12799" machi="56" ten="30,1000,0" yaku="8,1" doraHai="102" who="0" fromWho="3" sc="178,10,398,0,242,0,182,-10" owari="188,-21.0,398,50.0,242,4.0,172,-33.0" /></mjloggm>