<mjloggm ver="2.3"><GO type="169" lobby="0"/><UN n0="%E6%80%9C%EF%BD%9E" n1="%E4%BD%90%E9%87%8E%E3%81%95%E3%81%AE" n2="%E3%82%82%E3%81%93%E3%81%BF" n3="%E9%9D%92%E6%98%A5%E3%81%AE%E6%8F%A1%E3%82%8A%E6%8B%B3" dan="16,16,16,16" rate="2072.01,2033.91,2082.39,2068.49" sx="M,M,M,M"/><TAIKYOKU oya="0"/><INIT seed="0,0,0,5,5,100" ten="250,250,250,250" oya="0" hai0="49,30,18,34,118,96,72,75,111,134,77,101,61" hai1="102,11,12,126,58,78,105,129,88,117,109,113,119" hai2="91,0,39,42,122,8,59,84,70,133,86,47,83" hai3="31,135,64,120,99,108,106,32,115,65,104,1,123"/><T124/><D118/><U44/><E113/><V3/><F133/><W107/><G115/><T54/><D134/><U53/><E78/><V94/><F122/><N who="3" m="46635" /><G135/><T131/><D124/><U15/><E126/><V27/><F70/><W4/><G108/><T38/><D38/><U66/><E109/><V41/><F41/><W55/><G99/><T132/><D132/><U69/><E129/><V40/><F40/><W14/><G1/><T20/><D131/><U13/><E11/><V82/><F27/><N who="3" m="18559" /><G55/><T62/><D111/><U43/><E119/><V36/><F36/><W51/><G51/><T9/><D30/><U29/><E29/><V60/><F8/><AGARI ba="0,0" hai="4,8,14,64,65,104,106,107" m="18559,46635" machi="8" ten="40,8000,1" yaku="13,1,52,3" doraHai="100" who="3" fromWho="2" sc="250,0,250,0,250,-80,250,80" /><INIT seed="1,0,0,4,4,91" ten="250,250,170,330" oya="1" hai0="24,78,103,18,43,12,92,50,124,29,86,54,62" hai1="98,17,61,76,104,94,37,129,48,112,58,75,70" hai2="36,52,45,42,27,56,88,7,13,90,26,10,119" hai3="5,127,9,64,41,133,68,44,47,63,59,95,53"/><U93/><E112/><V28/><F119/><W135/><G127/><T123/><D124/><U114/><E114/><V73/><F73/><W4/><G4/><T35/><D123/><U105/><E37/><V6/><F6/><W71/><G71/><T0/><D0/><U82/><E129/><V65/><F65/><W55/><G55/><T97/><D43/><U67/><E17/><V11/><F11/><W22/><G22/><T117/><D62/><U23/><E23/><V38/><F38/><W107/><G107/><T77/><D86/><U111/><E93/><V60/><REACH who="2" step="1"/><F26/><REACH who="2" ten="250,250,160,330" step="2"/><W57/><G68/><T2/><D117/><U121/><E121/><V74/><F74/><W101/><G9/><T131/><D131/><U21/><E111/><V120/><F120/><W40/><G5/><T83/><D2/><U85/><E75/><V81/><F81/><W19/><G135/><T116/><D83/><U122/><E122/><V66/><F66/><W14/><G133/><T108/><D116/><U16/><E70/><V87/><F87/><W99/><G14/><T1/><D1/><U32/><E67/><V49/><F49/><N who="3" m="30895" /><G19/><T79/><D108/><U89/><E48/><V110/><F110/><W69/><G69/><T20/><D50/><U126/><E126/><V8/><F8/><W102/><G40/><T30/><D54/><U134/><E134/><V80/><F80/><W34/><G41/><T33/><D24/><U84/><E84/><V130/><F130/><W118/><G118/><T39/><D39/><U46/><E82/><V96/><F96/><N who="3" m="59551" /><G34/><AGARI ba="0,1" hai="7,10,13,27,28,34,36,42,45,52,56,60,88,90" machi="34" ten="30,7700,0" yaku="1,1,7,1,54,2,53,0" doraHai="91" doraHaiUra="128" who="2" fromWho="3" sc="250,0,250,0,160,87,330,-77" /><INIT seed="2,0,0,1,2,73" ten="250,250,247,253" oya="2" hai0="76,25,26,130,8,48,50,109,96,66,114,63,38" hai1="71,10,115,123,65,108,51,92,27,11,99,79,69" hai2="90,54,82,112,7,113,12,60,15,85,97,2,20" hai3="56,74,19,39,121,33,52,18,91,3,67,49,36"/><V21/><F2/><W128/><G121/><T135/><D114/><U70/><E115/><V98/><F112/><W61/><G128/><T32/><D130/><U78/><E123/><V118/><F118/><W9/><G33/><T0/><D38/><U1/><E65/><V68/><F113/><W105/><G105/><T131/><D131/><U14/><E1/><V42/><F42/><W102/><G102/><T46/><D109/><U125/><E125/><V119/><F119/><W80/><G18/><T89/><D48/><U4/><E108/><V34/><F34/><W24/><G24/><T22/><D32/><U62/><E62/><V116/><F116/><W58/><G91/><T94/><D135/><U43/><E11/><V44/><F68/><W124/><G124/><T55/><D22/><N who="2" m="8810" /><F7/><W84/><G74/><T77/><D8/><U120/><E27/><N who="0" m="10249" /><D0/><U110/><E110/><V29/><F29/><W47/><G47/><T40/><D66/><U59/><E59/><AGARI ba="0,0" hai="40,46,50,55,59,63,76,77,89,94,96" m="10249" machi="59" ten="30,3900,0" yaku="8,1,52,2" doraHai="73" who="0" fromWho="1" sc="250,39,250,-39,247,0,253,0" /><INIT seed="3,0,0,5,1,67" ten="289,211,247,253" oya="3" hai0="31,110,22,86,129,72,107,18,32,125,112,109,108" hai1="23,51,35,4,114,75,12,21,24,91,80,26,53" hai2="37,15,54,17,55,36,52,132,135,102,89,128,121" hai3="13,19,105,41,124,96,7,8,83,64,74,116,60"/><W81/><G116/><T63/><D72/><U48/><E114/><V6/><F128/><W57/><G124/><T106/><D125/><U111/><E111/><V123/><F6/><W134/><G41/><T70/><D129/><U16/><E35/><V69/><F102/><W122/><G122/><N who="2" m="46601" /><F89/><W46/><G46/><T47/><D112/><U50/><E4/><V71/><F17/><W90/><G134/><N who="2" m="51241" /><F15/><W95/><G105/><T131/><D131/><U73/><E53/><V98/><F98/><W77/><G83/><T39/><D31/><U84/><REACH who="1" step="1"/><E12/><REACH who="1" ten="289,201,247,253" step="2"/><V20/><F20/><W100/><G7/><T94/><D32/><U104/><E104/><V49/><F49/><W34/><G34/><T113/><D113/><U115/><E115/><V93/><F93/><W59/><REACH who="3" step="1"/><G100/><REACH who="3" ten="289,201,247,243" step="2"/><T43/><D106/><U14/><E14/><V119/><F119/><W87/><G87/><T3/><D107/><U10/><E10/><V99/><F99/><W11/><G11/><T78/><D108/><U42/><E42/><V28/><F28/><AGARI ba="0,2" hai="16,21,23,24,26,28,48,50,51,73,75,80,84,91" machi="28" ten="40,2600,0" yaku="1,1,54,1,53,0" doraHai="67" doraHaiUra="40" who="1" fromWho="2" sc="289,0,201,46,247,-26,243,0" /><INIT seed="4,0,0,2,1,49" ten="289,247,221,243" oya="0" hai0="7,40,91,81,71,48,38,10,131,18,41,32,33" hai1="13,58,90,99,8,77,80,36,107,31,9,67,19" hai2="122,100,22,108,0,20,47,2,116,109,73,63,66" hai3="55,56,69,4,70,134,1,43,86,34,125,53,111"/><T87/><D38/><U129/><E36/><V27/><F122/><W120/><G120/><T17/><D71/><U98/><E31/><V25/><F73/><W78/><G111/><N who="2" m="42569" /><F100/><W3/><G34/><T85/><D131/><U52/><E67/><V112/><F47/><W106/><G106/><T123/><D123/><U133/><E133/><V103/><F103/><W104/><G104/><T37/><D37/><U88/><E129/><V39/><F39/><W30/><G30/><T6/><D48/><N who="1" m="30983" /><E107/><V130/><F130/><W59/><G43/><T42/><D85/><N who="1" m="48271" /><E9/><V119/><F112/><W51/><G134/><T16/><REACH who="0" step="1"/><D7/><REACH who="0" ten="279,247,221,243" step="2"/><U23/><E23/><N who="2" m="8747" /><F63/><W82/><G70/><T94/><D94/><U24/><E24/><N who="2" m="9291" /><F66/><W117/><G69/><T45/><D45/><U92/><E92/><V46/><F46/><W114/><G114/><T128/><D128/><U118/><E118/><AGARI ba="0,1" hai="0,2,116,118,119" m="9291,8747,42569" machi="118" ten="40,8000,1" yaku="28,2,12,1,34,2" doraHai="49" who="2" fromWho="1" sc="279,0,247,-80,221,90,243,0" /><INIT seed="5,0,0,0,5,57" ten="279,167,311,243" oya="1" hai0="29,40,76,19,99,55,107,27,120,115,52,48,16" hai1="98,69,78,31,54,92,94,134,35,21,32,51,84" hai2="131,126,26,46,70,118,123,91,15,113,56,132,86" hai3="11,14,1,95,90,10,65,121,111,49,45,8,59"/><U33/><E69/><V5/><F118/><W119/><G119/><T75/><D115/><U71/><E71/><V129/><F123/><W34/><G111/><T36/><D36/><U130/><E134/><V17/><F132/><W62/><G34/><T63/><D75/><U30/><E130/><N who="2" m="49675" /><F70/><W47/><G121/><T50/><D76/><U108/><E108/><V135/><F135/><W28/><G28/><T81/><D81/><U25/><E31/><V41/><F5/><W87/><G1/><T97/><D40/><U110/><E110/><V39/><F26/><W6/><REACH who="3" step="1"/><G45/><REACH who="3" ten="279,167,311,233" step="2"/><T128/><D120/><U43/><E43/><AGARI ba="0,1" hai="6,8,10,11,14,43,47,49,59,62,65,87,90,95" machi="43" ten="30,8000,1" yaku="1,1,2,1,7,1,8,1,52,1,53,0" doraHai="57" doraHaiUra="133" who="3" fromWho="1" sc="279,0,167,-80,311,0,233,90" /><INIT seed="6,0,0,5,4,55" ten="279,87,311,323" oya="2" hai0="128,131,92,14,32,64,100,22,39,16,102,116,129" hai1="52,9,132,20,2,76,79,1,8,35,53,121,126" hai2="127,86,13,15,77,50,71,6,114,124,48,33,82" hai3="119,5,28,134,103,104,57,105,95,42,58,41,87"/><V49/><F114/><W25/><G119/><T12/><D116/><U94/><E35/><V80/><F71/><W10/><G134/><T85/><D32/><U74/><E132/><V96/><F33/><W24/><G95/><T118/><D118/><U91/><E126/><N who="2" m="48171" /><F6/><W54/><G87/><T108/><D39/><U29/><E121/><V34/><F34/><W112/><G112/><T46/><D46/><U62/><E1/><V72/><F96/><W3/><G57/><T109/><D64/><U73/><E73/><V75/><F75/><W99/><G105/><T31/><D31/><U113/><E113/><V101/><F101/><N who="0" m="39018" /><D12/><U47/><E74/><V110/><F110/><W23/><REACH who="3" step="1"/><G25/><REACH who="3" ten="279,87,311,313" step="2"/><T81/><D92/><U4/><E62/><AGARI ba="0,1" hai="3,5,10,23,24,28,41,42,54,58,62,99,103,104" machi="62" ten="30,8000,1" yaku="1,1,2,1,7,1,52,1,53,1" doraHai="55" doraHaiUra="51" who="3" fromWho="1" sc="279,0,87,-80,311,0,313,90" /><INIT seed="7,0,0,3,5,6" ten="279,7,311,403" oya="3" hai0="8,71,94,104,72,127,59,86,109,53,11,130,19" hai1="108,23,110,22,126,85,60,121,80,12,75,84,7" hai2="107,96,29,73,20,31,81,13,24,0,106,124,101" hai3="115,105,116,61,78,14,49,67,38,1,3,103,93"/><W89/><G116/><T50/><D109/><U90/><E121/><V83/><F124/><W18/><G38/><T68/><D104/><U37/><E37/><V119/><F119/><W135/><G78/><T70/><D72/><U44/><E75/><V28/><F0/><W129/><G103/><T47/><D127/><U92/><E44/><V58/><F107/><W54/><G105/><T2/><D130/><U48/><E126/><V57/><F73/><W52/><G54/><T97/><D2/><U125/><E125/><V113/><F113/><W133/><G115/><T33/><D33/><U74/><E48/><V30/><REACH who="2" step="1"/><F13/><REACH who="2" ten="279,7,301,403" step="2"/><W34/><G1/><T5/><D5/><U35/><E12/><V46/><F46/><W132/><G3/><T42/><D19/><U51/><E74/><V9/><F9/><W118/><G14/><T32/><D32/><U21/><E35/><V16/><F16/><W77/><G18/><T134/><D134/><U117/><E117/><V56/><AGARI ba="0,1" hai="20,24,28,29,30,31,56,57,58,81,83,96,101,106" machi="56" ten="30,2000,0" yaku="1,1,0,1,53,0" doraHai="6" doraHaiUra="63" who="2" fromWho="2" sc="279,-5,7,-5,301,30,403,-10" owari="274,-13.0,2,-50.0,331,13.0,393,50.0" /></mjloggm>