<mjloggm ver="2.3"><GO type="185" lobby="0"/><UN n0="%4E%45%47%49%54%53" n1="%6E%6F%70%72%6F%70%73" n2="%E9%BE%8D%E9%A6%AC%E3%81%AE%E5%B0%8F%E5%80%89" n3="" dan="18,16,18,0" rate="2331.57,2183.78,2274.96,1500.00" sx="F,F,M,C"/><TAIKYOKU oya="0"/><INIT seed="0,0,0,4,0,94" ten="350,350,350,0" oya="0" hai0="63,84,125,132,111,103,114,67,133,59,64,58,128" hai1="32,0,38,129,3,65,83,82,72,91,134,101,131" hai2="109,61,69,123,119,70,85,130,87,86,75,98,121" hai3=""/><T52/><D114/><U124/><E32/><V57/><N who="2" m="31008" /><V107/><N who="2" m="31520" /><V46/><F75/><T1/><D1/><U43/><E65/><V41/><F109/><T115/><D115/><U50/><E38/><V55/><F130/><N who="1" m="49673" /><E50/><V2/><F2/><T56/><D128/><U127/><E43/><V116/><F107/><T35/><D35/><U44/><E44/><V99/><F69/><T122/><N who="0" m="31264" /><T76/><D125/><N who="1" m="48203" /><E101/><V45/><F70/><T105/><D111/><U73/><E3/><V60/><F60/><T106/><D67/><U100/><E0/><V81/><F81/><N who="1" m="30729" /><E100/><V90/><F45/><T102/><D102/><U74/><E91/><V79/><F90/><T33/><D33/><U89/><E89/><V42/><F42/><T110/><D110/><U93/><E93/><V80/><F80/><T104/><D103/><U126/><N who="1" m="48211" /><U117/><DORA hai="48" /><E117/><N who="2" m="45131" /><F79/><T97/><D76/><U39/><E39/><AGARI ba="0,0" hai="39,41,46,55,57,61,85,86,87,98,99" m="45131,31520,31008" machi="39" ten="30,12000,2" yaku="12,1,52,5" doraHai="94,48" who="2" fromWho="1" sc="350,0,350,-120,350,120,0,0" /><INIT seed="1,0,0,4,1,101" ten="350,230,470,0" oya="1" hai0="2,55,110,84,133,122,37,118,75,125,36,120,135" hai1="80,50,119,109,41,83,100,67,58,114,87,89,57" hai2="61,108,34,77,60,130,76,59,46,127,70,90,78" hai3=""/><U105/><E114/><V126/><F34/><T106/><RYUUKYOKU type="yao9" ba="0,0" sc="350,0,230,0,470,0,0,0" hai0="2,36,37,55,75,84,106,110,118,120,122,125,133,135" /><INIT seed="1,1,0,4,0,36" ten="350,230,470,0" oya="1" hai0="68,121,123,113,119,71,66,92,118,67,33,43,65" hai1="115,96,107,32,86,0,120,112,62,84,50,130,125" hai2="44,45,91,2,89,81,122,74,39,124,97,126,42" hai3=""/><U70/><N who="1" m="30752" /><U47/><E0/><V104/><N who="2" m="31264" /><V63/><F2/><T133/><N who="0" m="31008" /><T128/><N who="0" m="31520" /><T34/><D113/><U78/><E32/><V135/><F135/><T90/><D133/><U38/><E38/><V110/><F110/><T1/><D1/><U49/><E130/><V106/><F63/><T75/><D75/><U88/><E125/><N who="2" m="48235" /><F45/><T105/><D105/><N who="2" m="40554" /><F97/><T134/><D134/><U51/><E47/><V52/><F52/><T93/><D128/><U117/><E115/><V3/><F3/><T111/><D111/><U129/><E112/><V131/><F131/><T56/><D56/><U61/><E129/><V53/><F53/><T35/><D43/><U59/><E59/><V98/><F98/><T116/><D90/><U87/><E88/><V77/><AGARI ba="1,0" hai="39,42,44,74,77,81,89,91" m="40554,48235,31264" machi="77" ten="40,3900,0" yaku="18,1,52,2" doraHai="36" who="2" fromWho="2" sc="350,-14,230,-27,470,41,0,0" /><INIT seed="2,0,0,0,3,98" ten="336,203,511,0" oya="2" hai0="130,69,85,51,70,77,57,68,55,79,88,58,82" hai1="112,73,0,95,53,33,116,102,64,127,132,2,44" hai2="124,86,126,123,66,107,122,133,71,38,45,93,97" hai3=""/><V1/><N who="2" m="31264" /><V117/><N who="2" m="31520" /><V78/><F117/><T54/><REACH who="0" step="1"/><D130/><REACH who="0" ten="326,203,511,0" step="2"/><U106/><E2/><V131/><F1/><T135/><D135/><U114/><E132/><V49/><F133/><T113/><D113/><U99/><E0/><V41/><F131/><T80/><D80/><U87/><E112/><V128/><F128/><T115/><D115/><U92/><E114/><V43/><F107/><T109/><D109/><U83/><E106/><V91/><F38/><T35/><D35/><U34/><E83/><V94/><F78/><T75/><D75/><U37/><E73/><V118/><F118/><T65/><D65/><U67/><E64/><V120/><N who="2" m="30752" /><V47/><F66/><T108/><D108/><U125/><E34/><V104/><F104/><T48/><AGARI ba="0,1" hai="48,51,54,55,57,58,68,69,70,77,79,82,85,88" machi="48" ten="30,6000,1" yaku="1,1,0,1,9,1,54,1,53,1" doraHai="98" doraHaiUra="81" who="0" fromWho="0" sc="326,70,203,-20,511,-40,0,0" /><INIT seed="4,0,0,1,2,59" ten="396,183,471,0" oya="0" hai0="55,104,79,66,44,87,133,62,113,129,57,72,125" hai1="92,90,105,34,71,78,116,102,61,103,39,70,93" hai2="52,75,106,89,68,35,131,69,124,36,2,67,1" hai3=""/><T43/><D104/><U0/><E0/><V56/><F35/><T134/><D72/><U109/><E34/><V99/><F36/><T54/><D113/><U65/><E109/><V101/><F75/><T84/><D125/><U128/><E116/><V107/><F124/><T85/><D79/><U60/><E128/><V76/><F76/><T120/><N who="0" m="30752" /><T77/><D77/><U83/><E105/><V108/><F108/><T122/><N who="0" m="31264" /><T94/><D94/><U38/><E78/><V88/><F131/><T46/><D129/><U100/><E83/><V121/><N who="2" m="31008" /><V117/><F117/><T97/><D97/><U74/><E74/><V114/><F114/><T32/><D32/><U96/><REACH who="1" step="1"/><E92/><REACH who="1" ten="396,173,471,0" step="2"/><V123/><N who="2" m="31520" /><V45/><F106/><T3/><D3/><U50/><E50/><V51/><F1/><T48/><REACH who="0" step="1"/><D66/><AGARI ba="0,1" hai="38,39,60,61,65,66,70,71,90,93,96,100,102,103" machi="66" ten="40,8000,1" yaku="1,1,9,1,52,2,53,0" doraHai="59" doraHaiUra="47" who="1" fromWho="0" sc="396,-80,173,90,471,0,0,0" /><INIT seed="5,0,0,2,5,59" ten="316,263,471,0" oya="1" hai0="126,131,135,90,72,36,103,98,95,93,55,82,53" hai1="127,45,77,71,100,51,102,104,116,112,38,54,75" hai2="69,128,49,76,124,48,117,105,64,107,133,122,108" hai3=""/><U130/><E116/><V70/><N who="2" m="31264" /><V33/><F117/><T46/><D126/><U81/><E112/><V106/><F124/><T123/><N who="0" m="31520" /><T41/><D135/><U132/><E127/><V119/><F119/><T73/><D131/><U56/><E132/><V50/><F133/><T57/><D82/><U129/><E71/><V125/><F125/><T110/><D55/><U74/><E74/><V34/><F128/><N who="1" m="49257" /><E104/><V67/><F76/><T86/><REACH who="0" step="1"/><D110/><REACH who="0" ten="306,263,471,0" step="2"/><U114/><E114/><V118/><F108/><T39/><D39/><U32/><E32/><N who="2" m="12395" /><F118/><T101/><D101/><N who="1" m="39019" /><E38/><V2/><F2/><T35/><D35/><U66/><E66/><AGARI ba="0,1" hai="48,49,50,64,66,67,69,70,105,106,107" m="12395,31264" machi="66" ten="40,5200,0" yaku="28,2,52,1" doraHai="59" who="2" fromWho="1" sc="306,0,263,-52,471,62,0,0" /><INIT seed="6,0,0,5,0,33" ten="306,211,533,0" oya="2" hai0="66,49,85,86,83,63,58,45,106,98,105,39,67" hai1="122,111,55,118,40,71,47,35,109,133,78,79,113" hai2="126,68,107,72,41,56,123,135,75,88,92,73,50" hai3=""/><V94/><N who="2" m="31520" /><V69/><F107/><T121/><N who="0" m="31008" /><T60/><D39/><U59/><N who="1" m="31264" /><U32/><E32/><V44/><F126/><T110/><D110/><U81/><E35/><V74/><F74/><T54/><D98/><U51/><E79/><V96/><F135/><T84/><D106/><U2/><E81/><V37/><F92/><T61/><D105/><U99/><E78/><V104/><F104/><T102/><D102/><U77/><E77/><V1/><F1/><T124/><D124/><U38/><E99/><V91/><F91/><T129/><D129/><U108/><E2/><V53/><AGARI ba="0,0" hai="37,41,44,50,53,56,68,69,72,73,75,88,94,96" m="31520" machi="53" ten="40,5200,0" yaku="0,1,52,1,54,1" doraHai="33" who="2" fromWho="2" sc="306,-26,211,-26,533,52,0,0" owari="280,-12.0,185,-41.0,585,53.0,0,0.0" /></mjloggm>