<mjloggm ver="2.3"><GO type="185" lobby="0"/><UN n0="%E7%A7%8B%E7%94%B0%E3%81%AE%E3%81%B2%E3%82%88%E3%81%93" n1="%E6%96%B0%E3%81%9F%E3%81%AA%E6%8C%91%E6%88%A6" n2="%E7%A5%9E%E6%9D%A1%E7%B4%AB%E6%9D%8F" n3="" dan="16,17,16,0" rate="2226.85,2283.02,2174.03,1500.00" sx="F,M,F,C"/><TAIKYOKU oya="0"/><INIT seed="0,0,0,2,4,83" ten="350,350,350,0" oya="0" hai0="114,133,34,84,0,3,118,68,78,88,127,43,42" hai1="134,89,79,87,80,131,57,65,74,128,64,59,93" hai2="94,102,90,135,56,39,38,40,81,62,122,86,72" hai3=""/><T91/><D114/><U100/><E134/><V113/><N who="2" m="31264" /><V115/><F135/><T107/><D34/><U66/><REACH who="1" step="1"/><E100/><REACH who="1" ten="350,340,350,0" step="2"/><V108/><F115/><T95/><D133/><U32/><E32/><V41/><F113/><T116/><D0/><U33/><E33/><V63/><F102/><T103/><D3/><U35/><E35/><V129/><F108/><T69/><D103/><U101/><E101/><V73/><F129/><AGARI ba="0,1" hai="57,59,64,65,66,74,79,80,87,89,93,128,129,131" machi="129" ten="40,5200,0" yaku="1,1,19,1,52,1,53,0" doraHai="83" doraHaiUra="112" who="1" fromWho="2" sc="350,0,340,62,350,-52,0,0" /><INIT seed="1,0,0,2,1,111" ten="350,402,298,0" oya="1" hai0="44,126,121,133,119,84,58,77,118,43,79,52,123" hai1="124,66,76,71,134,81,89,85,70,80,34,68,112" hai2="0,122,109,104,82,91,99,72,101,39,75,64,103" hai3=""/><U38/><E34/><V127/><N who="2" m="31264" /><V86/><F0/><T102/><N who="0" m="31008" /><T114/><N who="0" m="31520" /><T56/><D114/><U131/><E38/><V116/><F39/><T48/><D133/><U65/><E134/><V53/><F64/><T67/><D126/><U98/><E124/><V97/><F53/><T87/><D102/><U94/><E112/><V130/><F127/><T62/><D87/><U59/><E131/><V117/><F109/><T2/><D2/><U132/><E132/><V49/><F49/><T108/><D108/><U106/><E106/><V55/><F55/><T35/><D35/><U54/><REACH who="1" step="1"/><E81/><REACH who="1" ten="350,392,298,0" step="2"/><V63/><F130/><T1/><D1/><U45/><E45/><V96/><F117/><N who="0" m="44554" /><D84/><U73/><E73/><V69/><F116/><T128/><D128/><U60/><AGARI ba="0,1" hai="54,59,60,65,66,68,70,71,76,80,85,89,94,98" machi="60" ten="30,2000,0" yaku="1,1,0,1,53,0" doraHai="111" doraHaiUra="129" who="1" fromWho="1" sc="350,-10,392,30,298,-10,0,0" /><INIT seed="1,1,0,5,1,120" ten="340,422,288,0" oya="1" hai0="48,1,112,107,60,125,126,43,105,108,39,133,97" hai1="130,77,51,123,86,63,80,68,49,2,65,79,95" hai2="131,62,99,106,87,59,54,72,47,110,118,37,35" hai3=""/><U96/><N who="1" m="31520" /><U104/><E2/><V88/><F118/><T42/><D112/><U127/><E130/><V3/><F131/><T55/><D1/><U76/><E104/><V41/><F3/><T113/><D113/><U46/><E127/><V122/><N who="2" m="31264" /><V121/><N who="2" m="31008" /><V75/><F35/><T73/><D73/><U132/><E132/><V98/><F110/><T64/><D133/><U115/><E115/><V93/><REACH who="2" step="1"/><F99/><REACH who="2" ten="340,422,278,0" step="2"/><T44/><D108/><U70/><E70/><V0/><F0/><T89/><D126/><U84/><E84/><V111/><F111/><T129/><D125/><U50/><REACH who="1" step="1"/><E46/><REACH who="1" ten="340,412,278,0" step="2"/><V61/><F61/><T116/><D60/><U124/><E124/><V83/><F83/><T57/><D44/><U90/><AGARI ba="1,2" hai="49,50,51,63,65,68,76,77,79,80,86,90,95,96" m="31520" machi="90" ten="30,12000,2" yaku="1,1,0,1,52,1,53,3" doraHai="120" doraHaiUra="45" who="1" fromWho="1" sc="340,-61,412,142,278,-61,0,0" /><INIT seed="1,2,0,2,4,93" ten="279,554,217,0" oya="1" hai0="77,94,99,114,116,96,65,85,67,132,79,66,70" hai1="119,38,57,32,68,72,0,134,76,80,3,84,101" hai2="64,91,61,133,49,42,112,40,44,88,73,69,58" hai3=""/><U126/><E32/><V109/><F109/><T46/><D114/><U1/><E119/><V89/><F112/><T104/><D116/><U59/><E68/><V2/><F2/><T107/><D70/><U128/><E38/><V63/><F73/><T105/><D132/><U103/><E134/><V74/><F74/><T78/><D46/><U41/><E41/><V113/><F133/><T62/><D62/><U81/><E128/><V86/><F113/><T52/><D52/><U54/><E59/><V53/><REACH who="2" step="1"/><F42/><REACH who="2" ten="279,554,207,0" step="2"/><T39/><D39/><U123/><N who="1" m="31520" /><U75/><E75/><V110/><F110/><T90/><AGARI ba="2,1" hai="65,66,67,77,78,79,85,90,94,96,99,104,105,107" machi="90" ten="40,6000,1" yaku="0,1,29,2,52,2" doraHai="93" who="0" fromWho="0" sc="279,74,554,-42,207,-22,0,0" /><INIT seed="2,0,0,4,5,105" ten="353,512,185,0" oya="2" hai0="91,129,113,68,50,55,123,121,63,48,115,92,47" hai1="122,37,43,59,65,42,95,44,62,94,83,106,120" hai2="38,90,99,41,124,1,39,40,49,118,107,54,126" hai3=""/><V61/><F118/><T34/><N who="0" m="31008" /><T73/><N who="0" m="31520" /><T109/><D34/><U132/><N who="1" m="30752" /><U80/><N who="1" m="31264" /><U45/><E106/><V89/><F1/><T76/><D109/><U67/><E132/><V52/><F107/><T88/><D129/><U33/><E33/><V110/><F99/><T77/><D50/><U117/><E117/><V103/><F103/><T51/><D51/><U32/><E32/><V130/><F130/><T82/><D77/><U104/><E104/><V71/><F110/><T78/><D78/><U101/><E67/><V125/><F89/><T0/><D0/><U133/><E133/><V97/><F90/><T102/><D102/><U79/><E101/><V134/><F97/><T74/><D74/><U64/><E65/><V114/><F134/><T135/><D135/><U3/><E3/><V70/><F114/><N who="0" m="43530" /><D92/><U85/><E80/><V86/><F126/><T111/><D111/><U2/><E2/><V66/><F49/><AGARI ba="0,0" hai="37,42,43,44,45,49,59,62,64,79,83,85,94,95" m="31264,30752" machi="49" ten="30,3900,0" yaku="7,1,52,2" doraHai="105" who="1" fromWho="2" sc="353,0,512,39,185,-39,0,0" /><INIT seed="4,0,0,3,3,43" ten="353,551,146,0" oya="0" hai0="63,111,0,95,94,50,49,120,59,48,44,32,113" hai1="128,84,116,99,131,76,103,97,34,104,91,88,92" hai2="74,81,98,82,47,39,58,77,51,67,106,112,53" hai3=""/><T115/><N who="0" m="30752" /><T124/><D0/><U122/><N who="1" m="31264" /><U57/><E34/><V71/><F112/><N who="0" m="43082" /><D32/><U72/><E57/><V42/><F82/><T85/><D124/><U69/><E69/><V96/><REACH who="2" step="1"/><F106/><REACH who="2" ten="353,551,136,0" step="2"/><T80/><D111/><U118/><E72/><V101/><F101/><T75/><D75/><U65/><E118/><V108/><F108/><T33/><D33/><U109/><E116/><V62/><AGARI ba="0,1" hai="39,42,47,51,53,58,62,67,71,74,77,81,96,98" machi="62" ten="30,6000,1" yaku="1,1,0,1,24,2,52,1,53,0" doraHai="43" doraHaiUra="130" who="2" fromWho="2" sc="353,-40,551,-20,136,70,0,0" /><INIT seed="5,0,0,5,1,113" ten="313,531,206,0" oya="1" hai0="42,91,122,58,118,97,53,99,78,79,130,127,124" hai1="110,76,120,80,39,121,51,57,105,40,106,98,32" hai2="104,59,103,117,67,35,107,70,43,85,102,134,89" hai3=""/><U115/><N who="1" m="30752" /><U108/><N who="1" m="31008" /><U44/><E32/><V93/><F35/><T116/><N who="0" m="31264" /><T88/><D42/><U56/><E115/><V82/><F70/><T90/><D130/><U95/><E57/><V111/><F43/><T128/><D128/><U0/><E0/><V94/><F67/><T41/><D41/><U83/><E56/><V37/><F37/><T34/><D34/><U84/><E83/><V62/><F62/><T81/><D99/><U126/><E126/><N who="0" m="48169" /><D97/><U50/><E106/><V86/><F107/><T33/><D33/><U133/><E105/><V61/><F104/><T129/><D129/><U75/><E75/><V125/><F125/><T38/><D38/><U52/><E133/><V92/><F134/><T72/><D79/><U101/><REACH who="1" step="1"/><E39/><REACH who="1" ten="313,521,206,0" step="2"/><V66/><F82/><T1/><D1/><U119/><E119/><V77/><F117/><T49/><AGARI ba="0,1" hai="49,53,58,72,78,81,88,90,91,116,118" m="48169,31264" machi="49" ten="40,6000,1" yaku="18,1,52,3,54,1" doraHai="113" who="0" fromWho="0" sc="313,70,521,-40,206,-20,0,0" /><INIT seed="6,0,0,3,4,73" ten="383,481,186,0" oya="2" hai0="110,54,111,119,42,58,94,76,120,38,124,1,116" hai1="93,45,71,113,66,132,89,104,36,127,77,55,123" hai2="130,86,106,2,39,51,72,99,121,41,108,134,44" hai3=""/><V67/><N who="2" m="31008" /><V83/><F2/><T128/><N who="0" m="30752" /><T117/><D94/><U112/><N who="1" m="31520" /><U125/><E104/><V92/><F130/><T65/><D1/><U87/><E132/><V50/><F134/><T95/><D95/><U109/><E109/><V135/><F135/><T126/><D76/><U48/><E36/><V60/><F72/><T114/><D65/><U96/><E66/><V69/><F108/><T64/><D64/><U100/><E77/><V85/><F106/><T88/><D88/><U35/><E71/><V49/><REACH who="2" step="1"/><F83/><REACH who="2" ten="383,481,176,0" step="2"/><T53/><D128/><U81/><E35/><V61/><F61/><T32/><D32/><U59/><E45/><V79/><F79/><T70/><D111/><U57/><E57/><V34/><F34/><T78/><D110/><U97/><E97/><V98/><F98/><T118/><D78/><U33/><E33/><V47/><F47/><T91/><D119/><U122/><N who="1" m="31264" /><U84/><E84/><V90/><AGARI ba="0,1" hai="39,41,44,49,50,51,60,67,69,85,86,90,92,99" m="31008" machi="90" ten="30,4000,0" yaku="1,1,0,1,52,1,53,0" doraHai="73" doraHaiUra="75" who="2" fromWho="2" sc="383,-20,481,-20,176,50,0,0" /><INIT seed="6,1,0,0,4,0" ten="363,461,226,0" oya="2" hai0="61,85,110,97,102,134,32,103,79,132,111,49,42" hai1="87,38,33,43,35,118,77,120,109,56,68,128,41" hai2="106,92,58,90,51,107,63,62,105,39,76,129,113" hai3=""/><V75/><F39/><T91/><D61/><U34/><N who="1" m="30752" /><U46/><E109/><V47/><F113/><T115/><D32/><U117/><E68/><V125/><F125/><T112/><D42/><U82/><E128/><V108/><F129/><T80/><D49/><U124/><E124/><V121/><N who="2" m="31008" /><V69/><F108/><N who="0" m="41514" /><D79/><U3/><E3/><V130/><F130/><T98/><D98/><U126/><E126/><V59/><F69/><T135/><D103/><U89/><E41/><V67/><F62/><T48/><D48/><U127/><E127/><V36/><F36/><T53/><D53/><U123/><N who="1" m="31520" /><U101/><E101/><V133/><F59/><T70/><D70/><U57/><E77/><V40/><F76/><T73/><D73/><U84/><E87/><V119/><F75/><T2/><D2/><U114/><E114/><V95/><F119/><AGARI ba="1,0" hai="33,34,35,38,43,46,56,57,82,84,89,117,118,119" m="31520,30752" machi="119" ten="50,12000,2" yaku="12,1,52,5" doraHai="0" who="1" fromWho="2" sc="363,0,461,122,226,-122,0,0" owari="363,-4.0,583,54.0,104,-50.0,0,0.0" /></mjloggm>