<mjloggm ver="2.3"><GO type="169" lobby="0"/><UN n0="%68%61%69%6A%69%6E%35%35" n1="%E3%83%8E%E3%82%AA%E3%83%81%E3%83%A3%E3%83%99%E3%82%B9" n2="%E3%81%A8%E3%81%B3%E3%81%BE%E3%81%93" n3="%E7%AF%A0%E4%B9%8B%E4%B9%8B%E7%AE%92" dan="17,17,16,17" rate="2261.61,2211.06,2144.66,2142.87" sx="M,M,M,F"/><TAIKYOKU oya="0"/><INIT seed="0,0,0,5,0,120" ten="250,250,250,250" oya="0" hai0="14,86,59,97,25,92,54,19,82,113,112,46,55" hai1="21,88,68,43,134,10,69,2,63,39,107,0,76" hai2="29,44,128,135,91,67,15,45,52,36,100,64,5" hai3="72,60,48,132,71,34,73,81,74,41,125,109,57"/><T121/><D121/><U26/><E76/><V110/><F29/><W17/><G34/><T122/><D122/><U35/><E107/><V30/><F30/><W103/><G125/><T101/><D112/><U116/><E35/><V32/><F32/><W98/><G71/><T38/><D113/><U3/><E116/><V22/><F100/><W66/><G132/><T24/><D38/><U78/><E78/><V33/><F33/><W7/><G7/><T126/><D126/><U105/><E105/><V75/><F75/><W106/><G17/><T83/><D46/><U51/><E39/><V99/><F36/><W4/><G4/><T115/><D115/><U62/><E134/><V93/><F128/><W37/><G37/><T20/><D55/><U87/><E10/><N who="2" m="4559" /><F135/><W131/><G131/><T50/><REACH who="0" step="1"/><D83/><REACH who="0" ten="240,250,250,250" step="2"/><U23/><E43/><V119/><F45/><W77/><G41/><T90/><AGARI ba="0,1" hai="14,19,20,24,25,50,54,59,82,86,90,92,97,101" machi="90" ten="20,18000,2" yaku="1,1,2,1,0,1,7,1,8,1,53,1" doraHai="120" doraHaiUra="94" who="0" fromWho="0" sc="240,190,250,-60,250,-60,250,-60" /><INIT seed="0,1,0,5,2,48" ten="430,190,190,190" oya="0" hai0="65,18,0,73,12,63,126,122,7,33,69,113,77" hai1="27,40,58,92,2,21,93,36,47,56,43,53,124" hai2="14,38,3,51,66,6,120,23,37,1,97,110,104" hai3="54,91,111,89,9,4,95,112,107,101,74,75,15"/><T42/><D122/><U128/><E2/><V31/><F120/><W72/><G112/><T39/><D113/><U22/><E43/><V46/><F110/><W118/><G118/><T55/><D126/><U134/><E124/><V19/><F66/><W135/><G135/><T44/><D33/><U50/><E134/><V117/><F117/><W83/><G111/><T130/><D130/><U103/><E128/><V86/><F86/><W45/><G107/><T25/><D25/><U8/><E8/><V26/><F97/><W127/><G127/><T5/><D0/><U30/><E103/><V121/><F104/><W76/><G101/><T62/><D77/><U29/><E58/><V13/><F14/><W16/><G4/><T67/><D73/><U114/><E114/><V24/><F24/><AGARI ba="1,0" hai="21,22,24,27,29,30,36,40,47,50,53,56,92,93" machi="24" ten="40,2600,0" yaku="9,1,52,1" doraHai="48" who="1" fromWho="2" sc="430,0,190,29,190,-29,190,0" /><INIT seed="1,0,0,3,1,66" ten="430,219,161,190" oya="1" hai0="0,130,106,15,99,110,77,102,18,124,73,36,58" hai1="48,121,42,12,26,111,83,97,119,114,7,21,28" hai2="125,59,6,10,54,14,133,65,1,64,126,37,81" hai3="38,91,108,24,39,132,60,87,68,98,115,74,82"/><U67/><E114/><V50/><F37/><W43/><G115/><T118/><D0/><U92/><E119/><V8/><F133/><W44/><G132/><T116/><D36/><U103/><E121/><V109/><F109/><W29/><G108/><T131/><D110/><U95/><E111/><V89/><F81/><W90/><G74/><T94/><D58/><U127/><E127/><N who="2" m="48651" /><F89/><W123/><G123/><T46/><D46/><U63/><E83/><V19/><AGARI ba="0,0" hai="1,6,8,10,14,19,50,54,59,64,65" m="48651" machi="19" ten="30,1100,0" yaku="18,1" doraHai="66" who="2" fromWho="2" sc="430,-3,219,-5,161,11,190,-3" /><INIT seed="2,0,0,3,4,55" ten="427,214,172,187" oya="2" hai0="86,7,23,94,21,68,18,42,102,64,12,106,96" hai1="72,29,133,134,93,11,82,65,84,124,99,135,53" hai2="73,83,20,52,117,32,107,2,79,100,48,103,132" hai3="120,25,6,95,75,104,87,26,71,45,74,49,58"/><V60/><F32/><W40/><G71/><T5/><D42/><U10/><E124/><V36/><F117/><W88/><G104/><T116/><D116/><U19/><E65/><V59/><F2/><W101/><G101/><T63/><D106/><U98/><E29/><V44/><F132/><W33/><G120/><T39/><D39/><U77/><E53/><V22/><F36/><W61/><G6/><T14/><D86/><U81/><E19/><AGARI ba="0,0" hai="5,7,12,14,18,19,21,23,63,64,68,94,96,102" machi="19" ten="40,1300,0" yaku="9,1" doraHai="55" who="0" fromWho="1" sc="427,13,214,-13,172,0,187,0" /><INIT seed="3,0,0,1,5,126" ten="440,201,172,187" oya="3" hai0="15,7,59,18,29,60,66,80,89,94,17,132,8" hai1="13,34,14,110,120,51,19,109,6,11,10,77,48" hai2="107,90,123,69,25,23,111,74,95,79,22,41,21" hai3="49,40,131,112,114,50,76,82,101,75,42,130,35"/><W32/><G101/><T118/><D132/><U133/><E120/><V96/><F111/><W20/><G20/><T99/><D118/><U125/><E34/><V5/><F123/><W33/><G50/><T129/><D129/><N who="3" m="49161" /><G49/><T28/><D80/><U91/><E77/><V119/><F119/><W92/><G92/><T122/><D122/><U128/><E128/><V63/><F41/><AGARI ba="0,0" hai="32,33,35,40,41,42,75,76,82,112,114" m="49161" machi="41" ten="40,12000,1" yaku="19,1,52,3" doraHai="126" who="3" fromWho="2" sc="440,0,201,0,172,-120,187,120" /><INIT seed="3,1,0,4,5,73" ten="440,201,52,307" oya="3" hai0="104,20,58,61,36,118,51,7,111,41,123,80,119" hai1="1,131,72,112,135,52,3,71,93,129,10,29,79" hai2="116,83,66,97,121,98,76,24,92,82,30,35,106" hai3="108,99,54,126,32,67,89,46,78,37,117,18,15"/><W88/><G117/><T77/><D123/><U48/><E71/><V74/><F116/><W95/><G32/><T103/><D111/><U85/><E112/><V113/><F113/><W109/><G126/><T68/><D104/><U96/><E72/><V13/><F121/><W39/><G67/><T62/><D103/><U31/><E135/><V45/><F106/><W125/><G125/><T53/><D20/><U124/><E31/><V6/><F66/><W107/><G107/><T127/><D127/><U114/><E29/><V64/><F64/><W28/><G28/><T65/><D62/><U44/><E114/><V42/><F92/><W91/><G78/><T22/><D22/><U2/><E10/><V21/><F82/><W70/><G70/><T133/><D7/><U122/><E122/><V33/><F35/><W81/><G81/><T8/><D8/><U130/><E124/><V101/><F101/><W38/><G54/><T132/><D118/><U4/><E4/><V69/><F69/><W134/><G134/><T25/><D25/><U75/><E75/><V27/><F27/><W17/><G46/><N who="0" m="23847" /><D119/><U86/><E79/><V60/><F60/><W11/><REACH who="3" step="1"/><G18/><REACH who="3" ten="440,201,52,297" step="2"/><T40/><D40/><U59/><E44/><V110/><F110/><AGARI ba="1,1" hai="11,15,17,37,38,39,88,89,91,95,99,108,109,110" machi="110" ten="50,12000,1" yaku="1,1,2,1,14,1,10,1,54,1,53,0" doraHai="73" doraHaiUra="16" who="3" fromWho="2" sc="440,0,201,0,52,-123,297,133" owari="440,54.0,201,-20.0,-71,-57.0,430,23.0" /></mjloggm>