<mjloggm ver="2.3"><GO type="225" lobby="0"/><UN n0="%E6%A1%9C%E8%8A%B1%E9%96%83%E3%80%85" n1="%4C%4F%4C%49%54%41" n2="%E9%8A%80%E3%81%B0%E3%81%95%E3%81%BF" n3="%E3%81%AA%E3%82%8B%E3%81%9B%E3%81%A7%E3%81%99" dan="16,16,17,16" rate="2124.19,2199.15,2124.08,2138.89" sx="M,F,M,M"/><TAIKYOKU oya="0"/><INIT seed="0,0,0,0,2,118" ten="250,250,250,250" oya="0" hai0="82,77,79,66,102,42,85,96,131,99,68,97,54" hai1="115,59,57,110,0,70,125,113,38,55,104,107,4" hai2="29,72,71,61,65,22,24,26,35,90,76,39,12" hai3="89,75,132,50,111,98,117,129,119,3,21,95,133"/><T53/><D131/><U58/><E70/><V94/><F39/><W108/><G3/><T93/><D42/><U80/><E38/><V43/><F43/><W11/><G11/><T87/><D66/><U123/><E110/><N who="3" m="42026" /><G129/><T44/><D68/><U16/><E125/><V2/><F2/><W127/><G127/><T78/><D44/><U9/><E123/><V5/><F72/><W67/><G67/><T62/><D62/><U18/><E55/><V101/><F76/><N who="0" m="29290" /><D53/><U27/><E80/><V46/><F46/><W128/><G128/><T122/><D54/><U8/><E8/><V48/><F48/><W126/><G126/><T100/><D122/><U56/><N who="1" m="14336" /><DORA hai="60" /><U30/><E107/><V86/><F101/><N who="0" m="39018" /><D87/><U114/><REACH who="1" step="1"/><E104/><REACH who="1" ten="250,240,250,250" step="2"/><V28/><F5/><W120/><G120/><T34/><D34/><AGARI ba="0,1" hai="0,4,9,16,18,27,30,34,113,114,115" m="14336" machi="34" ten="60,8000,1" yaku="1,1,2,1,11,1,54,1,53,1" doraHai="118,60" doraHaiUra="92,25" who="1" fromWho="0" sc="250,-80,240,90,250,0,250,0" /><INIT seed="1,0,0,4,0,83" ten="170,330,250,250" oya="1" hai0="33,115,49,27,123,81,128,132,13,7,42,95,55" hai1="12,34,44,110,90,50,67,63,124,20,48,69,74" hai2="122,9,31,4,51,39,133,117,8,61,109,17,129" hai3="73,113,1,105,79,70,106,43,6,21,89,2,97"/><U76/><E34/><V100/><F39/><W47/><G70/><T96/><D115/><U78/><E74/><V58/><F117/><W26/><G113/><T118/><D118/><U30/><E124/><V77/><F122/><W24/><G24/><T72/><D128/><U45/><E110/><V131/><F109/><W121/><G121/><T108/><D108/><U46/><E30/><V40/><F133/><W29/><G79/><T98/><D123/><U62/><E62/><V88/><F31/><W85/><G73/><T84/><D42/><U15/><E78/><V127/><F127/><W120/><G120/><T71/><D71/><U52/><E76/><V65/><F77/><W3/><G97/><T91/><D132/><U104/><E104/><V107/><F100/><W22/><G22/><T36/><D36/><U102/><E102/><V5/><F107/><W111/><G6/><T18/><D72/><U101/><E20/><V41/><F129/><W130/><G130/><T38/><D38/><U114/><E46/><N who="2" m="26055" /><F41/><W53/><G111/><T99/><D7/><N who="2" m="2634" /><F131/><W16/><G29/><T56/><D33/><U54/><E101/><V25/><F25/><W134/><G134/><T119/><D27/><U35/><E35/><V57/><F17/><W126/><G126/><T0/><D0/><U82/><E114/><V64/><F88/><W68/><G68/><T10/><REACH who="0" step="1"/><D119/><REACH who="0" ten="160,330,250,250" step="2"/><U125/><E125/><V116/><F116/><W32/><G32/><T37/><D37/><U23/><E69/><V11/><F58/><W14/><G3/><T75/><D75/><U93/><E44/><RYUUKYOKU ba="0,1" sc="160,15,330,-15,250,15,250,-15" hai0="10,13,18,49,55,56,81,84,91,95,96,98,99" hai2="8,9,11,57,61,64,65" /><INIT seed="2,1,1,3,2,116" ten="175,315,265,235" oya="2" hai0="98,107,14,45,2,83,69,87,123,76,124,23,25" hai1="78,11,62,75,110,39,0,86,82,109,5,100,16" hai2="58,54,24,80,1,103,88,57,131,52,38,120,33" hai3="53,8,61,48,21,65,74,130,113,47,46,41,104"/><V13/><F1/><W44/><G104/><T99/><D2/><U105/><E39/><V4/><F38/><W114/><G74/><T18/><D124/><U35/><E35/><V132/><F120/><W84/><G8/><T28/><D69/><U89/><E62/><V3/><F3/><W73/><G73/><T101/><D45/><U122/><E122/><V43/><F132/><W7/><G7/><T27/><D123/><U15/><E100/><V10/><F131/><W50/><G130/><T127/><D127/><U79/><E105/><V91/><F43/><W128/><G128/><T119/><D119/><U12/><E0/><V34/><F103/><W60/><G84/><T95/><REACH who="0" step="1"/><D28/><REACH who="0" ten="165,315,265,235" step="2"/><U90/><E110/><V102/><F57/><W115/><G46/><T81/><D81/><U118/><E109/><V19/><F80/><W129/><G129/><T64/><D64/><U9/><E118/><V106/><F58/><W56/><G21/><T42/><D42/><U117/><E117/><V125/><F125/><W20/><G20/><T36/><D36/><U77/><E82/><V51/><F34/><W55/><G65/><T22/><D22/><U85/><E9/><V111/><F33/><W97/><G41/><T6/><D6/><U135/><E5/><V126/><F126/><W93/><G56/><T68/><D68/><U71/><E71/><V31/><F4/><W29/><G29/><T63/><D63/><U26/><E11/><V92/><F10/><W66/><G66/><T112/><D112/><U70/><E70/><V32/><F32/><W59/><G59/><RYUUKYOKU ba="1,2" sc="165,15,315,-15,265,-15,235,15" hai0="14,18,23,25,27,76,83,87,95,98,99,101,107" hai3="44,47,48,50,53,55,60,61,93,97,113,114,115" /><INIT seed="3,2,2,4,0,58" ten="180,300,250,250" oya="3" hai0="119,101,132,91,90,17,64,75,35,2,69,74,8" hai1="128,118,113,23,79,82,54,83,121,99,112,34,97" hai2="59,129,51,88,104,135,92,117,62,14,85,37,125" hai3="57,65,3,9,87,77,103,24,27,116,124,16,38"/><W45/><G116/><T13/><D119/><U105/><E118/><V95/><F117/><RYUUKYOKU type="kaze4" ba="2,2" sc="180,0,300,0,250,0,250,0" /><INIT seed="3,3,2,1,4,22" ten="180,300,250,250" oya="3" hai0="69,112,70,90,19,29,64,84,35,105,121,106,81" hai1="51,95,67,18,96,65,93,123,59,36,13,129,88" hai2="115,5,120,110,131,9,31,76,43,117,0,48,103" hai3="14,85,125,27,101,111,78,12,130,63,49,58,128"/><W8/><G125/><T11/><D121/><U102/><E36/><V23/><F115/><W25/><G111/><T126/><D126/><U77/><E129/><N who="3" m="49770" /><G101/><T39/><D39/><U56/><E77/><V98/><F131/><W32/><G49/><T24/><D112/><U107/><E107/><V75/><F117/><W4/><G32/><T55/><D55/><N who="1" m="31871" /><E59/><V124/><F124/><W20/><G78/><T60/><REACH who="0" step="1"/><D69/><REACH who="0" ten="170,300,250,250" step="2"/><U133/><E123/><V45/><F120/><W53/><G85/><T30/><D30/><U104/><E133/><V99/><F31/><N who="3" m="17831" /><G27/><T72/><D72/><U89/><E65/><V108/><F75/><W109/><G109/><T86/><D86/><U119/><E67/><V100/><F110/><W47/><G47/><T87/><D87/><U92/><E119/><V50/><F108/><W1/><AGARI ba="3,3" hai="1,4,8,12,14,53,58,63" m="17831,49770" machi="1" ten="30,3000,0" yaku="19,1,52,1" doraHai="22" who="3" fromWho="3" sc="170,-13,300,-13,250,-13,250,69" owari="157,-34.0,287,9.0,237,-16.0,319,41.0" /></mjloggm>