<mjloggm ver="2.3"><GO type="169" lobby="0"/><UN n0="%79%6A%2D%63%68%65%6B%69" n1="%E3%82%AD%E3%83%AA%E3%83%8E%40%E6%84%9B" n2="%E3%83%8A%E3%82%B4%E3%83%A0" n3="%E4%B8%83%E6%B5%B7%E5%8D%83%E7%A7%8B" dan="16,16,16,16" rate="2066.64,2044.33,2156.90,2016.24" sx="M,F,M,F"/><TAIKYOKU oya="0"/><INIT seed="0,0,0,5,5,70" ten="250,250,250,250" oya="0" hai0="22,87,129,126,110,69,66,119,95,113,14,15,122" hai1="8,76,0,116,91,51,101,37,123,10,19,117,105" hai2="20,120,50,93,16,102,60,109,114,132,41,46,83" hai3="108,107,79,9,7,62,124,106,115,99,28,103,35"/><T13/><D113/><U18/><E123/><V96/><F109/><W94/><G115/><T2/><D2/><U84/><E76/><V80/><F132/><W57/><G108/><T88/><D122/><U32/><E32/><V92/><F120/><W45/><G124/><T125/><D110/><U65/><E65/><V74/><F114/><W24/><G79/><T25/><D119/><U23/><E19/><V98/><F60/><W63/><G45/><T55/><D129/><U6/><E10/><V47/><F47/><W38/><G38/><T97/><D55/><U52/><E105/><V86/><F86/><W133/><G133/><T30/><D66/><U104/><E101/><V5/><F5/><W21/><G35/><T77/><D69/><U61/><E104/><V121/><F74/><W130/><G63/><T1/><D1/><U31/><E61/><V56/><F56/><W27/><G27/><T48/><REACH who="0" step="1"/><D48/><REACH who="0" ten="240,250,250,250" step="2"/><U43/><E117/><V53/><F53/><W4/><G130/><T36/><D36/><U71/><E116/><V40/><F40/><W131/><G131/><T42/><D42/><U135/><E71/><V33/><F121/><W54/><REACH who="3" step="1"/><G4/><REACH who="3" ten="240,250,250,240" step="2"/><T59/><D59/><N who="1" m="33183" /><E135/><V58/><F58/><W78/><G78/><T64/><D64/><U67/><E37/><V11/><F46/><W128/><G128/><T72/><D72/><U12/><E67/><V90/><F50/><W111/><G111/><T112/><D112/><U3/><E43/><V127/><F127/><W68/><G68/><T118/><D118/><U26/><E6/><V100/><F41/><RYUUKYOKU ba="0,2" sc="240,10,250,10,250,-30,240,10" hai0="13,14,15,22,25,30,77,87,88,95,97,125,126" hai1="0,3,8,12,18,23,26,31,84,91" hai3="7,9,21,24,28,54,57,62,94,99,103,106,107" /><INIT seed="0,1,2,5,2,6" ten="250,260,220,250" oya="0" hai0="117,19,78,13,79,39,66,72,103,57,98,17,24" hai1="35,9,102,130,61,27,110,70,95,87,82,125,90" hai2="73,134,55,30,68,123,112,67,80,69,40,11,113" hai3="64,133,5,2,74,3,25,18,77,45,32,33,97"/><T47/><D117/><U118/><E118/><V34/><F123/><W119/><G119/><T62/><D72/><U131/><E125/><V38/><F55/><W96/><G133/><T29/><D39/><U4/><E35/><V58/><F58/><W43/><G64/><T0/><D0/><U132/><E27/><V20/><F20/><W71/><G71/><T94/><D47/><U53/><E132/><V101/><F101/><W107/><G3/><T41/><D41/><U106/><E106/><V83/><F83/><W84/><G84/><T116/><D116/><U23/><E23/><V92/><F92/><W108/><G108/><T75/><D19/><U124/><E124/><V99/><F99/><W88/><G97/><T59/><D59/><U22/><E22/><V54/><F54/><W46/><G18/><T7/><D7/><U31/><E31/><V81/><F81/><W91/><G46/><T42/><D42/><U8/><E4/><V28/><F28/><W10/><G107/><T37/><D75/><U51/><E61/><N who="2" m="40047" /><F69/><W89/><G96/><T120/><D37/><U121/><E70/><V65/><F65/><W105/><G105/><T26/><D120/><U115/><E121/><V114/><F134/><W111/><G25/><N who="0" m="9835" /><D29/><U86/><E102/><V85/><F30/><W63/><G63/><T15/><D15/><U93/><E115/><V36/><F34/><W127/><G127/><T128/><D128/><N who="1" m="49195" /><E110/><V129/><F73/><W60/><G111/><T12/><D12/><U50/><E50/><V14/><F129/><W16/><G60/><T100/><D100/><RYUUKYOKU ba="1,2" sc="250,30,260,-10,220,-10,250,-10" hai0="13,17,57,62,66,78,79,94,98,103" /><INIT seed="0,2,2,3,0,17" ten="280,250,210,240" oya="0" hai0="96,121,127,6,92,25,76,53,52,34,67,81,110" hai1="20,7,22,71,50,125,16,29,19,26,68,126,118" hai2="113,101,12,73,11,95,80,28,8,9,90,47,40" hai3="130,86,79,23,133,42,15,115,5,37,55,10,4"/><T49/><D121/><U104/><E104/><V75/><F113/><W63/><G115/><T103/><D127/><N who="1" m="48651" /><E118/><V108/><F108/><W106/><G106/><T77/><D110/><U57/><E7/><V2/><F101/><W30/><G130/><T43/><D6/><U122/><E122/><V39/><F28/><W85/><G133/><T56/><D43/><U109/><E109/><V132/><F132/><W84/><G4/><T112/><D112/><U51/><E29/><V13/><F2/><W78/><G37/><T111/><D111/><U102/><E102/><V38/><F38/><W31/><G42/><T72/><D77/><N who="3" m="29193" /><G23/><T119/><D119/><U120/><E120/><V98/><REACH who="2" step="1"/><F80/><REACH who="2" ten="280,250,200,240" step="2"/><W117/><G117/><T70/><D34/><U60/><E71/><V91/><F91/><W61/><G31/><T33/><D33/><U135/><E68/><V134/><F134/><W105/><G30/><T58/><D70/><U99/><E135/><V44/><F44/><W97/><G105/><T128/><D128/><U45/><E45/><V93/><F93/><W64/><G97/><T82/><D82/><U87/><E99/><V27/><F27/><W54/><G64/><T1/><D1/><U129/><E129/><V35/><F35/><W21/><G61/><T3/><D3/><U89/><E89/><V107/><F107/><W14/><G63/><N who="0" m="36231" /><D67/><N who="1" m="39311" /><E87/><V32/><F32/><W123/><G123/><T24/><D72/><AGARI ba="2,3" hai="8,9,11,12,13,39,40,47,72,73,75,90,95,98" machi="72" ten="40,1300,0" yaku="1,1,53,0" doraHai="17" doraHaiUra="0" who="2" fromWho="0" sc="280,-19,250,0,200,49,240,0" /><INIT seed="1,0,0,2,1,107" ten="261,250,249,240" oya="1" hai0="38,29,91,61,105,101,81,12,82,15,1,78,49" hai1="8,77,56,66,114,21,7,103,130,93,134,2,102" hai2="6,41,88,24,112,131,110,104,19,20,42,121,13" hai3="62,106,85,135,50,76,37,3,128,34,116,99,51"/><U39/><E114/><V92/><F110/><W0/><G128/><T25/><D38/><U72/><E39/><V125/><F121/><W120/><G120/><T68/><D1/><U75/><E77/><V100/><F125/><W96/><G135/><T69/><D91/><U129/><E134/><V60/><F131/><N who="1" m="50185" /><E21/><V33/><F104/><W27/><G37/><T89/><D89/><U53/><E66/><V5/><F100/><N who="1" m="38441" /><E93/><V59/><F112/><W57/><G106/><T74/><D49/><AGARI ba="0,0" hai="2,7,8,49,53,56,72,75" m="38441,50185" machi="49" ten="30,5800,0" yaku="19,1,52,2" doraHai="107" who="1" fromWho="0" sc="261,-58,250,58,249,0,240,0" /><INIT seed="1,1,0,0,3,125" ten="203,308,249,240" oya="1" hai0="116,100,22,3,61,102,5,132,29,101,41,87,105" hai1="59,62,65,46,79,74,95,129,23,94,114,15,37" hai2="82,131,50,8,2,49,68,56,111,112,24,119,19" hai3="84,27,60,47,99,128,93,120,35,83,70,66,92"/><U103/><E114/><V18/><F68/><W124/><G120/><T133/><D116/><U96/><E74/><V117/><F111/><W21/><G124/><T118/><D118/><U76/><E95/><V121/><F121/><W20/><G128/><T88/><D41/><U48/><E37/><V73/><F56/><W28/><G47/><T11/><D61/><U16/><REACH who="1" step="1"/><E129/><REACH who="1" ten="203,298,249,240" step="2"/><V108/><F73/><W86/><G93/><T1/><D105/><U77/><E77/><V106/><F131/><W127/><G127/><T32/><D133/><U130/><E130/><V45/><F112/><W39/><G39/><T135/><D132/><U7/><E7/><V14/><F106/><W107/><G107/><T10/><D135/><U91/><E91/><V40/><F117/><W123/><G123/><T52/><D5/><U113/><E113/><V43/><F119/><W25/><G92/><T42/><D88/><U44/><E44/><V55/><F45/><W89/><G89/><T31/><D102/><U110/><E110/><V38/><F38/><W115/><G115/><T51/><D100/><U64/><E64/><V67/><F67/><W69/><G66/><T0/><D101/><U75/><E75/><V134/><F108/><W97/><G83/><T26/><D42/><AGARI ba="1,1" hai="15,16,23,42,46,48,59,62,65,76,79,94,96,103" machi="42" ten="30,11600,0" yaku="1,1,7,1,8,1,54,1,53,0" doraHai="125" doraHaiUra="122" who="1" fromWho="0" sc="203,-119,298,129,249,0,240,0" /><INIT seed="1,2,0,1,1,48" ten="84,427,249,240" oya="1" hai0="104,82,78,123,126,72,13,68,61,115,71,52,3" hai1="107,67,44,22,45,100,125,56,116,36,33,120,73" hai2="132,95,58,81,23,75,92,89,40,60,43,32,15" hai3="5,70,133,83,90,8,27,41,47,55,12,122,105"/><U108/><E33/><V97/><F132/><W66/><G133/><T93/><D115/><U96/><E120/><V29/><F32/><W110/><G122/><T121/><D104/><U20/><E116/><V130/><F130/><W38/><G110/><T65/><D3/><U119/><E119/><V14/><F75/><W80/><G105/><T24/><D71/><U37/><E73/><V1/><F1/><W50/><G27/><T6/><D24/><U16/><E20/><V79/><F29/><W98/><G98/><T131/><D131/><U4/><E4/><V87/><F95/><W53/><G90/><T129/><D129/><U91/><E91/><V11/><F23/><W46/><REACH who="3" step="1"/><G53/><REACH who="3" ten="84,427,249,230" step="2"/><T42/><D42/><U7/><E107/><V25/><F25/><W86/><G86/><T124/><D123/><U51/><E96/><V0/><F0/><W28/><G28/><T39/><D121/><U69/><E125/><V88/><F89/><W31/><G31/><T135/><D135/><U85/><E85/><V18/><F15/><W99/><G99/><T76/><D76/><U118/><E100/><V10/><F10/><W127/><G127/><T77/><D77/><U84/><E84/><V103/><REACH who="2" step="1"/><F103/><REACH who="2" ten="84,427,239,230" step="2"/><W57/><G57/><N who="0" m="34983" /><D126/><U74/><E118/><V106/><F106/><W63/><AGARI ba="2,2" hai="5,8,12,38,41,46,47,50,55,63,66,70,80,83" machi="63" ten="30,4000,0" yaku="1,1,0,1,52,1,53,0" doraHai="48" doraHaiUra="21" who="3" fromWho="3" sc="84,-12,427,-22,239,-12,230,66" /><INIT seed="2,0,0,3,2,57" ten="72,405,227,296" oya="2" hai0="95,67,132,86,9,22,39,32,69,94,100,96,90" hai1="78,130,5,92,30,70,123,82,68,0,88,116,120" hai2="11,25,24,63,52,46,35,38,66,43,101,29,102" hai3="108,91,50,59,117,6,124,10,80,27,12,73,110"/><V61/><F24/><W99/><G117/><T26/><D32/><U19/><E116/><V119/><F119/><W58/><G124/><T28/><D39/><U74/><E30/><V65/><F11/><W75/><G27/><T83/><D132/><U20/><E0/><V125/><F125/><W98/><G98/><T45/><D45/><U71/><E5/><V122/><F122/><N who="1" m="46633" /><E130/><V81/><F81/><W1/><G1/><T128/><D9/><U72/><E72/><V3/><F3/><W49/><G75/><T109/><D109/><N who="3" m="42089" /><G73/><T4/><D4/><U55/><E55/><V115/><F52/><W64/><G59/><T103/><D128/><U36/><E36/><V79/><F79/><W93/><G80/><T84/><D103/><U54/><E54/><V62/><REACH who="2" step="1"/><F115/><REACH who="2" ten="72,405,217,296" step="2"/><W106/><G106/><T112/><D112/><U85/><E71/><V2/><F2/><W15/><G15/><AGARI ba="0,1" hai="15,19,20,68,70,74,78,82,85,88,92" m="46633" machi="15" ten="30,2000,0" yaku="13,1,54,1" doraHai="57" who="1" fromWho="3" sc="72,0,405,30,217,0,296,-20" /><INIT seed="3,0,0,3,1,45" ten="72,435,217,276" oya="3" hai0="21,49,60,112,8,4,15,13,74,12,68,98,125" hai1="114,134,102,63,52,62,97,92,31,103,80,130,7" hai2="120,67,108,129,113,131,111,32,44,123,9,99,96" hai3="117,1,6,94,75,119,115,86,33,34,51,61,42"/><W72/><G115/><T107/><D74/><U24/><E114/><V56/><F32/><W69/><G34/><T77/><D77/><U88/><E130/><N who="2" m="49675" /><F9/><W25/><G75/><T81/><D81/><U106/><E134/><V104/><F104/><W82/><G72/><T0/><D112/><U17/><E7/><V58/><F113/><W109/><G109/><N who="2" m="42057" /><F67/><W65/><G6/><T85/><D85/><N who="1" m="50215" /><E31/><V95/><F95/><W39/><G1/><T93/><D107/><U110/><E103/><V53/><F99/><W76/><G94/><T128/><D128/><U73/><E73/><V43/><F96/><W89/><G76/><T22/><D68/><U90/><E106/><V20/><F20/><W116/><G33/><T28/><D60/><U66/><E66/><V64/><F64/><W37/><REACH who="3" step="1"/><G25/><REACH who="3" ten="72,435,217,266" step="2"/><T27/><D125/><U87/><E110/><V126/><F126/><W133/><G133/><T10/><D93/><N who="1" m="58671" /><E24/><V48/><F58/><W5/><G5/><N who="0" m="1063" /><D98/><U18/><E17/><V26/><F26/><W127/><G127/><T132/><D132/><U122/><E18/><V79/><F79/><W35/><G35/><N who="0" m="20895" /><D49/><AGARI ba="0,1" hai="43,44,48,49,53,56,120,123" m="42057,49675" machi="49" ten="30,12000,2" yaku="19,1,14,1,34,2,52,2" doraHai="45" who="2" fromWho="0" sc="72,-120,435,0,217,130,266,0" owari="-48,-55.0,435,53.0,347,15.0,266,-13.0" /></mjloggm>