<mjloggm ver="2.3"><GO type="169" lobby="0"/><UN n0="%E3%83%90%E3%83%84%EF%BC%86%E3%83%86%E3%83%B3" n1="%E3%82%AB%E3%82%B6%E3%83%A9%E3%82%AD" n2="%E5%81%BD%E5%96%84%E8%80%85%E9%AB%98%E6%A9%8B%E3%81%BF%E3%81%AA%E3%81%BF" n3="%6B%69%79%6F%70%69%6E" dan="17,18,17,16" rate="2213.55,2279.39,2200.37,2179.90" sx="M,M,F,M"/><TAIKYOKU oya="0"/><INIT seed="0,0,0,5,1,80" ten="250,250,250,250" oya="0" hai0="66,46,60,75,15,77,14,34,2,122,54,9,107" hai1="90,20,53,71,102,6,111,17,30,134,41,124,79" hai2="61,22,98,35,21,120,59,132,48,56,33,97,109" hai3="106,118,10,38,133,63,117,12,36,96,16,37,78"/><T87/><D122/><U70/><E102/><V131/><F120/><W65/><G133/><T1/><D107/><U110/><E41/><V73/><F73/><W31/><G78/><T103/><D34/><U45/><E30/><V8/><F132/><W32/><G32/><T119/><D75/><U129/><E79/><V58/><F109/><W18/><G31/><T5/><D103/><U108/><E6/><V126/><F126/><W130/><G130/><T26/><D26/><U82/><E129/><V23/><F131/><W50/><G50/><T29/><D29/><U49/><E124/><V123/><F123/><W91/><G18/><T43/><D54/><U47/><E47/><V44/><F8/><W3/><G3/><T4/><D15/><U0/><E0/><V68/><F33/><W28/><G28/><T67/><D4/><U39/><E39/><V51/><F35/><W101/><REACH who="3" step="1"/><G91/><REACH who="3" ten="250,250,250,240" step="2"/><T104/><D119/><U55/><E134/><V42/><F48/><W99/><G99/><N who="2" m="37897" /><F68/><AGARI ba="0,1" hai="10,12,16,36,37,38,63,65,68,96,101,106,117,118" machi="68" ten="40,2600,0" yaku="1,1,54,1,53,0" doraHai="80" doraHaiUra="135" who="3" fromWho="2" sc="250,0,250,0,250,-26,240,36" /><INIT seed="1,0,0,5,0,68" ten="250,250,224,276" oya="1" hai0="79,57,40,104,35,129,117,125,56,80,133,60,58" hai1="98,107,3,24,126,65,113,74,42,75,51,41,112" hai2="53,10,127,109,27,34,124,33,101,47,5,114,39" hai3="70,88,61,38,31,121,92,122,26,8,99,86,4"/><U48/><E3/><V19/><F101/><W29/><G29/><T116/><D104/><U45/><E65/><V2/><F109/><W91/><G61/><T0/><D0/><U123/><E123/><V105/><F105/><W72/><G72/><T50/><D35/><N who="2" m="13322" /><F53/><W77/><G70/><T89/><D129/><U83/><E107/><V43/><F19/><W21/><G77/><T76/><D133/><U71/><E71/><V118/><F27/><W9/><G38/><T102/><D102/><U28/><E98/><V7/><F7/><W32/><G32/><T18/><D125/><N who="2" m="48202" /><F118/><W17/><G17/><T106/><D106/><U130/><E126/><V95/><F95/><W115/><G8/><T73/><D76/><U81/><E24/><V52/><F52/><W84/><G99/><T49/><D60/><U67/><E67/><V66/><F66/><W120/><G120/><T135/><D135/><U90/><E28/><V64/><F64/><W20/><G20/><T63/><D63/><U85/><E130/><V69/><F69/><W93/><REACH who="3" step="1"/><G115/><AGARI ba="0,0" hai="2,5,10,39,43,47,114,115" m="48202,13322" machi="115" ten="40,5200,0" yaku="18,1,23,1,52,1" doraHai="68" who="2" fromWho="3" sc="250,0,250,0,224,52,276,-52" /><INIT seed="2,0,0,0,3,116" ten="250,250,276,224" oya="2" hai0="103,48,82,21,19,85,118,72,92,37,64,51,91" hai1="61,71,30,132,81,14,105,11,32,18,62,114,89" hai2="97,111,58,75,55,131,121,98,66,128,107,80,15" hai3="46,9,5,16,59,35,53,124,125,0,52,4,112"/><V63/><F111/><W28/><G112/><T69/><D118/><U102/><E114/><V41/><F41/><W117/><G117/><T76/><D37/><U1/><E132/><V67/><F15/><W94/><G5/><T25/><REACH who="0" step="1"/><D103/><REACH who="0" ten="240,250,276,224" step="2"/><U74/><E102/><V101/><F101/><W120/><G125/><T39/><D39/><U65/><E105/><V93/><F107/><W100/><G124/><T34/><D34/><U106/><E106/><V84/><F131/><W99/><G35/><T88/><D88/><U133/><E89/><V36/><F36/><W122/><G28/><T56/><D56/><U57/><E30/><V3/><F58/><W33/><G33/><T96/><D96/><U113/><E32/><V12/><F98/><W31/><G31/><T87/><D87/><U23/><E113/><V123/><F84/><W90/><G90/><T26/><D26/><U45/><E45/><V83/><F97/><W13/><G46/><T86/><D86/><U47/><E47/><V42/><F128/><W77/><G77/><T24/><D24/><U60/><E57/><V10/><F75/><W50/><REACH who="3" step="1"/><G53/><REACH who="3" ten="240,250,276,214" step="2"/><T110/><D110/><U29/><E29/><V6/><F55/><W22/><AGARI ba="0,2" hai="0,4,9,13,16,22,50,52,59,94,99,100,120,122" machi="22" ten="20,16000,3" yaku="1,1,2,1,0,1,7,1,52,2,54,2,53,0" doraHai="116" doraHaiUra="129" who="3" fromWho="3" sc="240,-40,250,-40,276,-80,214,180" /><INIT seed="3,0,0,3,1,126" ten="200,210,196,394" oya="3" hai0="17,125,32,9,117,57,1,65,55,6,102,91,26" hai1="59,71,48,121,52,108,80,23,56,81,86,36,68" hai2="33,67,15,118,28,46,58,21,101,34,123,134,54" hai3="16,64,74,25,106,27,111,70,22,44,24,20,41"/><W38/><G106/><T109/><D125/><U130/><E121/><V8/><F118/><W127/><G127/><T95/><D117/><U2/><E2/><V11/><F123/><W43/><G111/><T114/><D109/><U124/><E108/><V18/><F134/><W7/><G74/><T96/><D114/><U110/><E124/><V37/><F101/><W76/><G76/><T12/><D65/><U53/><E36/><V3/><F67/><W10/><G43/><T122/><D122/><U49/><E110/><V45/><F37/><W5/><G27/><T133/><D133/><U92/><E92/><V66/><F66/><W79/><G79/><T119/><D119/><U94/><E94/><V40/><F40/><W73/><G73/><T30/><D102/><U128/><E23/><V42/><F42/><W113/><G113/><T63/><REACH who="0" step="1"/><D1/><REACH who="0" ten="190,210,196,394" step="2"/><U4/><E86/><V105/><F3/><W132/><G132/><T116/><D116/><U90/><E90/><V84/><F84/><W98/><G98/><T89/><D89/><U0/><E0/><V104/><F104/><W99/><G99/><T61/><D61/><U29/><E29/><V120/><F28/><W72/><G72/><T19/><AGARI ba="0,1" hai="6,9,12,17,19,26,30,32,55,57,63,91,95,96" machi="19" ten="30,2000,0" yaku="1,1,0,1,53,0" doraHai="126" doraHaiUra="115" who="0" fromWho="0" sc="190,30,210,-5,196,-5,394,-10" /><INIT seed="4,0,0,4,2,118" ten="220,205,191,384" oya="0" hai0="20,24,82,129,83,15,106,7,58,132,25,135,64" hai1="65,3,95,0,100,121,87,84,98,52,123,71,66" hai2="86,91,75,55,56,40,133,34,26,14,122,89,13" hai3="50,85,72,16,32,73,35,96,51,74,134,112,94"/><T47/><D106/><U60/><E66/><V78/><F133/><W131/><G85/><T1/><D1/><U31/><E31/><V28/><F40/><W53/><G112/><T10/><D129/><U81/><E87/><V109/><F109/><W19/><G134/><N who="0" m="51243" /><D47/><U17/><E17/><V21/><F75/><W69/><G69/><T5/><D5/><U120/><REACH who="1" step="1"/><E52/><REACH who="1" ten="220,195,191,384" step="2"/><V46/><F55/><W22/><G19/><N who="0" m="12319" /><D25/><U99/><E99/><V61/><F86/><W101/><G131/><T39/><D39/><U45/><E45/><V12/><F46/><W114/><G114/><T29/><D29/><U127/><E127/><V116/><F26/><W49/><REACH who="3" step="1"/><G53/><REACH who="3" ten="220,195,191,374" step="2"/><T113/><D113/><U103/><E103/><V79/><F28/><W41/><G41/><T125/><D125/><U119/><E119/><V90/><F116/><W30/><G30/><T88/><D88/><AGARI ba="0,2" hai="0,3,60,65,71,81,84,88,95,98,100,120,121,123" machi="88" ten="40,8000,1" yaku="1,1,52,3,54,1,53,0" doraHai="118" doraHaiUra="128" who="1" fromWho="0" sc="220,-80,195,100,191,0,374,0" /><INIT seed="5,0,0,2,5,73" ten="140,295,191,374" oya="1" hai0="107,122,29,72,95,90,11,67,34,59,1,51,133" hai1="68,6,28,70,48,31,116,97,65,63,94,41,105" hai2="118,124,129,119,24,18,4,23,111,83,104,102,14" hai3="123,22,17,89,113,93,19,2,50,35,5,27,56"/><U74/><E116/><V109/><F104/><W101/><G113/><T43/><D72/><U126/><E105/><V103/><F103/><W49/><G123/><T0/><D107/><U13/><E70/><V76/><F102/><W66/><G35/><T115/><D115/><U85/><E74/><V39/><F39/><W112/><G5/><T131/><D122/><U12/><E126/><V108/><F124/><W106/><G2/><T82/><D82/><U132/><E132/><V3/><F3/><W71/><G19/><T9/><D133/><U36/><E85/><V77/><F129/><W45/><G56/><T110/><D131/><U7/><E36/><V84/><REACH who="2" step="1"/><F77/><REACH who="2" ten="140,295,181,374" step="2"/><W86/><G101/><T20/><D1/><U130/><E130/><V16/><F16/><W60/><G17/><T40/><D0/><U54/><E6/><V47/><F47/><W134/><G45/><T80/><D110/><U21/><E7/><V87/><F87/><W96/><G86/><T125/><D125/><U52/><E31/><V98/><F98/><W69/><G96/><T75/><D29/><U55/><E28/><V121/><F121/><W26/><G106/><T25/><D75/><U127/><E127/><V99/><F99/><W44/><G44/><T100/><D100/><U8/><E21/><V92/><F92/><W58/><G22/><T62/><D20/><U61/><E94/><V46/><F46/><W64/><G93/><T117/><D95/><U120/><E97/><V33/><F33/><W128/><G134/><T30/><D30/><U91/><E120/><V32/><F32/><RYUUKYOKU ba="0,1" sc="140,-10,295,-10,181,30,374,-10" hai2="4,14,18,23,24,76,83,84,108,109,111,118,119" /><INIT seed="6,1,1,0,3,67" ten="130,285,211,364" oya="2" hai0="115,48,97,127,22,99,4,75,111,128,46,11,116" hai1="49,21,78,71,9,1,112,134,98,93,108,25,113" hai2="107,32,130,82,0,29,6,94,133,55,104,17,18" hai3="2,19,10,27,47,100,110,44,122,73,52,20,96"/><V63/><F130/><W54/><G110/><T43/><D111/><U83/><E49/><V15/><F133/><W58/><G122/><T64/><D75/><U7/><E134/><V72/><F18/><W51/><G73/><T131/><D115/><U124/><E124/><V12/><F12/><W87/><G87/><T38/><D116/><U37/><E37/><V101/><F94/><W103/><G47/><T74/><D74/><U66/><E108/><V135/><F135/><W91/><G2/><T109/><D127/><U16/><E78/><V126/><F101/><W92/><G10/><T60/><D38/><U89/><REACH who="1" step="1"/><E83/><REACH who="1" ten="130,275,211,364" step="2"/><V8/><F82/><W70/><G70/><N who="0" m="42247" /><D109/><U79/><E79/><V95/><F126/><W33/><G33/><T28/><D131/><U41/><E41/><V61/><F32/><W65/><G65/><T53/><D43/><U13/><E13/><V31/><F15/><W120/><G120/><T40/><D40/><U24/><E24/><V36/><F36/><W57/><G44/><T129/><D129/><U106/><E106/><V50/><F104/><W45/><G45/><T23/><D128/><U90/><E90/><V14/><F107/><W84/><G91/><T34/><D11/><U3/><E3/><V132/><F132/><W69/><G27/><N who="0" m="18719" /><D4/><U26/><E26/><V123/><F0/><W5/><G5/><T35/><D35/><U125/><E125/><V59/><F6/><W42/><G42/><T88/><D88/><U30/><E30/><N who="2" m="11275" /><F123/><W76/><G76/><T62/><D62/><AGARI ba="1,2" hai="1,7,9,16,21,25,62,66,71,89,93,98,112,113" machi="62" ten="40,8000,1" yaku="1,1,52,1,54,1,53,1" doraHai="67" doraHaiUra="86" who="1" fromWho="0" sc="130,-83,275,103,211,0,364,0" /><INIT seed="7,0,0,2,5,21" ten="47,378,211,364" oya="3" hai0="73,118,45,70,93,124,121,36,79,24,49,129,26" hai1="130,52,11,77,60,86,115,16,109,25,57,116,13" hai2="3,72,111,12,66,5,84,120,76,107,119,34,18" hai3="117,75,83,99,15,56,32,85,80,51,0,112,62"/><W127/><G117/><T55/><D93/><U74/><E74/><V67/><F111/><W106/><G0/><T101/><D79/><U125/><E109/><V19/><F107/><W122/><G122/><T2/><D49/><U38/><E38/><V59/><F18/><W132/><G32/><T128/><D55/><U100/><E115/><V90/><F59/><W89/><G112/><T9/><D101/><U110/><E110/><V103/><F103/><W131/><G106/><T43/><D121/><U35/><E100/><V135/><F135/><W61/><G99/><T78/><D118/><U102/><E102/><V30/><F76/><W10/><G132/><T20/><D20/><U81/><E125/><V14/><F72/><W37/><G37/><T95/><D95/><U71/><E130/><V108/><F34/><W41/><G127/><T126/><D70/><U87/><E116/><V6/><F108/><W17/><G131/><N who="0" m="50251" /><D126/><U31/><E71/><V46/><F84/><N who="3" m="50335" /><G75/><T82/><D124/><U29/><E87/><V33/><F33/><W69/><G69/><T65/><D65/><U92/><E92/><V39/><F67/><W133/><G133/><T123/><D123/><U42/><E42/><V48/><F66/><W22/><G22/><T68/><D68/><U104/><E104/><V91/><F39/><W105/><G105/><T28/><D28/><U47/><E31/><V64/><F48/><W96/><G96/><T44/><D44/><U7/><E47/><V54/><F120/><W97/><G97/><T88/><D88/><N who="2" m="33834" /><F119/><W40/><G51/><T23/><D23/><RYUUKYOKU ba="0,0" sc="47,15,378,15,211,-15,364,-15" hai0="2,9,24,26,36,43,45,73,78,82" hai1="7,11,13,16,25,29,35,52,57,60,77,81,86" owari="62,-44.0,393,49.0,196,-20.0,349,15.0" /></mjloggm>