<mjloggm ver="2.3"><GO type="169" lobby="0"/><UN n0="%E9%BB%92%E8%A1%A3%E3%81%AE%E3%82%A4%E3%83%8A%E3%82%B8%E3%82%A7%E3%82%A4" n1="%E3%81%B6%E3%83%BC%E3%81%95%E3%82%93%E3%81%AE%E4%BC%91%E6%81%AF%E2%99%AA" n2="%E3%81%84%E3%81%97%E3%81%A5%E3%81%8B" n3="%E3%81%AA%E3%82%8B%E3%81%9B%E3%81%A7%E3%81%99" dan="16,16,17,16" rate="2116.24,2099.04,2179.92,2124.56" sx="M,M,M,M"/><TAIKYOKU oya="0"/><INIT seed="0,0,0,5,3,66" ten="250,250,250,250" oya="0" hai0="135,88,8,76,87,134,64,43,94,5,119,57,41" hai1="53,33,62,74,38,35,39,22,46,0,97,92,99" hai2="120,36,103,52,28,42,71,114,4,96,20,51,17" hai3="91,121,131,123,32,65,29,125,37,78,26,132,30"/><T70/><D119/><U13/><E0/><V111/><F111/><W109/><G109/><T21/><D21/><U56/><E74/><V2/><F120/><W10/><G78/><T27/><D76/><U54/><E38/><V105/><F28/><W6/><G37/><T110/><D57/><U7/><E99/><V115/><F42/><W31/><G65/><T14/><D27/><U23/><E23/><V34/><F4/><W58/><G58/><T16/><D5/><U67/><E54/><V133/><F2/><N who="3" m="343" /><G131/><T113/><D113/><U60/><E39/><V18/><F36/><W127/><G91/><T48/><D48/><U112/><E112/><V89/><F34/><W128/><G128/><T68/><D110/><U126/><E126/><N who="3" m="48138" /><G132/><N who="0" m="50731" /><D70/><U85/><E85/><V69/><F133/><W81/><G81/><T83/><D83/><U24/><E46/><V47/><F17/><W95/><G95/><T11/><D11/><U45/><E45/><V100/><F115/><W40/><G40/><T122/><D122/><AGARI ba="0,0" hai="26,29,30,31,32,121,122,123" m="48138,343" machi="122" ten="30,7700,0" yaku="13,1,18,1,34,2" doraHai="66" who="3" fromWho="0" sc="250,-77,250,0,250,0,250,77" /><INIT seed="1,0,0,3,2,7" ten="173,250,250,327" oya="1" hai0="39,116,26,117,72,93,10,46,105,42,99,43,23" hai1="37,129,135,69,8,131,14,5,1,30,62,49,83" hai2="34,3,17,20,68,132,0,101,133,89,56,91,115" hai3="103,11,4,109,78,102,32,15,44,124,108,13,110"/><U125/><E37/><V61/><F34/><W67/><G124/><T73/><D105/><U77/><E125/><V112/><F68/><W98/><G78/><T79/><D43/><U76/><E135/><N who="2" m="51787" /><F101/><W92/><G67/><T55/><D55/><U127/><E127/><V126/><F126/><W12/><G32/><T28/><D10/><N who="1" m="2351" /><E30/><V82/><F0/><W114/><G114/><N who="2" m="43561" /><F82/><W111/><N who="3" m="27648" /><DORA hai="21" /><W107/><G44/><T53/><D53/><U6/><E49/><V84/><F84/><W70/><G70/><T122/><D122/><U123/><E123/><V104/><F3/><N who="3" m="415" /><G103/><T119/><REACH who="0" step="1"/><D79/><REACH who="0" ten="163,250,250,327" step="2"/><U35/><E77/><V128/><F104/><AGARI ba="0,1" hai="12,13,15,92,98,102,104,107" m="415,27648" machi="104" ten="60,3900,0" yaku="14,1,52,1" doraHai="7,21" who="3" fromWho="2" sc="163,0,250,0,250,-39,327,49" /><INIT seed="2,0,0,1,1,21" ten="163,250,211,376" oya="2" hai0="57,53,0,125,69,22,133,30,42,49,78,12,92" hai1="35,40,23,16,5,97,9,41,67,111,46,135,61" hai2="106,80,131,36,123,89,126,38,65,102,44,95,121" hai3="132,122,28,87,114,52,85,59,54,19,117,71,25"/><V86/><F126/><W39/><G117/><T13/><D69/><U113/><E113/><V82/><F65/><W37/><G71/><T120/><D125/><U34/><E111/><V110/><F44/><W18/><G122/><T48/><D120/><N who="2" m="46154" /><F36/><W56/><G132/><T55/><D42/><U96/><E135/><V2/><F38/><W24/><REACH who="3" step="1"/><G28/><REACH who="3" ten="163,250,211,366" step="2"/><T134/><D134/><U98/><E34/><V10/><F110/><W104/><G104/><T32/><D133/><U72/><E35/><V64/><F106/><W90/><G90/><T6/><D32/><U107/><E107/><V118/><F118/><W83/><G83/><T79/><D30/><U73/><E73/><V88/><F89/><W119/><G119/><T94/><D94/><U11/><E72/><V33/><F33/><W8/><G8/><T81/><D92/><U31/><E31/><V7/><F102/><W75/><G75/><T17/><D81/><U45/><E11/><V26/><F82/><W43/><G43/><T68/><D68/><U103/><E103/><V3/><F95/><W62/><G62/><T93/><D93/><U115/><E40/><V112/><F88/><W116/><G116/><T15/><D79/><U50/><E9/><V29/><F80/><W99/><G99/><T124/><D78/><U100/><E100/><V70/><F70/><W109/><G109/><T1/><D124/><U76/><E76/><V108/><F108/><W63/><G63/><T130/><D22/><U91/><E41/><V51/><F29/><W60/><G60/><T105/><D105/><U47/><E61/><RYUUKYOKU ba="0,1" sc="163,-10,250,-10,211,-10,366,30" hai3="18,19,24,25,37,39,52,54,56,59,85,87,114" /><INIT seed="3,1,1,2,5,80" ten="153,240,201,396" oya="3" hai0="128,60,11,17,33,21,85,5,40,1,23,56,93" hai1="76,102,32,53,111,118,37,129,30,62,7,35,121" hai2="120,4,130,125,15,78,116,95,50,31,36,73,88" hai3="16,41,84,71,10,77,89,83,39,134,92,74,63"/><W101/><G134/><T91/><D128/><U26/><E37/><V108/><F36/><W109/><G109/><T59/><D33/><U119/><E111/><V13/><F116/><W64/><G39/><T48/><D17/><U123/><E129/><V38/><F38/><W24/><G41/><T43/><D48/><U100/><E7/><V70/><F108/><W110/><G110/><T47/><D47/><U107/><E76/><V75/><F70/><W72/><G101/><N who="1" m="39018" /><E35/><V82/><F75/><W126/><G126/><T81/><D59/><N who="1" m="35183" /><E107/><V124/><F130/><W54/><G54/><T104/><D104/><U61/><E61/><V12/><F120/><W28/><G16/><T52/><REACH who="0" step="1"/><D81/><REACH who="0" ten="143,240,201,396" step="2"/><U46/><E46/><V96/><F50/><W87/><REACH who="3" step="1"/><G10/><REACH who="3" ten="143,240,201,386" step="2"/><T97/><D97/><U3/><E123/><V98/><F98/><W14/><G14/><T86/><D86/><U2/><E121/><V57/><F15/><W18/><G18/><T27/><D27/><U122/><E122/><V34/><F13/><W22/><AGARI ba="1,3" hai="22,24,28,63,64,71,72,74,77,83,84,87,89,92" machi="22" ten="20,12000,1" yaku="1,1,0,1,7,1,52,2,53,0" doraHai="80" doraHaiUra="6" who="3" fromWho="3" sc="143,-41,240,-41,201,-41,386,153" /><INIT seed="3,2,0,4,3,108" ten="102,199,160,539" oya="3" hai0="0,52,50,57,119,121,110,72,6,28,93,103,20" hai1="98,127,124,75,69,77,133,62,22,85,35,109,78" hai2="120,46,17,44,71,115,111,130,79,81,43,132,107" hai3="54,45,84,67,125,99,27,25,19,112,10,96,97"/><W23/><G112/><T34/><D110/><U42/><E35/><V39/><F111/><W126/><G67/><T13/><D119/><U51/><E75/><V36/><F107/><W92/><G10/><T12/><D121/><U3/><E3/><V116/><F116/><W30/><G84/><T68/><D68/><U131/><E109/><V65/><F130/><W55/><G92/><T32/><D72/><U94/><E131/><V117/><F117/><W24/><G45/><T73/><D73/><U66/><E133/><V38/><F120/><W29/><G19/><T7/><D0/><U2/><E2/><V8/><F17/><W16/><G16/><N who="0" m="10247" /><D34/><U90/><E22/><V37/><F8/><W87/><G87/><T60/><D32/><U118/><E118/><V58/><F58/><W64/><G64/><N who="0" m="38927" /><D13/><U122/><E122/><V21/><F21/><W4/><G4/><T14/><D14/><U134/><E134/><V33/><F132/><W113/><G113/><T135/><D28/><N who="3" m="10857" /><G23/><T40/><D40/><U56/><E85/><N who="2" m="48319" /><F115/><W123/><G123/><T15/><D15/><U5/><E5/><V11/><F11/><W89/><G89/><T105/><D105/><U63/><E69/><V128/><F128/><W49/><G49/><T83/><D83/><U88/><E90/><V26/><F33/><W70/><G70/><T86/><D135/><U95/><E95/><V18/><F18/><W61/><G61/><T9/><D9/><U47/><REACH who="1" step="1"/><E63/><REACH who="1" ten="102,189,160,539" step="2"/><N who="2" m="40383" /><F26/><W59/><G27/><T91/><D103/><U48/><E48/><V106/><F106/><W53/><G24/><RYUUKYOKU ba="2,1" sc="102,10,189,10,160,10,539,-30" hai0="6,7,50,52,86,91,93" hai1="42,47,51,56,62,66,77,78,88,94,98,124,127" hai2="36,37,38,39,43,44,46" /><INIT seed="4,3,1,2,0,16" ten="112,199,170,509" oya="0" hai0="127,22,116,40,103,74,51,119,77,99,70,101,88" hai1="29,79,66,126,42,5,89,105,78,96,81,113,129" hai2="35,15,14,27,122,41,130,26,43,91,33,45,95" hai3="75,82,109,87,1,94,46,73,3,67,39,47,83"/><T58/><D70/><U117/><E117/><V114/><F114/><W92/><G67/><T80/><D127/><U56/><E126/><V9/><F130/><W32/><G32/><T134/><D134/><U72/><E129/><V20/><F122/><W61/><G61/><T71/><D71/><U115/><E42/><V98/><F27/><W55/><G55/><T100/><D22/><U21/><E5/><V28/><F41/><W110/><G87/><T37/><D37/><AGARI ba="3,1" hai="1,3,37,39,46,47,73,75,82,83,92,94,109,110" machi="37" ten="25,1600,0" yaku="22,2" doraHai="16" who="3" fromWho="0" sc="112,-25,199,0,170,0,509,35" /><INIT seed="5,0,0,2,3,109" ten="87,199,170,544" oya="1" hai0="86,70,118,107,62,36,47,117,93,12,13,116,14" hai1="23,55,130,74,41,119,87,40,100,133,115,102,114" hai2="29,58,5,38,59,85,103,31,45,80,135,112,11" hai3="8,27,90,98,16,106,19,111,51,71,105,81,82"/><U44/><E74/><V126/><F135/><W53/><G71/><T35/><D107/><U72/><E72/><V129/><F126/><W21/><G106/><T69/><D35/><U89/><E133/><V26/><F129/><W127/><G127/><T17/><D17/><U91/><E130/><V18/><F103/><N who="1" m="39465" /><E119/><V84/><F18/><W78/><G111/><T76/><D62/><U1/><E1/><V131/><F131/><W120/><G120/><T63/><D63/><U75/><E75/><V64/><F64/><W4/><G19/><T39/><D47/><U124/><E124/><V101/><F101/><W67/><G67/><T60/><D60/><U46/><E23/><V57/><F112/><N who="1" m="43049" /><E55/><V15/><F45/><N who="1" m="17513" /><E91/><V83/><F38/><W123/><G105/><T48/><D76/><U79/><E79/><N who="2" m="46111" /><F26/><W25/><G27/><T37/><REACH who="0" step="1"/><D48/><REACH who="0" ten="77,199,170,544" step="2"/><U0/><E0/><V77/><AGARI ba="0,1" hai="5,11,15,29,31,57,58,59,77,83,85" m="46111" machi="77" ten="30,1100,0" yaku="8,1" doraHai="109" who="2" fromWho="2" sc="77,-3,199,-5,170,21,544,-3" /><INIT seed="6,0,0,5,3,47" ten="74,194,191,541" oya="2" hai0="11,77,111,39,62,100,90,82,109,53,3,57,32" hai1="1,48,93,134,135,8,16,58,18,26,106,129,118" hai2="38,60,52,97,46,133,24,4,13,56,104,10,119" hai3="130,115,33,67,29,65,44,12,70,34,76,2,37"/><V81/><F133/><N who="1" m="50697" /><E106/><V74/><F119/><W78/><G115/><T41/><D32/><U55/><E129/><V116/><F116/><W66/><G2/><T127/><D127/><U128/><E128/><V102/><F24/><W126/><G130/><T94/><D100/><U63/><E118/><V59/><F74/><W103/><G103/><T96/><D41/><U123/><E123/><V21/><F81/><W85/><G126/><T19/><D39/><U68/><E93/><V73/><F73/><W35/><G70/><T105/><D105/><U14/><E1/><V17/><F38/><W42/><G29/><T121/><D121/><U5/><E26/><V122/><F122/><W107/><G107/><T117/><D117/><U22/><E22/><V89/><F89/><W64/><G64/><AGARI ba="0,0" hai="5,8,14,16,18,48,55,58,63,64,68" m="50697" machi="64" ten="30,3900,0" yaku="20,1,52,1,54,1" doraHai="47" who="1" fromWho="3" sc="74,0,194,39,191,0,541,-39" /><INIT seed="7,0,0,5,1,29" ten="74,233,191,502" oya="3" hai0="35,130,92,76,4,49,64,86,127,66,128,115,72" hai1="17,112,57,56,59,44,126,19,75,65,124,22,12" hai2="83,40,108,131,107,9,39,10,97,90,102,13,77" hai3="123,135,0,36,16,132,55,120,28,15,129,114,79"/><W41/><G0/><T101/><D4/><U103/><E112/><V94/><F131/><W117/><G114/><T60/><D49/><U45/><E75/><V68/><F108/><W3/><G3/><T62/><D115/><U21/><E103/><V6/><F68/><W122/><G129/><T23/><D72/><U61/><E124/><V70/><F70/><W96/><G79/><T73/><D73/><U93/><E93/><V50/><F39/><W69/><G69/><T25/><D92/><U42/><E126/><V134/><F134/><N who="3" m="51243" /><G117/><T106/><D101/><U18/><E18/><V125/><F125/><W33/><G96/><T26/><D127/><U43/><E45/><V37/><F37/><W58/><G41/><N who="1" m="15370" /><E44/><V53/><F40/><W84/><G84/><T27/><D27/><AGARI ba="0,0" hai="12,17,19,21,22,27,56,57,59,61,65" m="15370" machi="27" ten="30,1000,0" yaku="8,1" doraHai="29" who="1" fromWho="0" sc="74,-10,233,10,191,0,502,0" owari="64,-44.0,243,4.0,191,-21.0,502,61.0" /></mjloggm>