<mjloggm ver="2.3"><GO type="169" lobby="0"/><UN n0="%7A%65%52%6F" n1="%E3%81%8B%E3%81%93%E3%81%A8%E3%82%93" n2="%E6%84%9A%E5%BE%B9" n3="%36%36%E4%B8%87%E5%88%86%E3%81%AE%31" dan="17,17,16,16" rate="2205.07,2124.39,2076.19,2107.63" sx="M,M,M,M"/><TAIKYOKU oya="0"/><INIT seed="0,0,0,0,0,113" ten="250,250,250,250" oya="0" hai0="28,66,12,38,39,128,81,14,85,24,6,16,75" hai1="125,133,13,59,30,26,27,60,33,46,118,41,50" hai2="119,19,115,8,23,103,80,73,132,52,127,3,89" hai3="31,95,48,4,29,69,0,76,58,9,86,112,134"/><T88/><D128/><U94/><E133/><V63/><F115/><W37/><G112/><T42/><D66/><U92/><E125/><V35/><F127/><W130/><G69/><T99/><D75/><U101/><E118/><V15/><F132/><W121/><G37/><T18/><D6/><U104/><E104/><V91/><F103/><W11/><G134/><T56/><D56/><U67/><E101/><V108/><F108/><W54/><G130/><T117/><D117/><U2/><E2/><V79/><F35/><W129/><G129/><T74/><D74/><U105/><E105/><V114/><F114/><W116/><G116/><T82/><D42/><U7/><REACH who="1" step="1"/><E27/><REACH who="1" ten="250,240,250,250" step="2"/><V77/><F119/><W51/><G0/><T72/><D14/><U102/><E102/><V36/><F3/><W71/><G121/><T120/><D120/><U17/><E17/><N who="2" m="8423" /><F36/><W64/><G4/><T49/><D18/><U106/><E106/><V32/><F32/><W78/><G31/><T109/><D109/><U97/><E97/><V123/><F123/><W20/><G29/><T135/><D99/><U87/><E87/><N who="2" m="50407" /><F73/><W83/><G86/><T5/><D135/><U110/><E110/><V40/><F40/><W111/><G111/><T131/><D131/><U65/><E65/><V21/><F19/><W107/><G64/><T57/><D5/><U90/><E90/><V124/><F91/><W100/><G100/><T47/><D39/><U1/><E1/><V126/><F126/><W62/><G107/><T45/><D38/><U10/><AGARI ba="0,1" hai="7,10,13,26,30,33,41,46,50,59,60,67,92,94" machi="10" ten="30,2000,0" yaku="1,1,0,1,53,0" doraHai="113" doraHaiUra="70" who="1" fromWho="1" sc="250,-10,240,30,250,-5,250,-5" /><INIT seed="1,0,0,1,2,14" ten="240,270,245,245" oya="1" hai0="1,104,55,82,120,135,95,121,61,33,48,36,112" hai1="3,18,85,75,115,119,34,37,100,38,107,101,40" hai2="79,125,127,98,67,6,87,59,50,35,23,81,113" hai3="118,105,9,108,72,66,11,2,46,62,86,22,128"/><U124/><E119/><V45/><F35/><W60/><G72/><T63/><D104/><U74/><E3/><V68/><F113/><W131/><G105/><T44/><D33/><U42/><E34/><V123/><F123/><N who="0" m="47178" /><D1/><U114/><E85/><V89/><F68/><W71/><G118/><T5/><D5/><U21/><E21/><V109/><F109/><W80/><G108/><T116/><D116/><U4/><E107/><V17/><F6/><W8/><G60/><T10/><D10/><U132/><E4/><V41/><F67/><W99/><G99/><T65/><D95/><U7/><E7/><V106/><F59/><W90/><G2/><T117/><D82/><U77/><E77/><V126/><F106/><W29/><REACH who="3" step="1"/><G46/><REACH who="3" ten="240,270,245,235" step="2"/><T43/><D117/><U54/><E115/><V92/><REACH who="2" step="1"/><F126/><REACH who="2" ten="240,270,235,235" step="2"/><W93/><G93/><T24/><D112/><U13/><E114/><V58/><F58/><W73/><G73/><T16/><D65/><U12/><E124/><V133/><F133/><W27/><AGARI ba="0,2" hai="8,9,11,22,27,29,62,66,71,80,86,90,128,131" machi="27" ten="30,4000,0" yaku="1,1,0,1,53,1" doraHai="14" doraHaiUra="57" who="3" fromWho="3" sc="240,-10,270,-20,235,-10,235,60" /><INIT seed="2,0,0,2,2,63" ten="230,250,225,295" oya="2" hai0="17,28,19,37,53,90,116,114,3,89,102,124,107" hai1="22,44,117,104,85,39,30,26,105,130,118,75,127" hai2="69,93,25,2,62,6,94,65,52,98,73,9,81" hai3="4,12,56,80,87,120,113,54,13,110,112,34,125"/><V14/><F25/><W123/><G34/><T24/><D114/><N who="3" m="44137" /><G110/><T79/><D37/><U7/><E75/><V76/><F2/><W82/><G125/><T55/><D3/><U129/><E127/><V46/><REACH who="2" step="1"/><F98/><REACH who="2" ten="230,250,215,295" step="2"/><W70/><G120/><T119/><D24/><U108/><E26/><V60/><F60/><W132/><G123/><T32/><D124/><U122/><E122/><V66/><F66/><W131/><G13/><T106/><D119/><U11/><E117/><V78/><F78/><W20/><G12/><T1/><D79/><U103/><E118/><V71/><F71/><W100/><G70/><T61/><D1/><U5/><E108/><V45/><F45/><W58/><G56/><T126/><D61/><U84/><E44/><V128/><F128/><W115/><G131/><T48/><D126/><U41/><E130/><V36/><F36/><W101/><G58/><T35/><D116/><U43/><E39/><V27/><F27/><W91/><G115/><T111/><D111/><U50/><E129/><V33/><F33/><W72/><G132/><T10/><D35/><U135/><E135/><V21/><F21/><W67/><G20/><T64/><D64/><U92/><E22/><V47/><F47/><W16/><G67/><T29/><D32/><U133/><E133/><V95/><F95/><W77/><G77/><T15/><D15/><U59/><E92/><V68/><F68/><W109/><G109/><T42/><D29/><U57/><E30/><V49/><AGARI ba="0,1" hai="6,9,14,46,49,52,62,65,69,73,76,81,93,94" machi="49" ten="30,12000,1" yaku="1,1,0,1,52,1,54,1,53,1" doraHai="63" doraHaiUra="40" who="2" fromWho="2" sc="230,-40,250,-40,215,130,295,-40" /><INIT seed="2,1,0,4,5,0" ten="190,210,345,255" oya="2" hai0="76,117,114,3,12,17,91,108,130,106,121,32,18" hai1="27,34,66,124,51,44,36,81,58,61,135,8,118" hai2="96,9,86,79,64,20,25,45,85,83,94,82,35" hai3="5,15,97,126,95,102,41,11,104,70,26,134,2"/><V75/><F35/><W98/><G70/><T10/><D76/><U39/><E118/><V89/><F64/><W93/><G134/><T103/><D91/><U52/><E135/><V55/><F9/><W73/><G73/><T99/><D121/><U68/><E124/><V38/><F38/><W7/><G126/><T30/><D114/><U129/><E129/><V88/><F45/><W19/><G2/><T43/><D108/><U72/><E8/><V74/><REACH who="2" step="1"/><F55/><REACH who="2" ten="190,210,335,255" step="2"/><W115/><G115/><T123/><D32/><U100/><E36/><V59/><F59/><W24/><G41/><T22/><D10/><U53/><E34/><V92/><F92/><W80/><G80/><T28/><D43/><U127/><E127/><V71/><F71/><W87/><G104/><T132/><D106/><U131/><E39/><V69/><F69/><W29/><G95/><T54/><D54/><U4/><E53/><V112/><F112/><W49/><G93/><T21/><D132/><U33/><E68/><V78/><F78/><W37/><G37/><T48/><D22/><U40/><E40/><V57/><F57/><W23/><G11/><T31/><D21/><U122/><E66/><V116/><F116/><W107/><G107/><T110/><D117/><U133/><E33/><V6/><F6/><W67/><G7/><T65/><D65/><U90/><E4/><V60/><F60/><W13/><G67/><T1/><D1/><U42/><E61/><V56/><F56/><W120/><G5/><T84/><D3/><U113/><E133/><V63/><F63/><W46/><G46/><RYUUKYOKU ba="1,1" sc="190,-10,210,-10,335,30,255,-10" hai2="20,25,74,75,79,82,83,85,86,88,89,94,96" /><INIT seed="2,2,1,4,1,99" ten="180,200,365,245" oya="2" hai0="61,38,133,74,107,20,127,24,5,51,76,125,73" hai1="103,106,96,108,55,105,134,115,1,63,92,116,28" hai2="25,57,35,23,64,40,69,67,120,56,62,7,132" hai3="123,113,8,110,112,49,10,12,91,33,117,15,26"/><V9/><F120/><W78/><G78/><T70/><D38/><U30/><E116/><V104/><F132/><W100/><G100/><T130/><D133/><U41/><E134/><V126/><F126/><N who="0" m="48138" /><D130/><U118/><E115/><N who="3" m="44106" /><G91/><T114/><D114/><U36/><E118/><V65/><F40/><W14/><G117/><T102/><D5/><U89/><E108/><V98/><F57/><W66/><G49/><T47/><D76/><U53/><E1/><V97/><F97/><W121/><G66/><N who="0" m="41295" /><D102/><U52/><E63/><V58/><F58/><W34/><G110/><T50/><D107/><U48/><E36/><V39/><F39/><W94/><G94/><T71/><D71/><U6/><E6/><V45/><F45/><W86/><G86/><T111/><D111/><U21/><E106/><V87/><F87/><W4/><G4/><T124/><N who="0" m="48146" /><T22/><DORA hai="54" /><D22/><U59/><E21/><V17/><F69/><W88/><G88/><T75/><D47/><U80/><E105/><V27/><F98/><W16/><G121/><T11/><D11/><N who="3" m="4137" /><G123/><T81/><D81/><U85/><E41/><V31/><REACH who="2" step="1"/><F104/><REACH who="2" ten="180,200,355,245" step="2"/><W2/><G2/><AGARI ba="2,2" hai="2,7,9,17,23,25,27,31,35,56,62,64,65,67" machi="2" ten="30,12000,1" yaku="1,1,2,1,7,1,52,1,53,1" doraHai="99,54" doraHaiUra="18,77" who="2" fromWho="3" sc="180,0,200,0,355,146,245,-126" /><INIT seed="2,3,0,3,3,13" ten="180,200,501,119" oya="2" hai0="51,74,45,8,43,119,76,104,116,54,79,95,111" hai1="85,125,99,11,106,128,73,124,127,96,28,21,39" hai2="121,38,62,103,7,48,126,60,24,64,69,50,10" hai3="86,72,118,17,4,134,131,16,133,81,109,67,1"/><V117/><F117/><N who="0" m="45130" /><D104/><U105/><E39/><V93/><F121/><W89/><G118/><T120/><D120/><U30/><E73/><V20/><F38/><W66/><G72/><T97/><D111/><U36/><E36/><V12/><F126/><W59/><G109/><T82/><D8/><U112/><E112/><V113/><F113/><W110/><G110/><T77/><D54/><U3/><E128/><V115/><F115/><W84/><G131/><T44/><D45/><U63/><E63/><V65/><F93/><W42/><G42/><T46/><D46/><U122/><E122/><V23/><F103/><AGARI ba="3,0" hai="43,44,51,74,76,77,79,82,95,97,103" m="45130" machi="103" ten="30,1000,0" yaku="12,1" doraHai="13" who="0" fromWho="2" sc="180,19,200,0,501,-19,119,0" /><INIT seed="3,0,0,0,3,80" ten="199,200,482,119" oya="3" hai0="33,134,84,16,82,102,128,75,85,7,3,87,81" hai1="51,36,124,40,110,66,56,91,8,70,69,131,68" hai2="48,71,105,64,50,24,119,17,18,26,67,55,127" hai3="57,47,74,98,95,83,29,1,118,45,34,25,60"/><W126/><G118/><T112/><D33/><U122/><E122/><V22/><F119/><W97/><G1/><T41/><D75/><U93/><E131/><V11/><F105/><W132/><G132/><T78/><D128/><U44/><E124/><V100/><F100/><W2/><G2/><T61/><D134/><U72/><E72/><V43/><F71/><W108/><G126/><T88/><D112/><U133/><E133/><V5/><F127/><W59/><G108/><T89/><D102/><U49/><E110/><V4/><F43/><W10/><G10/><T21/><D41/><U76/><E76/><V73/><F73/><W32/><G32/><T6/><D3/><U15/><E66/><V117/><F117/><W86/><G74/><T58/><D87/><U92/><E56/><V106/><F106/><W65/><G59/><T35/><D35/><U63/><E63/><V77/><F77/><W99/><REACH who="3" step="1"/><G95/><REACH who="3" ten="199,200,482,109" step="2"/><T37/><D78/><AGARI ba="0,1" hai="25,29,34,45,47,57,60,65,78,83,86,97,98,99" machi="78" ten="40,7700,0" yaku="1,1,2,1,52,1,53,0" doraHai="80" doraHaiUra="111" who="3" fromWho="0" sc="199,-77,200,0,482,0,109,87" /><INIT seed="3,1,0,0,5,23" ten="122,200,482,196" oya="3" hai0="70,9,17,30,115,62,58,11,72,87,92,35,65" hai1="88,117,44,19,91,7,64,6,18,5,61,83,38" hai2="42,55,118,123,111,67,95,63,22,106,52,131,104" hai3="24,132,8,31,66,34,1,26,119,99,124,76,37"/><W57/><G119/><T15/><D72/><U81/><E117/><V80/><F118/><W29/><G37/><T46/><D115/><U130/><E130/><V94/><F111/><W103/><G132/><T77/><D70/><U33/><E33/><V128/><F42/><W98/><G124/><T133/><D133/><U109/><E109/><V113/><F80/><N who="1" m="30793" /><E44/><V20/><F63/><N who="3" m="38255" /><G1/><T49/><D35/><U50/><E50/><V107/><F67/><W51/><G34/><T48/><D48/><U14/><E38/><V114/><F107/><W101/><G8/><T108/><D108/><U32/><E32/><V127/><F123/><W100/><G76/><T41/><D30/><N who="3" m="11273" /><G51/><T71/><D71/><U135/><E135/><V79/><F79/><W125/><G125/><AGARI ba="1,0" hai="20,22,52,55,94,95,104,106,113,114,125,127,128,131" machi="125" ten="25,3200,0" yaku="22,2,54,1" doraHai="23" who="2" fromWho="3" sc="122,0,200,0,482,35,196,-35" /><INIT seed="4,0,0,0,0,101" ten="122,200,517,161" oya="0" hai0="18,75,89,76,51,24,132,92,98,54,111,124,117" hai1="74,114,67,19,126,78,64,47,22,40,116,38,61" hai2="33,87,91,95,72,119,48,26,100,21,8,28,113" hai3="59,9,80,20,27,15,57,97,134,81,31,83,13"/><T44/><D124/><U1/><E1/><V29/><F113/><W93/><G134/><T46/><D132/><U115/><E116/><V52/><F119/><W133/><G133/><T43/><D117/><U94/><E126/><V110/><F110/><W129/><G129/><T73/><D111/><U130/><E130/><V60/><F72/><W90/><REACH who="3" step="1"/><G15/><REACH who="3" ten="122,200,517,151" step="2"/><T42/><D76/><U39/><E78/><V125/><F125/><W30/><G30/><T56/><D75/><U66/><E114/><V108/><F29/><W85/><G85/><T109/><D73/><U121/><E115/><V35/><F108/><W34/><G34/><T106/><D109/><U118/><E74/><V0/><F35/><W96/><G96/><T128/><D128/><U49/><E118/><V82/><F33/><W50/><G50/><T55/><D106/><U120/><E49/><V25/><F48/><W32/><G32/><T63/><D46/><U112/><E112/><V10/><F0/><W68/><G68/><T4/><D4/><AGARI ba="0,1" hai="4,9,13,20,27,31,57,59,80,81,83,90,93,97" machi="4" ten="40,2600,0" yaku="1,1,8,1,53,0" doraHai="101" doraHaiUra="99" who="3" fromWho="0" sc="122,-26,200,0,517,0,151,36" /><INIT seed="5,0,0,2,1,105" ten="96,200,517,187" oya="1" hai0="77,81,40,0,1,46,111,89,9,49,35,72,86" hai1="56,90,68,79,113,130,21,63,69,24,55,100,48" hai2="106,109,8,78,104,3,91,45,38,128,101,112,74" hai3="43,4,54,83,75,25,14,44,64,37,58,59,93"/><U82/><E113/><V47/><F109/><W51/><G25/><T29/><D111/><U123/><E130/><V95/><F128/><W125/><G125/><T13/><D29/><U30/><E123/><V16/><F112/><W11/><G93/><T124/><D35/><U22/><E100/><V99/><F38/><W129/><G129/><T94/><REACH who="0" step="1"/><D124/><REACH who="0" ten="86,200,517,187" step="2"/><U23/><E30/><V60/><F106/><W32/><G32/><T5/><AGARI ba="0,1" hai="0,1,5,9,13,40,46,49,72,77,81,86,89,94" machi="5" ten="20,8000,1" yaku="1,1,2,1,0,1,7,1,52,1,53,0" doraHai="105" doraHaiUra="18" who="0" fromWho="0" sc="86,90,200,-40,517,-20,187,-20" /><INIT seed="6,0,0,2,5,23" ten="176,160,497,167" oya="2" hai0="81,115,121,33,78,123,8,37,52,21,102,58,35" hai1="59,95,11,67,6,133,99,124,9,76,72,4,130" hai2="44,12,10,93,65,2,101,49,26,36,48,74,111" hai3="29,100,0,57,43,64,3,54,117,118,30,22,77"/><V34/><F111/><W47/><G64/><T84/><D37/><U114/><E133/><V63/><F74/><W31/><G100/><T126/><D115/><U60/><E130/><V40/><F2/><W32/><G77/><T5/><D126/><U55/><E124/><V75/><F75/><W17/><G47/><T134/><D134/><U87/><E114/><V105/><F105/><W94/><G94/><T19/><D102/><U103/><E72/><V39/><F49/><W38/><G43/><T110/><D110/><U80/><REACH who="1" step="1"/><E67/><REACH who="1" ten="176,150,497,167" step="2"/><V131/><F131/><W107/><G117/><T45/><D123/><U88/><E88/><V106/><F101/><W68/><G118/><T20/><D121/><U129/><E129/><V42/><F106/><W46/><G107/><T86/><D78/><U83/><E83/><V89/><F89/><W66/><G66/><T25/><D81/><U98/><E98/><V109/><F93/><W41/><G68/><T125/><D86/><U132/><E132/><V92/><F92/><W16/><G32/><T70/><D84/><U15/><E15/><V71/><F109/><W13/><REACH who="3" step="1"/><G17/><REACH who="3" ten="176,150,497,157" step="2"/><T104/><D104/><U56/><E56/><N who="2" m="37095" /><F34/><W128/><G128/><T113/><D35/><U1/><E1/><V69/><F71/><W122/><G122/><T18/><D33/><U14/><E14/><V97/><F69/><W116/><G116/><T53/><D70/><U135/><E135/><V96/><F12/><W61/><AGARI ba="0,2" hai="0,3,13,16,22,29,30,31,38,41,46,54,57,61" machi="61" ten="30,4000,0" yaku="1,1,0,1,54,1,53,0" doraHai="23" doraHaiUra="79" who="3" fromWho="3" sc="176,-10,150,-10,497,-20,157,60" /><INIT seed="7,0,0,3,0,40" ten="166,140,477,217" oya="3" hai0="46,44,1,122,126,111,118,22,64,4,93,89,115" hai1="100,32,35,42,75,78,101,57,55,91,116,84,10" hai2="51,67,108,61,113,86,83,95,5,98,128,30,68" hai3="81,23,28,70,129,99,124,74,102,105,45,130,6"/><W21/><G70/><T34/><D118/><U7/><E116/><V39/><F39/><W94/><G124/><T29/><D111/><U112/><E112/><V71/><F108/><W24/><G6/><T132/><D34/><U87/><E75/><V134/><F134/><W73/><G105/><T119/><D119/><U26/><E42/><V131/><F113/><W58/><G58/><T85/><D122/><U125/><E125/><V43/><F30/><W27/><G45/><N who="0" m="17515" /><D1/><U80/><E32/><V37/><F37/><W114/><G114/><T17/><D115/><U18/><E35/><V76/><F51/><W36/><G36/><T123/><D123/><U49/><E26/><V103/><F43/><W66/><G66/><T117/><D117/><U79/><E18/><V54/><F54/><W69/><G69/><T15/><D126/><U38/><E38/><V48/><F48/><W20/><G20/><N who="0" m="11327" /><D132/><U135/><E135/><V56/><F5/><W53/><G53/><T0/><D0/><U33/><E33/><V2/><F2/><W121/><G121/><T65/><D4/><U14/><REACH who="1" step="1"/><E79/><REACH who="1" ten="166,130,477,217" step="2"/><V72/><F72/><W106/><G74/><T77/><D77/><U92/><AGARI ba="0,1" hai="7,10,14,49,55,57,78,80,84,87,91,92,100,101" machi="92" ten="20,12000,2" yaku="1,1,2,1,0,1,7,1,8,1,53,1" doraHai="40" doraHaiUra="11" who="1" fromWho="1" sc="166,-30,130,130,477,-30,217,-60" owari="136,-36.0,260,6.0,447,54.0,157,-24.0" /></mjloggm>