<mjloggm ver="2.3"><GO type="185" lobby="0"/><UN n0="%52%35" n1="%E3%81%91%E3%82%93%E3%81%BC" n2="%EF%BC%88%E3%83%BB%EF%BC%88%E3%83%B1%EF%BC%89%E3%83%BB%EF%BC%89" n3="" dan="16,16,17,0" rate="2166.25,2190.44,2163.15,1500.00" sx="M,M,M,C"/><TAIKYOKU oya="0"/><INIT seed="0,0,0,3,1,82" ten="350,350,350,0" oya="0" hai0="77,57,67,33,97,90,40,135,103,129,35,53,74" hai1="1,61,108,34,127,116,51,38,132,37,62,111,113" hai2="117,79,91,122,69,86,109,130,125,133,68,95,123" hai3=""/><T106/><D129/><U50/><E1/><V93/><N who="2" m="31264" /><V114/><N who="2" m="31520" /><V39/><F109/><N who="1" m="42057" /><E34/><V118/><F114/><T64/><D135/><U81/><E113/><V46/><F133/><T71/><D40/><U110/><N who="1" m="42065" /><U56/><DORA hai="36" /><E132/><V120/><N who="2" m="30752" /><V72/><F130/><T100/><D100/><U121/><N who="1" m="31008" /><U70/><E116/><N who="2" m="44651" /><F125/><T96/><D77/><U105/><E105/><V45/><F95/><T42/><D74/><U65/><E127/><V89/><F89/><T58/><D90/><U80/><E81/><V88/><F91/><T78/><D106/><U63/><E80/><V47/><F39/><N who="1" m="14857" /><E62/><V85/><F72/><T43/><D35/><U107/><E107/><V75/><F75/><T112/><D112/><U92/><E92/><V44/><N who="2" m="11264" /><DORA hai="84" /><V98/><F79/><T73/><D73/><U124/><E124/><V55/><F55/><AGARI ba="0,0" hai="50,51,55,56,61,63,65,70" m="14857,31008,42065" machi="55" ten="40,8000,1" yaku="14,1,34,2,52,1" doraHai="82,36,84" who="1" fromWho="2" sc="350,0,350,80,350,-80,0,0" /><INIT seed="1,0,0,2,0,79" ten="350,430,270,0" oya="1" hai0="116,124,97,81,98,70,127,76,105,35,39,109,50" hai1="46,60,93,130,107,132,33,103,129,42,119,100,74" hai2="88,34,49,133,56,65,122,115,0,108,72,120,59" hai3=""/><U85/><E33/><V63/><N who="2" m="30752" /><V73/><N who="2" m="31264" /><V89/><F34/><T68/><D35/><U53/><E119/><V86/><F0/><T121/><N who="0" m="31008" /><T102/><D39/><U80/><E132/><V40/><F133/><T71/><D116/><U94/><E74/><V69/><F108/><T2/><D2/><U135/><E135/><V126/><F126/><T41/><D109/><U52/><E107/><V51/><F115/><T78/><D98/><U58/><E53/><V118/><F118/><T112/><D78/><U77/><E94/><V90/><F86/><T104/><D105/><U96/><REACH who="1" step="1"/><E103/><REACH who="1" ten="350,420,270,0" step="2"/><V48/><REACH who="2" step="1"/><F40/><REACH who="2" ten="350,420,260,0" step="2"/><T123/><N who="0" m="31520" /><T54/><D41/><U87/><E87/><V106/><F106/><T92/><D104/><U131/><E131/><V36/><F36/><AGARI ba="0,2" hai="36,42,46,52,58,60,77,80,85,93,96,100,129,130" machi="36" ten="40,7700,0" yaku="1,1,52,1,54,1,53,0" doraHai="79" doraHaiUra="32" who="1" fromWho="2" sc="350,0,420,97,260,-77,0,0" /><INIT seed="1,1,0,3,3,65" ten="350,517,183,0" oya="1" hai0="97,96,92,33,124,132,69,90,34,38,57,110,3" hai1="127,67,36,42,126,95,49,79,61,2,1,75,129" hai2="128,35,94,66,46,44,99,135,104,55,32,101,62" hai3=""/><U51/><E129/><V117/><F117/><T80/><D3/><N who="1" m="1035" /><E95/><V100/><F128/><T84/><D34/><U63/><E79/><V109/><F109/><T123/><D110/><U41/><E75/><V77/><F135/><T64/><D132/><U98/><E98/><V116/><F77/><T59/><D33/><U85/><E85/><V40/><F116/><T0/><D0/><U43/><E36/><V131/><F131/><T68/><N who="0" m="31520" /><T74/><D38/><U72/><E72/><V82/><F82/><T86/><D74/><U111/><E111/><V54/><F101/><T115/><D115/><U114/><E114/><V60/><F104/><T105/><D124/><N who="1" m="47659" /><E63/><V113/><F113/><T48/><D48/><U83/><E83/><V133/><F133/><T53/><D57/><AGARI ba="1,0" hai="41,42,43,49,51,57,61,67" m="47659,1035" machi="57" ten="40,2000,0" yaku="18,1" doraHai="65" who="1" fromWho="0" sc="350,-22,517,22,183,0,0,0" /><INIT seed="1,2,0,3,1,90" ten="328,539,183,0" oya="1" hai0="98,52,41,54,109,126,34,69,78,97,32,130,110" hai1="83,76,114,91,115,44,66,48,36,73,74,0,128" hai2="123,71,39,64,86,119,50,55,70,100,132,107,121" hai3=""/><U85/><E0/><V80/><N who="2" m="31008" /><V67/><N who="2" m="31520" /><V117/><F39/><T102/><D126/><U129/><E36/><V120/><N who="2" m="30752" /><V35/><F35/><T87/><D69/><U84/><E66/><V56/><F132/><T33/><D130/><N who="1" m="50283" /><E48/><V82/><F107/><T49/><D78/><U127/><E44/><V134/><F100/><T45/><D87/><U60/><E60/><V2/><F2/><T135/><D98/><U103/><E103/><V63/><F134/><T3/><D135/><U42/><E42/><V101/><F101/><T96/><D97/><U47/><E47/><V104/><F104/><T81/><D81/><U125/><E74/><V46/><F82/><T105/><REACH who="0" step="1"/><D3/><REACH who="0" ten="318,539,183,0" step="2"/><U1/><E1/><V131/><F131/><T111/><AGARI ba="2,1" hai="32,33,34,41,45,49,52,54,96,102,105,109,110,111" machi="111" ten="40,9000,2" yaku="1,1,2,1,0,1,14,1,54,1,53,1" doraHai="90" doraHaiUra="92" who="0" fromWho="0" sc="318,104,539,-62,183,-32,0,0" /><INIT seed="2,0,0,1,5,126" ten="422,477,151,0" oya="2" hai0="2,54,78,121,94,112,44,133,71,85,45,43,109" hai1="1,91,111,64,104,103,57,128,48,69,59,97,106" hai2="46,53,127,36,73,113,102,108,55,87,77,99,60" hai3=""/><V72/><F113/><T65/><N who="0" m="31008" /><T76/><D2/><U131/><E1/><V125/><F108/><T134/><D109/><U101/><E111/><V37/><F87/><T86/><D54/><N who="2" m="20490" /><F60/><T42/><D94/><U118/><E48/><V51/><F51/><T90/><D90/><U40/><E40/><V32/><F32/><T47/><D65/><U74/><E74/><N who="2" m="28779" /><F77/><T114/><D47/><U52/><E91/><V49/><F49/><T129/><REACH who="0" step="1"/><D71/><REACH who="0" ten="412,477,151,0" step="2"/><U33/><E69/><V120/><N who="2" m="30752" /><V50/><F50/><T96/><D96/><U116/><E97/><V124/><F46/><T81/><D81/><U132/><E64/><V88/><F88/><T84/><D84/><U92/><E92/><AGARI ba="0,1" hai="36,37,92,99,102,124,125,127" m="30752,28779,20490" machi="92" ten="40,3900,0" yaku="18,1,52,1" doraHai="126" who="2" fromWho="1" sc="412,0,477,-39,151,49,0,0" /><INIT seed="2,1,0,5,2,124" ten="412,438,200,0" oya="2" hai0="110,57,122,33,90,128,108,125,68,61,111,96,135" hai1="42,74,59,127,126,54,75,103,85,83,102,106,51" hai2="78,93,121,60,62,43,50,104,101,77,39,44,116" hai3=""/><V107/><N who="2" m="31008" /><V38/><F116/><T100/><N who="0" m="31264" /><T0/><D0/><U81/><E42/><V36/><F93/><T114/><D33/><U58/><E58/><V3/><F3/><T76/><D125/><N who="1" m="47627" /><E83/><V66/><F101/><N who="1" m="38409" /><E106/><V87/><F62/><T131/><D68/><U89/><AGARI ba="1,0" hai="51,54,59,74,75,81,85,89" m="38409,47627" machi="89" ten="30,800,0" yaku="18,1" doraHai="124" who="1" fromWho="1" sc="412,-4,438,10,200,-6,0,0" /><INIT seed="4,0,0,4,3,118" ten="408,448,194,0" oya="0" hai0="65,0,46,75,134,97,132,77,49,81,1,84,72" hai1="80,86,44,59,53,32,85,130,122,45,52,78,83" hai2="99,98,91,94,127,62,125,51,129,70,33,115,116" hai3=""/><T48/><D65/><U36/><N who="1" m="31264" /><U66/><E32/><V3/><F3/><T113/><D113/><U41/><E130/><V47/><F33/><T103/><D84/><U42/><E66/><V40/><F115/><T61/><D61/><U121/><N who="1" m="31008" /><U63/><E63/><V101/><F116/><T87/><D87/><U135/><E59/><V58/><F70/><T82/><D97/><U131/><E131/><V119/><F119/><T123/><N who="0" m="31520" /><T67/><D67/><U109/><E109/><V54/><REACH who="2" step="1"/><F129/><REACH who="2" ten="408,448,184,0" step="2"/><T106/><D0/><U43/><E135/><V74/><F74/><T92/><D1/><U104/><E104/><AGARI ba="0,1" hai="40,47,51,54,58,62,91,94,98,99,101,104,125,127" machi="104" ten="40,5200,0" yaku="1,1,53,2" doraHai="118" doraHaiUra="95" who="2" fromWho="1" sc="408,0,448,-52,184,62,0,0" /><INIT seed="5,0,0,5,0,135" ten="408,396,246,0" oya="1" hai0="36,37,101,81,129,99,3,66,91,35,121,90,113" hai1="78,122,123,49,116,98,92,41,126,107,72,134,75" hai2="77,106,33,51,128,73,67,133,104,60,56,110,84" hai3=""/><U103/><N who="1" m="31264" /><U109/><N who="1" m="31520" /><U105/><E116/><V69/><F33/><T71/><N who="0" m="31008" /><T130/><D35/><U102/><E134/><V47/><F110/><T39/><D3/><U127/><E41/><V115/><F133/><T64/><D113/><U120/><N who="1" m="30752" /><U63/><E49/><V85/><F128/><N who="0" m="49258" /><D71/><U52/><E109/><V55/><F115/><T65/><D81/><U34/><E34/><V43/><F73/><N who="1" m="28233" /><E52/><V97/><F77/><T94/><AGARI ba="0,0" hai="36,37,39,64,65,66,90,91,94,99,101" m="49258,31008" machi="94" ten="40,2000,0" yaku="19,1,52,1" doraHai="135" who="0" fromWho="0" sc="408,20,396,-13,246,-7,0,0" /><INIT seed="6,0,0,3,4,37" ten="428,383,239,0" oya="2" hai0="117,40,114,120,0,88,80,95,78,65,67,92,32" hai1="97,89,134,50,82,47,86,34,60,93,72,70,46" hai2="87,76,57,58,102,115,126,81,64,90,33,1,68" hai3=""/><V51/><F33/><T45/><N who="0" m="30752" /><T48/><D117/><U127/><E34/><V79/><F1/><T3/><D32/><U108/><E108/><V91/><F115/><T110/><D110/><U69/><E127/><V54/><F126/><T130/><D114/><U100/><E134/><V116/><F116/><T35/><D35/><U77/><E60/><V135/><F135/><T106/><D106/><U129/><E129/><V61/><F102/><T71/><D130/><U123/><N who="1" m="31520" /><U131/><E131/><V38/><F38/><T113/><D113/><U73/><E47/><V128/><F128/><T98/><D95/><U42/><REACH who="1" step="1"/><E73/><REACH who="1" ten="428,373,239,0" step="2"/><V99/><F68/><T41/><D41/><U122/><N who="1" m="31264" /><U36/><E36/><V2/><F2/><T74/><REACH who="0" step="1"/><D67/><REACH who="0" ten="418,373,239,0" step="2"/><U132/><E132/><V118/><F118/><T96/><D96/><U53/><E53/><V66/><F66/><T56/><D56/><U111/><E111/><V49/><F49/><T107/><D107/><AGARI ba="0,2" hai="42,46,50,69,70,72,77,82,86,89,93,97,100,107" m="31264,31520" machi="107" ten="30,16000,3" yaku="1,1,7,1,24,2,52,3,53,1" doraHai="37" doraHaiUra="43" who="1" fromWho="0" sc="418,-160,373,180,239,0,0,0" owari="258,-14.0,553,50.0,239,-36.0,0,0.0" /></mjloggm>