<mjloggm ver="2.3"><GO type="185" lobby="0"/><UN n0="%E3%81%A0%E3%81%83" n1="%4B%65%6E%74%4B%65%6E%74" n2="%E3%83%AD%E3%83%B3%E3%81%8C%E6%89%93%E3%81%A1%E3%81%BE%E3%81%99" n3="" dan="16,17,16,0" rate="2157.73,2281.16,2135.75,1500.00" sx="M,F,M,C"/><TAIKYOKU oya="0"/><INIT seed="0,0,0,5,5,46" ten="350,350,350,0" oya="0" hai0="117,90,81,112,48,73,55,128,51,129,108,0,121" hai1="107,94,58,67,53,119,89,100,127,33,95,101,68" hai2="118,70,111,1,104,115,123,110,114,125,47,82,38" hai3=""/><T124/><N who="0" m="31008" /><T122/><N who="0" m="31264" /><T34/><D117/><U45/><E33/><V40/><N who="2" m="31520" /><V74/><F1/><T39/><D112/><U80/><E119/><V86/><F118/><T87/><D0/><U62/><E127/><V76/><F125/><T132/><D34/><U52/><E80/><V59/><F70/><T37/><D124/><U105/><E45/><V2/><F2/><T103/><D73/><U97/><E53/><V77/><F104/><T65/><D65/><U57/><E68/><V71/><F71/><T109/><D103/><U98/><REACH who="1" step="1"/><E89/><REACH who="1" ten="350,340,350,0" step="2"/><V41/><F41/><T61/><D132/><U54/><E54/><V43/><F43/><T84/><D55/><U35/><E35/><V113/><F59/><T120/><N who="0" m="30752" /><T50/><D61/><AGARI ba="0,1" hai="52,57,58,61,62,67,94,95,97,98,100,101,105,107" machi="61" ten="30,7700,0" yaku="1,1,7,1,9,1,54,1,53,0" doraHai="46" doraHaiUra="83" who="1" fromWho="0" sc="350,-77,340,87,350,0,0,0" /><INIT seed="1,0,0,2,0,115" ten="273,427,350,0" oya="1" hai0="95,106,34,81,3,132,104,56,76,52,101,126,120" hai1="75,54,71,135,97,59,133,83,122,39,93,84,85" hai2="116,131,73,2,91,67,55,58,134,42,112,50,80" hai3=""/><U64/><N who="1" m="31264" /><U61/><E39/><V105/><F105/><T37/><N who="0" m="30752" /><T62/><D37/><U78/><E75/><V127/><F2/><T87/><D34/><U0/><E0/><V94/><F116/><T92/><D3/><U36/><E36/><V70/><F127/><T35/><D126/><U1/><E1/><V113/><F134/><T117/><D35/><U74/><E133/><V46/><F131/><T69/><D132/><U45/><E45/><V63/><F80/><T60/><D117/><U111/><E111/><V57/><F73/><T51/><D95/><U103/><REACH who="1" step="1"/><E135/><REACH who="1" ten="273,417,350,0" step="2"/><V108/><F108/><T53/><D69/><U48/><AGARI ba="0,1" hai="48,54,59,61,64,71,74,78,83,84,85,93,97,103" m="31264" machi="48" ten="20,8000,1" yaku="1,1,2,1,0,1,7,1,52,1,53,0" doraHai="115" doraHaiUra="33" who="1" fromWho="1" sc="273,-40,417,90,350,-40,0,0" /><INIT seed="1,1,0,4,2,80" ten="233,507,310,0" oya="1" hai0="56,59,112,120,44,133,117,0,69,75,79,90,103" hai1="48,92,33,97,108,131,126,100,125,3,132,93,95" hai2="43,116,102,64,115,32,54,78,62,118,57,47,61" hai3=""/><U111/><E3/><V109/><F32/><T66/><N who="0" m="30752" /><T113/><D0/><U76/><E33/><V105/><F78/><T40/><D103/><U110/><E48/><V98/><F109/><T65/><D90/><U91/><E132/><V121/><N who="2" m="31008" /><V135/><F135/><T106/><D106/><U41/><E41/><V1/><F115/><T37/><D75/><U68/><E68/><V53/><F1/><T127/><D79/><U67/><E67/><V87/><F87/><T88/><D88/><U81/><E131/><V130/><F54/><T134/><D117/><U49/><E49/><V94/><F105/><T2/><D2/><U107/><E91/><V82/><F82/><T123/><N who="0" m="31520" /><T63/><D127/><U104/><E104/><V50/><F130/><T83/><D83/><U129/><E129/><V101/><F102/><T85/><D85/><AGARI ba="1,0" hai="76,81,85,92,93,95,97,100,107,108,110,111,125,126" machi="85" ten="50,18000,2" yaku="14,1,10,1,34,3,52,1" doraHai="80" who="1" fromWho="0" sc="233,-182,507,182,310,0,0,0" /><INIT seed="1,2,0,0,0,45" ten="51,689,310,0" oya="1" hai0="56,40,94,44,133,54,112,120,95,115,69,107,117" hai1="105,132,63,37,103,65,74,68,87,134,131,92,33" hai2="3,118,91,135,83,93,53,128,61,90,86,80,43" hai3=""/><U62/><E33/><V35/><F3/><T125/><N who="0" m="30752" /><T106/><D117/><U114/><E114/><V77/><F118/><T104/><D69/><U72/><E131/><V49/><F35/><T47/><D133/><N who="1" m="51307" /><E37/><V123/><N who="2" m="31520" /><V42/><F135/><T88/><D125/><U2/><E2/><V78/><F61/><T130/><D130/><U81/><E105/><V84/><F128/><T96/><D95/><U41/><E41/><V76/><REACH who="2" step="1"/><F93/><REACH who="2" ten="51,689,300,0" step="2"/><T101/><D101/><U73/><E63/><V129/><F129/><T99/><D99/><U119/><E119/><V57/><AGARI ba="2,1" hai="42,43,49,53,57,76,77,78,80,83,84,86,90,91" m="31520" machi="57" ten="30,9000,2" yaku="1,1,0,1,9,1,8,1,52,2,53,0" doraHai="45" doraHaiUra="127" who="2" fromWho="2" sc="51,-32,689,-62,300,104,0,0" /><INIT seed="2,0,0,1,4,37" ten="19,627,404,0" oya="2" hai0="47,123,100,99,34,130,66,133,96,53,90,33,127" hai1="108,49,76,52,32,84,1,116,57,103,62,69,67" hai2="91,105,54,118,77,70,117,97,128,80,112,89,50" hai3=""/><V87/><F70/><T110/><N who="0" m="31520" /><T63/><D110/><U2/><E116/><V114/><F54/><T41/><D130/><U106/><E108/><V122/><N who="2" m="31264" /><V113/><F50/><T75/><D133/><U68/><E32/><V115/><F128/><T42/><D75/><U125/><E125/><V35/><F35/><T83/><D127/><U131/><E131/><V78/><F115/><T134/><D134/><U98/><E68/><V58/><F58/><T102/><D83/><U44/><E69/><V88/><F78/><T92/><D90/><U60/><E60/><V81/><F80/><T43/><D53/><U61/><E61/><V59/><F59/><T85/><D85/><U95/><E76/><V73/><F87/><T101/><D47/><U51/><E84/><V3/><F3/><T48/><D48/><U65/><E51/><V38/><F38/><T121/><N who="0" m="31008" /><T120/><N who="0" m="30752" /><T0/><D0/><U79/><E79/><V109/><F109/><T111/><D111/><U71/><E1/><V107/><F97/><T56/><REACH who="0" step="1"/><D101/><REACH who="0" ten="9,627,404,0" step="2"/><U94/><E2/><V93/><F114/><T45/><D45/><U74/><E44/><V132/><F132/><T124/><D124/><U82/><E49/><RYUUKYOKU ba="0,1" sc="9,20,627,-10,404,-10,0,0" hai0="33,34,41,42,43,56,63,66,92,96,99,100,102" /><INIT seed="4,1,1,3,2,49" ten="29,617,394,0" oya="0" hai0="125,130,126,123,97,80,47,133,88,33,64,63,117" hai1="37,65,99,56,43,71,67,51,52,102,58,112,73" hai2="84,124,108,3,100,86,93,41,50,113,115,85,96" hai3=""/><T122/><N who="0" m="31264" /><T72/><N who="0" m="31520" /><T92/><D33/><U81/><E112/><N who="2" m="43083" /><F3/><T48/><D117/><U98/><E71/><V132/><F108/><T106/><D130/><U0/><E0/><V104/><F124/><N who="0" m="47722" /><D106/><U91/><E37/><V60/><F60/><T66/><D133/><U110/><E43/><V116/><F116/><T118/><D118/><U114/><E114/><V103/><F132/><T109/><D109/><U55/><E110/><V135/><F135/><T32/><D32/><U76/><E91/><V111/><F111/><T59/><D66/><U79/><E79/><V119/><F119/><T107/><D107/><U90/><E90/><V101/><F104/><T83/><D72/><U44/><E67/><V53/><F41/><AGARI ba="1,1" hai="41,47,48,59,63,64,80,83,88,92,97" m="47722,31520,31264" machi="41" ten="30,11600,0" yaku="18,1,52,2,54,1" doraHai="49" who="0" fromWho="2" sc="29,128,617,0,394,-118,0,0" /><INIT seed="4,2,0,4,2,131" ten="157,617,276,0" oya="0" hai0="49,102,127,39,128,38,125,89,104,71,36,46,52" hai1="50,87,108,124,122,112,74,93,60,64,77,51,100" hai2="95,62,78,107,2,41,79,98,63,56,106,115,117" hai3=""/><T132/><D128/><U37/><N who="1" m="31264" /><U61/><E108/><V1/><F115/><T58/><D104/><U0/><E124/><N who="0" m="47689" /><D102/><U123/><N who="1" m="31520" /><U3/><E37/><N who="0" m="14441" /><D89/><U69/><E112/><V119/><F41/><T32/><D32/><U83/><E100/><V126/><F126/><T94/><D94/><U80/><E93/><V88/><F107/><T116/><D116/><N who="2" m="44618" /><F62/><T90/><D90/><U129/><E61/><V53/><F106/><T121/><N who="0" m="31008" /><T109/><D109/><U118/><E118/><V82/><F79/><T44/><D132/><U103/><E129/><V55/><F78/><T65/><N who="0" m="14449" /><T35/><DORA hai="34" /><D35/><U105/><E103/><V68/><F82/><T134/><D134/><U133/><E133/><V72/><F72/><T75/><D75/><U86/><E105/><V73/><F73/><T99/><D99/><U96/><E96/><V135/><F135/><T85/><D85/><N who="1" m="32267" /><E83/><V114/><F114/><T101/><D101/><U42/><E80/><V97/><F98/><T48/><D48/><U47/><E77/><V43/><F97/><T92/><D92/><U66/><E74/><V40/><F95/><T57/><D71/><U59/><E51/><V70/><F88/><T33/><D33/><RYUUKYOKU ba="2,0" sc="157,10,617,10,276,-20,0,0" hai0="44,46,49,52,57,58,65" hai1="0,3,42,47,50,59,60,64,66,69" /><INIT seed="4,3,0,1,5,71" ten="167,627,256,0" oya="0" hai0="108,124,65,129,132,52,135,49,79,64,77,87,55" hai1="37,67,80,109,106,74,128,94,95,130,86,34,59" hai2="118,58,70,83,44,122,116,110,35,42,101,75,0" hai3=""/><T82/><D129/><U104/><E34/><V76/><N who="2" m="31264" /><V54/><F110/><T107/><D107/><U111/><E37/><V2/><F70/><T62/><D124/><U61/><E74/><V48/><F35/><T121/><N who="0" m="31008" /><T91/><D108/><U89/><E104/><V88/><F101/><T66/><D62/><U84/><E106/><V133/><F133/><N who="0" m="51274" /><D55/><U105/><E105/><V50/><REACH who="2" step="1"/><F88/><REACH who="2" ten="167,627,246,0" step="2"/><T119/><D119/><AGARI ba="3,1" hai="0,2,42,44,48,50,54,58,75,76,83,116,118,119" m="31264" machi="119" ten="40,8000,1" yaku="1,1,2,1,12,1,52,1,53,1" doraHai="71" doraHaiUra="39" who="2" fromWho="0" sc="167,-86,627,0,246,96,0,0" /><INIT seed="5,0,0,5,1,123" ten="81,627,342,0" oya="1" hai0="52,117,115,114,130,121,81,44,71,125,129,75,72" hai1="110,60,65,96,98,131,78,68,3,40,45,101,116" hai2="55,35,1,2,69,42,70,112,32,113,124,102,0" hai3=""/><U34/><E34/><V67/><F124/><T134/><N who="0" m="31008" /><T79/><D125/><U36/><E3/><V53/><F42/><T126/><D126/><U76/><E116/><V84/><F102/><T100/><D100/><U59/><E110/><V39/><F39/><T135/><D71/><N who="2" m="27146" /><F84/><T111/><D52/><N who="2" m="20042" /><F67/><T80/><D44/><U89/><E101/><V105/><F105/><T49/><D49/><U38/><E38/><V88/><F88/><T56/><D56/><U93/><E36/><V91/><F91/><T41/><D41/><U43/><E40/><V97/><F97/><T122/><N who="0" m="31264" /><T128/><D117/><U50/><E98/><V132/><F132/><N who="0" m="50730" /><D111/><U85/><E68/><V73/><F73/><N who="0" m="28234" /><D79/><U58/><E78/><V120/><N who="2" m="30752" /><V64/><F64/><T77/><D77/><U108/><E76/><V82/><F32/><T46/><D46/><U86/><E45/><V66/><F35/><T133/><N who="0" m="50738" /><T104/><DORA hai="48" /><D104/><U57/><E43/><V61/><F66/><T119/><D119/><U47/><E65/><V37/><F37/><T92/><D92/><U118/><E118/><V83/><F61/><T87/><D87/><U95/><E60/><V94/><F94/><T63/><D63/><RYUUKYOKU ba="0,0" sc="81,10,627,-20,342,10,0,0" hai0="80,81,114,115,128,129,130" hai2="0,1,2,82,83,112,113" /><INIT seed="6,1,0,1,5,96" ten="91,607,352,0" oya="2" hai0="131,84,42,3,128,33,34,111,82,37,46,109,55" hai1="91,32,67,76,87,122,1,118,70,100,43,65,114" hai2="121,69,45,63,112,61,0,110,64,73,116,58,35" hai3=""/><V53/><N who="2" m="31008" /><V85/><F73/><T39/><D82/><U124/><E1/><V54/><F0/><T97/><D84/><U108/><E32/><V129/><F35/><T66/><D97/><U47/><E118/><V98/><F116/><T93/><D93/><U49/><E108/><V79/><F110/><T115/><D3/><U48/><E114/><V77/><F112/><T103/><D103/><U38/><E124/><V60/><F129/><T88/><D88/><U86/><E76/><V104/><F85/><T72/><D72/><U127/><E127/><V90/><F45/><T94/><D94/><U59/><E87/><V68/><F90/><T133/><D133/><U41/><E91/><V113/><F113/><T92/><D92/><U102/><E86/><V105/><F98/><T95/><D95/><U40/><E47/><V120/><N who="2" m="30752" /><V56/><F69/><T125/><D125/><U123/><E70/><V81/><F81/><T74/><D74/><U126/><E126/><V62/><F62/><T2/><D2/><U57/><E123/><V51/><F51/><T101/><D101/><U106/><E49/><V50/><F50/><T71/><D71/><U75/><E48/><V107/><AGARI ba="1,0" hai="53,54,56,58,60,61,63,64,68,77,79,104,105,107" m="30752,31008" machi="107" ten="30,7800,0" yaku="0,1,9,1,52,2" doraHai="96" who="2" fromWho="2" sc="91,-40,607,-40,352,80,0,0" /><INIT seed="6,2,0,5,0,96" ten="51,567,432,0" oya="2" hai0="104,124,54,44,97,102,57,51,32,91,45,47,110" hai1="130,68,88,46,61,38,78,73,131,108,50,49,60" hai2="83,119,0,101,113,128,63,80,37,107,56,118,74" hai3=""/><V93/><F0/><T41/><D32/><U62/><E108/><V79/><F37/><T59/><D110/><U86/><E78/><V69/><F113/><T39/><D124/><U114/><E73/><V71/><F128/><N who="1" m="49193" /><E68/><V65/><F107/><T1/><D1/><U3/><E114/><V132/><F132/><T42/><D45/><U84/><E84/><V35/><F35/><T112/><D112/><U58/><E58/><V76/><F71/><T40/><D40/><U89/><E89/><V67/><F69/><T125/><D125/><U75/><E75/><V2/><F2/><T36/><D91/><U106/><E106/><V115/><F115/><T127/><D127/><U123/><N who="1" m="31520" /><U94/><E3/><V105/><F105/><T81/><D59/><U126/><E126/><V133/><F133/><T121/><D81/><U135/><E135/><V90/><F67/><T33/><D33/><U70/><E70/><V87/><REACH who="2" step="1"/><F101/><REACH who="2" ten="51,567,422,0" step="2"/><T103/><D102/><U100/><E100/><V122/><N who="2" m="31264" /><AGARI ba="2,1" hai="36,39,41,42,44,47,51,54,57,97,103,104,121,122" machi="122" ten="40,2600,0" yaku="9,1,52,1" doraHai="96" who="0" fromWho="2" sc="51,40,567,0,422,-30,0,0" owari="91,-51.0,567,52.0,392,-1.0,0,0.0" /></mjloggm>