<mjloggm ver="2.3"><GO type="225" lobby="0"/><UN n0="%3D%E3%81%84%E3%82%8D%E3%81%AF%3D" n1="%E7%AD%89%E3%80%85%E5%8A%9B%E5%8A%87%E5%A0%B4" n2="%56%65%6E%75%73%53%61%79" n3="%E5%AE%89%E8%97%A4%E3%82%AB%E3%82%B1%E3%83%AB" dan="16,16,16,17" rate="2176.95,2084.66,2210.81,2183.35" sx="M,M,M,M"/><TAIKYOKU oya="0"/><INIT seed="0,0,0,2,1,81" ten="250,250,250,250" oya="0" hai0="76,32,23,46,101,27,54,38,25,75,115,6,107" hai1="83,124,119,73,122,62,111,58,114,52,29,37,67" hai2="82,5,131,118,133,74,34,1,110,87,108,65,97" hai3="123,64,70,130,88,72,56,42,63,55,116,8,35"/><T99/><D115/><U120/><E119/><V121/><F121/><W93/><G116/><T57/><D32/><U84/><E37/><V112/><F118/><W14/><G123/><T30/><D6/><U36/><E36/><V49/><F112/><W85/><G35/><T43/><D75/><U26/><E114/><V51/><F133/><W50/><G72/><T41/><D41/><U45/><E73/><V22/><F34/><W105/><G130/><T79/><REACH who="0" step="1"/><D27/><REACH who="0" ten="240,250,250,250" step="2"/><U90/><E26/><V39/><F5/><W80/><G42/><T13/><D13/><U20/><E122/><V128/><F74/><W91/><G105/><T3/><D3/><U132/><E120/><V15/><F1/><W18/><REACH who="3" step="1"/><G93/><REACH who="3" ten="240,250,250,240" step="2"/><T7/><D7/><U129/><E129/><V103/><F131/><W100/><G100/><T117/><D117/><U89/><E132/><V98/><F103/><W66/><G66/><T10/><D10/><U61/><E67/><V71/><F128/><W69/><G69/><T78/><D78/><AGARI ba="0,2" hai="8,14,18,50,55,56,63,64,70,78,80,85,88,91" machi="78" ten="30,8000,1" yaku="1,1,7,1,52,1,54,1,53,1" doraHai="81" doraHaiUra="48" who="3" fromWho="0" sc="240,-80,250,0,250,0,240,100" /><INIT seed="1,0,0,4,0,107" ten="160,250,250,340" oya="1" hai0="9,115,46,95,84,132,114,117,104,29,65,31,1" hai1="8,77,96,54,55,36,57,6,22,20,100,61,85" hai2="68,83,82,48,89,99,33,35,58,17,59,130,102" hai3="122,76,25,71,128,49,116,72,108,51,66,111,37"/><U13/><E36/><V38/><F68/><W44/><G122/><T80/><D117/><U90/><E77/><V12/><F38/><W60/><G116/><T4/><D104/><U15/><E15/><V129/><F35/><W62/><G128/><N who="2" m="49257" /><F33/><W101/><G101/><T91/><D132/><U97/><E55/><N who="2" m="32103" /><F59/><W26/><G37/><T109/><D109/><N who="3" m="42057" /><G62/><T47/><D65/><U119/><E119/><V79/><F89/><W131/><G131/><T103/><D46/><U81/><REACH who="1" step="1"/><E97/><REACH who="1" ten="160,240,250,340" step="2"/><V42/><F79/><W118/><G118/><T94/><D115/><U63/><E63/><V16/><F42/><N who="3" m="24727" /><G51/><T86/><D114/><U113/><E113/><V2/><F2/><W39/><G39/><T30/><D47/><U112/><E112/><V28/><F12/><W43/><G43/><T105/><REACH who="0" step="1"/><D86/><REACH who="0" ten="150,240,250,340" step="2"/><U18/><E18/><N who="2" m="7275" /><F28/><W126/><G66/><T123/><D123/><U124/><E124/><V41/><F41/><W50/><G126/><T74/><D74/><U27/><E27/><V106/><AGARI ba="0,2" hai="82,83,99,102,106" m="7275,32103,49257" machi="106" ten="30,2000,0" yaku="19,1,54,1" doraHai="107" who="2" fromWho="2" sc="150,-5,240,-10,250,40,340,-5" /><INIT seed="2,0,0,2,4,75" ten="145,230,290,335" oya="2" hai0="107,16,55,38,22,61,76,39,26,97,42,93,104" hai1="27,131,114,117,11,111,15,115,56,130,69,54,134" hai2="122,9,47,123,79,101,66,60,49,126,2,13,53" hai3="105,72,35,10,99,36,90,34,50,89,84,81,73"/><V51/><F2/><W98/><G36/><T92/><D92/><U124/><E69/><V17/><F126/><W121/><G10/><T112/><D112/><U43/><E117/><V128/><F128/><N who="1" m="49193" /><E43/><V82/><F101/><N who="3" m="62655" /><G50/><T6/><D6/><U103/><E103/><V63/><F51/><W71/><G71/><T83/><D107/><U20/><E111/><V8/><F8/><W94/><G34/><T125/><D104/><U88/><E134/><V116/><F116/><W28/><G28/><T62/><D125/><U58/><E124/><V29/><F29/><W67/><G67/><T48/><D42/><U19/><E88/><V91/><F91/><N who="3" m="55647" /><G35/><T59/><D38/><U96/><E96/><V100/><F100/><W77/><G121/><T70/><D70/><U78/><E58/><V95/><F66/><W113/><G113/><T1/><D39/><U45/><E45/><V44/><F44/><W127/><G127/><T85/><D1/><U119/><E119/><V25/><F123/><W106/><G106/><T40/><D40/><U68/><E68/><V133/><F122/><W23/><G23/><T86/><D86/><U108/><E115/><V110/><F47/><W80/><G90/><AGARI ba="0,0" hai="16,22,26,48,55,59,61,62,76,83,85,90,93,97" machi="90" ten="30,7700,0" yaku="7,1,8,1,52,1,54,1" doraHai="75" who="0" fromWho="3" sc="145,77,230,0,290,0,335,-77" /><INIT seed="3,0,0,4,0,123" ten="222,230,290,258" oya="3" hai0="69,110,67,17,58,20,13,22,47,134,79,43,59" hai1="31,3,44,66,85,30,89,109,121,4,57,53,116" hai2="50,95,82,118,72,94,101,76,93,8,102,6,60" hai3="11,39,128,49,21,41,130,19,125,81,112,29,114"/><W104/><G104/><T96/><D134/><U119/><E121/><V38/><F38/><W83/><G39/><T56/><D79/><U126/><E66/><V117/><F60/><W108/><G29/><N who="1" m="10762" /><E44/><V48/><F102/><W42/><G11/><T36/><D96/><U74/><E74/><V16/><F16/><W92/><G92/><T32/><D32/><U129/><E3/><V113/><F113/><W78/><G125/><T35/><D35/><U7/><E129/><V62/><F62/><W132/><G132/><T12/><D69/><U115/><E115/><V90/><F90/><W100/><G100/><T71/><D71/><U33/><E33/><V107/><F107/><W99/><G99/><T111/><D67/><U73/><E73/><V51/><REACH who="2" step="1"/><F101/><REACH who="2" ten="222,230,280,258" step="2"/><W68/><G114/><T87/><D87/><U122/><E122/><V84/><F84/><W1/><G112/><T133/><D133/><U52/><E89/><V70/><F70/><W61/><G68/><T0/><D0/><AGARI ba="0,1" hai="0,6,8,48,50,51,72,76,82,93,94,95,117,118" machi="0" ten="40,8000,1" yaku="1,1,53,3" doraHai="123" doraHaiUra="88" who="2" fromWho="0" sc="222,-80,230,0,280,90,258,0" owari="142,-36.0,230,-17.0,370,47.0,258,6.0" /></mjloggm>