<mjloggm ver="2.3"><GO type="225" lobby="0"/><UN n0="%E3%82%86%E3%81%8D%E3%81%97%E3%82%85" n1="%E3%83%8F%E3%83%81%E3%83%A5%E3%83%8A" n2="%E3%81%AF%E3%82%88%E3%81%8A%E3%81%98%E3%81%95%E3%82%93" n3="%E8%A8%88%E7%AE%97%E6%A9%9F%E8%87%AA%E7%84%B6" dan="16,16,16,18" rate="2136.22,2097.81,2231.26,2236.13" sx="M,F,M,M"/><TAIKYOKU oya="0"/><INIT seed="0,0,0,5,3,10" ten="250,250,250,250" oya="0" hai0="125,44,4,13,82,100,63,33,113,67,72,88,30" hai1="3,11,69,87,39,111,114,6,106,103,7,71,9" hai2="83,50,121,133,65,132,98,74,70,123,12,34,41" hai3="105,54,66,68,26,1,128,96,127,94,24,112,40"/><T58/><D113/><U95/><E111/><V118/><F34/><W110/><G112/><T43/><D125/><U27/><E114/><V17/><F118/><W90/><G1/><T79/><D100/><U42/><E27/><V29/><F29/><W104/><G110/><T38/><D88/><U23/><E23/><V25/><F25/><W64/><G40/><T116/><D116/><U84/><E84/><V51/><F98/><W81/><G128/><T91/><D91/><U32/><E32/><V101/><F101/><W97/><G90/><T115/><D115/><U59/><E59/><V21/><F65/><W57/><G57/><T80/><D80/><U61/><E87/><V37/><F37/><W53/><G81/><T129/><D129/><U55/><E55/><V126/><F70/><W0/><G68/><T107/><D107/><U31/><E61/><V45/><F51/><W134/><G0/><T92/><D92/><U15/><E95/><V35/><F35/><W85/><G85/><T99/><D99/><U122/><E31/><V49/><F50/><W130/><G94/><T60/><D60/><U124/><E122/><N who="2" m="46603" /><F126/><W76/><G130/><T75/><D75/><U89/><E89/><V5/><F5/><W18/><G127/><T8/><D33/><U36/><E124/><V120/><N who="2" m="46611" /><V2/><DORA hai="52" /><F2/><W22/><G104/><T131/><D131/><U48/><E69/><V46/><F45/><W28/><G105/><T135/><D30/><U20/><E71/><V93/><F93/><W102/><G28/><T117/><D117/><U14/><E106/><RYUUKYOKU ba="0,0" sc="250,15,250,-15,250,15,250,-15" hai0="4,8,13,38,43,44,58,63,67,72,79,82,135" hai2="12,17,21,41,46,49,74,83,132,133" /><INIT seed="0,1,0,3,5,15" ten="265,235,265,235" oya="0" hai0="85,58,48,109,118,42,115,59,12,71,84,134,120" hai1="57,33,110,82,32,53,37,119,108,28,113,20,122" hai2="25,34,123,76,117,78,125,129,19,112,51,26,90" hai3="8,72,21,7,22,89,132,126,75,14,30,29,35"/><T114/><D118/><U106/><E119/><V83/><F117/><W2/><G132/><T54/><D120/><U4/><E122/><V6/><F112/><W0/><G89/><T91/><D134/><U1/><E113/><V40/><F123/><W52/><G126/><T80/><D71/><U27/><E37/><V41/><F125/><W88/><G75/><T67/><D109/><N who="1" m="42091" /><E106/><V92/><F129/><W45/><G72/><T102/><D42/><U16/><E82/><V23/><F6/><W43/><G35/><T130/><D130/><U62/><E28/><N who="3" m="10858" /><G0/><T3/><D3/><U116/><E116/><V128/><F128/><W95/><G43/><N who="2" m="16457" /><F34/><W38/><G2/><T46/><D102/><U98/><E98/><N who="2" m="57623" /><F83/><W66/><G66/><T86/><D67/><U56/><E56/><N who="0" m="21545" /><D114/><U18/><E18/><N who="2" m="12535" /><F51/><N who="3" m="28783" /><G38/><T68/><D115/><U65/><E65/><V24/><F78/><W9/><G9/><AGARI ba="1,0" hai="1,4,9,16,20,27,32,33,53,57,62" m="42091" machi="9" ten="30,3900,0" yaku="14,1,52,1,54,1" doraHai="15" who="1" fromWho="3" sc="265,0,235,42,265,0,235,-42" /><INIT seed="1,0,0,3,4,47" ten="265,277,265,193" oya="1" hai0="123,107,98,33,8,85,104,25,52,61,102,132,94" hai1="124,120,4,70,6,110,2,134,65,80,88,114,96" hai2="83,39,73,122,37,89,21,12,42,71,125,50,72" hai3="76,121,58,69,3,1,9,15,36,31,11,44,126"/><U108/><E114/><V111/><F122/><W17/><G69/><T24/><D123/><U38/><E120/><V63/><F111/><N who="1" m="42537" /><E124/><V112/><F125/><W84/><G121/><T57/><D132/><U77/><E38/><V22/><F112/><W62/><G126/><T95/><D8/><U5/><E134/><V66/><F39/><W18/><G31/><T99/><D85/><N who="1" m="50215" /><E77/><V127/><F37/><W79/><G84/><T27/><REACH who="0" step="1"/><D33/><REACH who="0" ten="255,277,265,193" step="2"/><U86/><E86/><V54/><F127/><W119/><G119/><T49/><D49/><U87/><E87/><V81/><F50/><W133/><G133/><T90/><AGARI ba="0,1" hai="24,25,27,52,57,61,90,94,95,98,99,102,104,107" machi="90" ten="30,8000,1" yaku="1,1,0,1,54,1,53,2" doraHai="47" doraHaiUra="91" who="0" fromWho="0" sc="255,90,277,-40,265,-20,193,-20" /><INIT seed="2,0,0,2,2,31" ten="345,237,245,173" oya="2" hai0="53,35,58,125,104,132,76,95,10,30,34,20,21" hai1="88,105,134,62,68,107,33,131,123,50,73,115,6" hai2="81,85,0,36,29,1,44,118,23,45,86,67,48" hai3="16,37,22,127,77,117,43,96,71,135,124,119,94"/><V5/><F118/><W4/><G71/><T111/><D104/><U52/><E115/><V63/><F36/><W64/><G64/><T7/><D111/><U17/><E73/><V126/><F126/><N who="3" m="48171" /><G4/><T26/><D125/><U87/><E6/><V28/><F5/><W54/><G77/><T129/><D129/><U47/><E131/><V69/><F85/><W130/><G130/><T2/><D132/><U93/><E134/><V79/><F45/><N who="3" m="23791" /><G54/><T133/><D133/><U46/><E123/><V72/><F72/><W38/><G38/><T106/><D76/><U14/><E46/><V112/><F112/><W122/><G122/><T113/><D113/><U80/><E93/><V78/><F79/><W97/><G135/><T13/><D53/><U120/><E33/><V40/><REACH who="2" step="1"/><F23/><REACH who="2" ten="345,237,235,173" step="2"/><W121/><G121/><T11/><D20/><U91/><E120/><V74/><F74/><W102/><G96/><T89/><D21/><U15/><E87/><V61/><F61/><W103/><G103/><T18/><D7/><U55/><E62/><V56/><F56/><W3/><G3/><AGARI ba="0,1" hai="0,1,3,28,29,40,44,48,63,67,69,78,81,86" machi="3" ten="40,3900,0" yaku="1,1,53,1" doraHai="31" doraHaiUra="42" who="2" fromWho="3" sc="345,0,237,0,235,49,173,-39" /><INIT seed="2,1,0,2,1,69" ten="345,237,284,134" oya="2" hai0="47,135,16,133,18,52,9,38,105,56,77,61,41" hai1="132,39,31,114,113,66,43,125,76,55,72,79,117" hai2="20,109,92,5,80,10,84,7,14,67,128,2,120" hai3="49,27,78,106,25,13,129,93,1,74,81,48,51"/><V95/><F120/><W44/><G106/><T130/><D130/><U115/><E117/><V90/><F128/><W70/><G1/><T89/><D105/><U42/><E66/><V3/><F109/><W104/><G104/><T6/><D77/><U127/><E31/><V0/><F7/><W111/><G129/><T86/><D133/><U21/><E21/><V11/><F11/><W75/><G70/><T99/><D99/><U87/><E72/><V82/><F67/><W45/><G111/><T119/><D119/><U73/><E73/><V19/><REACH who="2" step="1"/><F92/><REACH who="2" ten="345,237,274,134" step="2"/><W112/><G93/><T8/><D8/><U15/><E115/><V29/><F29/><W63/><G112/><T107/><D107/><U98/><E114/><V71/><F71/><W22/><G75/><T46/><D135/><U97/><E113/><V4/><F4/><W85/><G74/><T102/><D6/><U54/><E132/><V58/><F58/><W30/><G13/><AGARI ba="1,1" hai="0,2,3,5,10,13,14,19,20,80,82,84,90,95" machi="13" ten="40,2000,0" yaku="1,1,53,0" doraHai="69" doraHaiUra="108" who="2" fromWho="3" sc="345,0,237,0,274,33,134,-23" /><INIT seed="2,2,0,3,2,21" ten="345,237,307,111" oya="2" hai0="134,69,64,28,97,135,55,45,3,2,24,43,83" hai1="123,49,18,109,40,71,72,60,129,118,107,29,112" hai2="16,52,81,77,91,23,48,104,61,132,82,66,33" hai3="92,100,6,103,111,19,110,31,86,36,5,106,74"/><V122/><F122/><W119/><G119/><T108/><D108/><U47/><E18/><V116/><F116/><W65/><G74/><T35/><D55/><U50/><E118/><V126/><F33/><W17/><G65/><T41/><D83/><U95/><E95/><V15/><F104/><W51/><G92/><T53/><D53/><U87/><E87/><V22/><F126/><W117/><G117/><T14/><D14/><U98/><E72/><V70/><F132/><N who="0" m="50730" /><D97/><U125/><E98/><V26/><F91/><W85/><G51/><N who="0" m="27055" /><D43/><U39/><E109/><V120/><F120/><W96/><G96/><T4/><D4/><U128/><E123/><V102/><F102/><W89/><G36/><T10/><D10/><U115/><E125/><V90/><F90/><W63/><G89/><T62/><AGARI ba="2,0" hai="2,3,24,28,35,62,64,69" m="27055,50730" machi="62" ten="30,2000,0" yaku="20,1,52,1" doraHai="21" who="0" fromWho="0" sc="345,26,237,-7,307,-12,111,-7" /><INIT seed="3,0,0,5,3,125" ten="371,230,295,104" oya="3" hai0="47,45,128,101,41,0,39,2,57,118,80,108,85" hai1="19,83,113,133,23,114,10,43,25,51,104,79,94" hai2="24,134,120,1,126,9,30,26,95,50,16,53,63" hai3="42,13,75,99,60,69,130,55,49,36,52,46,65"/><W35/><G35/><T122/><D118/><U56/><E104/><V37/><F37/><W103/><G75/><T48/><D122/><U8/><E133/><V124/><F134/><W59/><G13/><T105/><D108/><U131/><E113/><V66/><F120/><W40/><G40/><T100/><D57/><U86/><E114/><V135/><F135/><W29/><G29/><T18/><D18/><U82/><E94/><V132/><F132/><W61/><G99/><T74/><D74/><U20/><E20/><V102/><F95/><W73/><G73/><T123/><D123/><U81/><E81/><V3/><F102/><W110/><G103/><T92/><D92/><U89/><E43/><V17/><F50/><W127/><G127/><N who="2" m="48681" /><F53/><W22/><G22/><T28/><D48/><U77/><E89/><V70/><F26/><W7/><G7/><T111/><D101/><U32/><E32/><N who="2" m="20551" /><F1/><W78/><G78/><T91/><D2/><U84/><E51/><V72/><F72/><W6/><G6/><AGARI ba="0,0" hai="3,6,9,16,17,63,66,70" m="20551,48681" machi="6" ten="30,2000,0" yaku="18,1,54,1" doraHai="125" who="2" fromWho="3" sc="371,0,230,0,295,20,104,-20" owari="371,47.0,230,-17.0,315,12.0,84,-42.0" /></mjloggm>