<mjloggm ver="2.3"><GO type="225" lobby="0"/><UN n0="%E5%85%AC%E5%8B%99%E5%93%A1%E3%81%8F%E3%82%93" n1="%3D%E3%81%84%E3%82%8D%E3%81%AF%3D" n2="%E6%A1%9C%E8%8A%B1%E9%96%83%E3%80%85" n3="%E7%AD%89%E3%80%85%E5%8A%9B%E5%8A%87%E5%A0%B4" dan="17,16,16,16" rate="2137.45,2165.25,2129.59,2081.82" sx="F,M,M,M"/><TAIKYOKU oya="0"/><INIT seed="0,0,0,3,4,59" ten="250,250,250,250" oya="0" hai0="10,2,22,65,120,48,104,62,15,25,4,93,54" hai1="60,5,16,29,101,123,13,76,37,36,23,63,133" hai2="118,124,90,20,44,18,129,12,97,72,112,35,79" hai3="6,78,32,134,74,110,68,38,71,27,11,47,17"/><T116/><D104/><U67/><E123/><V119/><F112/><W99/><G110/><T19/><D116/><N who="2" m="44586" /><F129/><W57/><G134/><T42/><D120/><U41/><E133/><V103/><F124/><W94/><G78/><T46/><D93/><U66/><E76/><V24/><F90/><W98/><G74/><T131/><D131/><U39/><E41/><V31/><F44/><W7/><G7/><T128/><D128/><U107/><E29/><V26/><F26/><W111/><G111/><T73/><D73/><U45/><E45/><V64/><F64/><W34/><G99/><T105/><D105/><U135/><E135/><V43/><F43/><W50/><G38/><T51/><D51/><U85/><E5/><V56/><F56/><W81/><G81/><T130/><D130/><U30/><E30/><V88/><F88/><W117/><G117/><T102/><D102/><U40/><E40/><V14/><F14/><W95/><G47/><T109/><D109/><U91/><E101/><V86/><F86/><W80/><G80/><T132/><D132/><U21/><E107/><N who="2" m="63983" /><F79/><W0/><G95/><T75/><D75/><AGARI ba="0,0" hai="12,18,20,24,31,35,72,75" m="63983,44586" machi="75" ten="30,1000,0" yaku="12,1" doraHai="59" who="2" fromWho="0" sc="250,-10,250,0,250,10,250,0" /><INIT seed="1,0,0,0,3,31" ten="240,250,260,250" oya="1" hai0="45,128,15,37,99,32,98,2,89,59,117,70,36" hai1="48,34,1,26,86,87,90,3,9,7,131,29,55" hai2="79,121,64,110,72,66,104,6,61,54,102,51,82" hai3="74,105,80,129,22,133,18,63,123,109,101,88,56"/><U41/><E131/><V4/><F121/><W21/><G123/><T114/><D15/><U62/><E41/><V33/><F110/><W111/><G133/><T93/><D70/><U47/><E1/><V94/><F104/><W40/><G40/><T52/><D117/><U76/><E76/><V75/><F75/><W10/><G129/><T16/><D114/><U115/><E115/><V0/><F33/><W71/><G71/><T116/><D116/><U85/><REACH who="1" step="1"/><E62/><REACH who="1" ten="240,240,260,250" step="2"/><V35/><F0/><W12/><G63/><N who="0" m="36327" /><D2/><U25/><E25/><V100/><F61/><W69/><G111/><T84/><D128/><U58/><E58/><V125/><F79/><W8/><G56/><T43/><D37/><U17/><E17/><V73/><F4/><W135/><G18/><T20/><D36/><U65/><E65/><V119/><F6/><W23/><G69/><T13/><D32/><U122/><E122/><V127/><F35/><W50/><G50/><T78/><D78/><U132/><E132/><V107/><F51/><W46/><G135/><T120/><D120/><U11/><E11/><V81/><F66/><W24/><G10/><T42/><D42/><U28/><E28/><V83/><F64/><W112/><G8/><T91/><D91/><AGARI ba="0,1" hai="3,7,9,26,29,34,47,48,55,85,86,87,90,91" machi="91" ten="40,3900,0" yaku="1,1,52,1,53,0" doraHai="31" doraHaiUra="106" who="1" fromWho="0" sc="240,-39,240,49,260,0,250,0" /><INIT seed="1,1,0,2,0,80" ten="201,289,260,250" oya="1" hai0="22,94,106,40,29,113,43,82,69,28,32,31,47" hai1="3,16,45,105,42,84,46,41,91,104,8,23,2" hai2="12,109,64,9,14,88,78,131,130,55,7,115,15" hai3="118,123,97,107,37,49,135,18,122,73,119,101,111"/><U39/><E105/><V44/><F78/><W36/><G73/><T112/><D106/><U116/><E116/><N who="3" m="44586" /><G111/><T100/><D69/><U93/><E8/><V89/><F64/><W33/><G33/><T34/><D22/><U10/><E10/><V67/><F67/><W75/><G75/><T30/><N who="0" m="7168" /><DORA hai="133" /><T124/><D82/><U13/><REACH who="1" step="1"/><E104/><REACH who="1" ten="201,279,260,250" step="2"/><V27/><F109/><W99/><G107/><T60/><D124/><U57/><E57/><V52/><F130/><W50/><G123/><T90/><D32/><U114/><E114/><V120/><F115/><W63/><G122/><T26/><D34/><U48/><AGARI ba="1,1" hai="2,3,13,16,23,39,41,42,45,46,48,84,91,93" machi="48" ten="20,12000,1" yaku="1,1,0,1,7,1,52,1,54,1,53,0" doraHai="80,133" doraHaiUra="121,6" who="1" fromWho="1" sc="201,-41,279,133,260,-41,250,-41" /><INIT seed="1,2,0,0,4,116" ten="160,412,219,209" oya="1" hai0="4,2,14,96,109,120,67,80,17,46,124,87,22" hai1="103,91,63,72,121,107,60,42,71,89,92,134,32" hai2="18,58,125,111,43,78,6,64,49,54,100,15,122" hai3="113,68,84,70,41,20,5,65,26,11,106,30,47"/><U126/><E72/><V115/><F111/><W45/><G113/><T102/><D109/><U33/><E42/><V79/><F125/><W0/><G106/><T38/><D124/><U76/><E76/><V61/><F115/><W95/><G65/><T44/><D38/><U119/><E126/><V29/><F6/><W93/><G47/><T108/><D108/><U1/><E1/><V101/><F29/><W48/><REACH who="3" step="1"/><G84/><REACH who="3" ten="160,412,219,199" step="2"/><T19/><D67/><U118/><E107/><V97/><F64/><W112/><G112/><T130/><D130/><U74/><E118/><V133/><F58/><W36/><G36/><T13/><D120/><U52/><E119/><V77/><F122/><W83/><G83/><T69/><D69/><AGARI ba="2,1" hai="0,5,11,20,26,30,41,45,48,68,69,70,93,95" machi="69" ten="40,2600,0" yaku="1,1,53,1" doraHai="116" doraHaiUra="3" who="3" fromWho="0" sc="160,-32,412,0,219,0,199,42" /><INIT seed="2,0,0,3,0,99" ten="128,412,219,241" oya="2" hai0="39,32,118,19,12,81,25,57,91,124,97,74,93" hai1="87,122,127,55,116,44,2,102,53,64,29,38,30" hai2="135,47,101,45,133,110,123,109,61,60,75,40,134" hai3="59,131,120,79,70,43,51,128,98,96,92,62,111"/><V20/><F123/><W103/><G120/><T78/><D124/><U95/><E122/><V115/><F115/><W69/><G79/><T56/><D118/><U104/><E116/><V48/><F75/><W85/><G111/><N who="2" m="42505" /><F101/><W37/><G37/><T3/><D3/><U13/><E2/><V9/><F9/><W105/><G85/><T4/><D39/><U119/><E38/><N who="2" m="21655" /><F20/><W18/><G131/><T125/><D4/><U114/><E102/><V71/><F71/><W113/><G128/><T1/><D1/><U63/><E104/><V17/><F17/><W83/><G18/><T66/><D125/><U52/><E114/><V126/><F126/><W42/><G113/><T67/><D67/><U16/><E127/><V90/><F90/><W112/><G103/><T107/><D66/><U11/><E119/><V129/><F129/><W58/><G112/><T6/><D6/><U94/><E44/><V72/><F72/><W34/><G70/><T33/><D107/><U106/><E106/><V24/><F24/><W27/><G27/><T108/><D108/><U15/><E15/><V117/><F117/><W65/><G69/><T22/><D12/><U132/><E13/><V46/><F46/><W0/><G0/><T36/><D36/><U5/><E11/><V86/><F86/><W84/><G84/><T50/><REACH who="0" step="1"/><D57/><REACH who="0" ten="118,412,219,241" step="2"/><U89/><E5/><V68/><F68/><N who="3" m="42039" /><G105/><T121/><D121/><U14/><E14/><V35/><F134/><W80/><G59/><T82/><D82/><U28/><E132/><V21/><F135/><W26/><G58/><T41/><D41/><RYUUKYOKU ba="0,1" sc="118,30,412,-10,219,-10,241,-10" hai0="19,22,25,32,33,50,56,74,78,81,91,93,97" /><INIT seed="3,1,1,4,3,95" ten="148,402,209,231" oya="3" hai0="28,91,25,0,121,27,128,81,113,12,59,66,60" hai1="103,13,111,6,125,119,36,110,112,109,21,42,88" hai2="132,77,31,1,11,124,67,84,22,38,29,39,45" hai3="46,63,87,104,118,134,54,70,86,80,20,26,102"/><W56/><G118/><T74/><D121/><U43/><E119/><V3/><F132/><W65/><G134/><T2/><D128/><U78/><E112/><V50/><F67/><W75/><G46/><T23/><D113/><U93/><E125/><V71/><F71/><W114/><G114/><T129/><D129/><U115/><E115/><V135/><F135/><W44/><G44/><T15/><D0/><U5/><E103/><V89/><F77/><W8/><G8/><T49/><D2/><U34/><E34/><V116/><F1/><W41/><G41/><N who="1" m="15370" /><E78/><V69/><F69/><W9/><G9/><T40/><D74/><U72/><E72/><V120/><F124/><W51/><G75/><T85/><REACH who="0" step="1"/><D27/><REACH who="0" ten="138,402,209,231" step="2"/><U14/><E36/><V19/><F120/><W123/><G123/><T4/><D4/><N who="1" m="1643" /><E21/><V98/><F39/><W24/><G24/><T55/><D55/><U68/><E68/><V17/><F38/><W100/><G20/><T58/><D58/><U108/><E108/><V96/><F116/><W131/><G26/><T99/><D99/><AGARI ba="1,2" hai="13,14,88,93,99,109,110,111" m="1643,15370" machi="99" ten="40,5200,0" yaku="14,1,52,1,54,1" doraHai="95" who="1" fromWho="0" sc="138,-55,402,75,209,0,231,0" owari="83,-42.0,477,58.0,209,-19.0,231,3.0" /></mjloggm>