<mjloggm ver="2.3"><GO type="185" lobby="0"/><UN n0="%E8%90%AC%E6%81%8B%E6%AC%A1%E9%83%8E" n1="%50%42%33%2D%50" n2="%6E%6F%70%72%6F%70%73" n3="" dan="17,18,16,0" rate="2265.86,2282.55,2178.30,1500.00" sx="M,F,F,C"/><TAIKYOKU oya="0"/><INIT seed="0,0,0,2,4,122" ten="350,350,350,0" oya="0" hai0="134,36,90,93,61,126,106,35,48,56,92,64,0" hai1="59,65,101,78,57,3,55,98,100,105,128,1,54" hai2="85,76,42,114,84,53,118,44,43,51,77,68,66" hai3=""/><T132/><D0/><U60/><E128/><V89/><F114/><T38/><D35/><U115/><E115/><V45/><F118/><T81/><D106/><U70/><E78/><V119/><F119/><T73/><D126/><U49/><REACH who="1" step="1"/><E101/><REACH who="1" ten="350,340,350,0" step="2"/><V125/><F77/><T58/><D132/><U95/><E95/><V99/><F76/><T86/><D134/><U121/><N who="1" m="31008" /><U108/><E108/><V69/><F125/><T80/><D93/><U2/><E2/><V34/><F34/><T63/><D48/><AGARI ba="0,1" hai="1,3,48,49,54,55,57,59,60,65,70,98,100,105" m="31008" machi="48" ten="30,7700,0" yaku="1,1,7,1,9,1,52,1,53,0" doraHai="122" doraHaiUra="111" who="1" fromWho="0" sc="350,-77,340,87,350,0,0,0" /><INIT seed="1,0,0,4,1,49" ten="273,427,350,0" oya="1" hai0="68,38,126,80,95,81,130,55,33,40,32,135,86" hai1="62,106,57,85,120,67,96,131,60,0,108,103,71" hai2="45,66,73,122,93,44,51,104,101,87,63,109,47" hai3=""/><U113/><N who="1" m="30752" /><U53/><E0/><V107/><N who="2" m="31264" /><V37/><F109/><T34/><D130/><U132/><E113/><V102/><F73/><T134/><D126/><U127/><E132/><V88/><F37/><T41/><D68/><U110/><E131/><V64/><F51/><T98/><D38/><U70/><E127/><V116/><F116/><T83/><D86/><U123/><N who="1" m="31520" /><U99/><E99/><V111/><F111/><N who="1" m="42537" /><E85/><V42/><F42/><T39/><D55/><U125/><E125/><V69/><REACH who="2" step="1"/><F66/><REACH who="2" ten="273,427,340,0" step="2"/><T46/><REACH who="0" step="1"/><D41/><REACH who="0" ten="263,427,340,0" step="2"/><U72/><E72/><V48/><F48/><T89/><AGARI ba="0,2" hai="32,33,34,39,40,46,80,81,83,89,95,98,134,135" machi="89" ten="40,9000,2" yaku="1,1,2,1,0,1,53,3" doraHai="49" doraHaiUra="78" who="0" fromWho="0" sc="263,110,427,-60,340,-30,0,0" /><INIT seed="2,0,0,4,4,83" ten="373,367,310,0" oya="2" hai0="62,86,109,53,96,91,54,127,45,64,71,63,130" hai1="42,115,65,60,128,38,99,84,135,33,106,103,74" hai2="119,93,40,78,134,118,35,69,81,49,113,70,50" hai3=""/><V121/><N who="2" m="31008" /><V88/><F113/><T110/><D127/><U104/><E33/><V85/><F35/><T101/><D130/><U2/><E2/><V41/><F134/><T79/><D79/><U95/><E74/><V82/><F69/><T90/><D90/><U39/><E135/><V75/><F70/><T112/><D112/><U123/><N who="1" m="31520" /><U129/><E115/><V0/><F0/><T100/><D100/><U120/><N who="1" m="30752" /><U102/><E42/><V94/><F94/><T125/><D125/><U61/><E65/><V114/><F114/><T105/><D62/><U73/><E73/><V59/><F82/><T67/><D67/><U131/><E84/><V47/><F59/><T116/><D116/><U37/><REACH who="1" step="1"/><E103/><REACH who="1" ten="373,357,310,0" step="2"/><V80/><F80/><T68/><D68/><U55/><E55/><V76/><REACH who="2" step="1"/><F78/><REACH who="2" ten="373,357,300,0" step="2"/><T43/><D71/><U56/><E56/><V58/><F58/><T52/><D45/><AGARI ba="0,2" hai="40,41,45,47,49,50,75,76,81,85,88,93,118,119" m="31008" machi="45" ten="40,18000,2" yaku="1,1,9,1,52,2,54,1,53,1" doraHai="83" doraHaiUra="72" who="2" fromWho="0" sc="373,-180,357,0,300,200,0,0" /><INIT seed="2,1,0,4,4,56" ten="193,357,500,0" oya="2" hai0="122,74,91,73,124,107,39,32,62,42,109,34,94" hai1="35,110,128,102,85,69,43,57,121,61,112,87,130" hai2="2,86,68,103,33,1,127,101,45,123,70,82,47" hai3=""/><V38/><N who="2" m="31520" /><V76/><F33/><T67/><N who="0" m="31264" /><T125/><D107/><U37/><N who="1" m="31008" /><U108/><E35/><V84/><F127/><N who="0" m="48714" /><D109/><N who="1" m="42091" /><E69/><V93/><F93/><T100/><D100/><U3/><E3/><V60/><F82/><T58/><D34/><U49/><E112/><V59/><F59/><T134/><D134/><U40/><E37/><V78/><F38/><T105/><D105/><U132/><E132/><V97/><F97/><T119/><D119/><U129/><E102/><V111/><F111/><T106/><D106/><U54/><E49/><V113/><F113/><T41/><D32/><U44/><E44/><V64/><F64/><T75/><D39/><U120/><N who="1" m="30752" /><U99/><E99/><AGARI ba="1,0" hai="41,42,58,62,67,73,74,75,91,94,99" m="48714,31264" machi="99" ten="40,5200,0" yaku="18,1,52,2" doraHai="56" who="0" fromWho="1" sc="193,54,357,-54,500,0,0,0" /><INIT seed="4,0,0,5,1,75" ten="247,303,500,0" oya="0" hai0="113,103,37,92,3,102,62,68,71,67,101,39,60" hai1="1,98,77,58,59,126,129,124,105,119,134,45,41" hai2="118,111,116,80,110,66,74,117,85,34,63,84,70" hai3=""/><T47/><D3/><U43/><E1/><V55/><F34/><T121/><N who="0" m="31008" /><T40/><D113/><U86/><E119/><V38/><F38/><T50/><REACH who="0" step="1"/><D92/><REACH who="0" ten="237,303,500,0" step="2"/><U35/><E35/><V106/><F118/><T88/><D88/><U76/><E126/><V120/><F117/><T73/><D73/><U81/><E124/><V56/><F74/><T128/><D128/><U79/><E129/><V83/><F116/><T95/><D95/><U69/><E79/><V96/><F120/><T135/><D135/><U112/><E77/><V132/><F132/><T78/><D78/><U36/><E76/><V94/><F94/><T107/><D107/><U125/><E105/><V108/><F106/><T87/><D87/><U52/><E86/><V89/><F85/><T100/><N who="0" m="25600" /><DORA hai="64" /><T2/><D2/><U109/><E125/><V97/><F83/><T91/><D91/><U42/><E81/><V33/><F33/><T44/><D44/><U51/><E45/><V123/><N who="2" m="31520" /><V57/><F89/><T48/><D48/><U0/><E51/><V65/><F84/><T54/><D54/><U104/><E52/><V49/><F80/><T130/><D130/><U82/><E82/><V32/><F32/><T127/><D127/><RYUUKYOKU ba="0,1" sc="237,10,303,-20,500,10,0,0" hai0="37,39,40,47,50,60,62,67,68,71" hai2="49,55,56,57,63,65,66,70,96,97,108,110,111" /><INIT seed="4,1,1,5,2,115" ten="247,283,510,0" oya="0" hai0="126,100,97,80,105,69,98,130,50,83,129,32,91" hai1="135,122,82,90,88,59,44,33,61,49,107,87,38" hai2="85,48,134,57,125,45,118,101,116,54,131,64,106" hai3=""/><T104/><D32/><U62/><N who="1" m="31264" /><U56/><E33/><V119/><F131/><N who="0" m="50186" /><D69/><U84/><E107/><V42/><F125/><T71/><D71/><U78/><E135/><V77/><F134/><T81/><D50/><U53/><E38/><V79/><F64/><T76/><D126/><U128/><E128/><V41/><F41/><T93/><D105/><U36/><E36/><V86/><F101/><T3/><D3/><U94/><E78/><AGARI ba="1,1" hai="76,78,80,81,83,91,93,97,98,100,104" m="50186" machi="78" ten="30,5800,0" yaku="19,1,34,2" doraHai="115" who="0" fromWho="1" sc="247,70,283,-60,510,0,0,0" /><INIT seed="4,2,0,0,5,109" ten="317,223,510,0" oya="0" hai0="54,46,124,135,63,3,39,44,131,85,115,114,72" hai1="79,43,128,67,110,121,134,91,81,125,36,80,97" hai2="70,68,100,106,52,95,104,103,119,101,117,38,78" hai3=""/><T127/><D3/><U41/><N who="1" m="31008" /><U122/><N who="1" m="31264" /><U61/><E110/><V89/><F38/><T87/><D72/><U58/><E134/><V2/><F2/><T129/><D63/><U112/><E112/><N who="0" m="43049" /><D135/><U42/><E125/><N who="0" m="48201" /><D54/><U62/><E128/><N who="0" m="49225" /><D39/><U40/><N who="1" m="10240" /><DORA hai="45" /><U50/><E50/><V0/><F52/><T75/><D75/><U35/><E36/><V96/><F0/><T90/><D85/><U65/><E35/><V76/><F70/><T57/><D57/><U99/><E62/><V69/><F68/><T49/><D49/><U77/><E67/><V83/><F69/><T93/><AGARI ba="2,0" hai="44,46,87,90,93" m="49225,48201,43049" machi="93" ten="40,12000,2" yaku="15,1,18,1,19,1,52,3" doraHai="109,45" who="0" fromWho="0" sc="317,124,223,-62,510,-62,0,0" /><INIT seed="4,3,0,4,2,120" ten="441,161,448,0" oya="0" hai0="61,82,113,66,83,48,75,103,36,108,46,110,64" hai1="44,59,32,127,78,63,62,42,49,45,131,134,118" hai2="99,107,102,124,122,93,41,85,130,96,52,76,70" hai3=""/><T97/><D113/><U91/><E32/><V3/><N who="2" m="31264" /><V135/><F3/><T89/><D36/><U126/><E118/><V112/><F70/><T39/><D39/><U109/><E78/><V1/><F1/><T43/><D75/><U53/><E91/><V57/><F112/><T67/><D61/><U95/><E95/><V58/><F130/><T111/><D89/><U50/><E131/><V90/><F135/><T116/><D116/><U88/><E88/><V121/><N who="2" m="31008" /><V71/><F71/><T105/><AGARI ba="3,0" hai="43,46,48,64,66,67,82,83,97,103,105,108,110,111" machi="105" ten="40,8000,1" yaku="0,1,10,1,52,3" doraHai="120" who="0" fromWho="0" sc="441,86,161,-43,448,-43,0,0" /><INIT seed="4,4,0,0,5,99" ten="527,118,405,0" oya="0" hai0="86,37,110,95,66,124,48,39,35,126,70,101,45" hai1="132,90,120,47,114,82,42,56,67,106,93,131,41" hai2="76,83,112,123,85,64,60,113,59,50,84,118,87" hai3=""/><T3/><D35/><U104/><N who="1" m="30752" /><U107/><E131/><V58/><N who="2" m="31520" /><V80/><F118/><T72/><D3/><U81/><E132/><V97/><F97/><T92/><D72/><U51/><E114/><N who="2" m="44139" /><F80/><T91/><D110/><U130/><E130/><V108/><F108/><T89/><D101/><U38/><E42/><V69/><F50/><T129/><D129/><U94/><E94/><V1/><F1/><T55/><D66/><U77/><E77/><V2/><F2/><T36/><REACH who="0" step="1"/><D70/><REACH who="0" ten="517,118,405,0" step="2"/><U103/><E103/><V44/><F44/><T71/><D71/><U61/><REACH who="1" step="1"/><E51/><REACH who="1" ten="517,108,405,0" step="2"/><V116/><F116/><T73/><D73/><AGARI ba="4,2" hai="58,59,60,64,69,73,76,83,84,85,87" m="44139,31520" machi="73" ten="30,2000,0" yaku="15,1,52,1" doraHai="99" who="2" fromWho="0" sc="517,-28,108,0,405,48,0,0" /><INIT seed="5,0,0,2,5,61" ten="489,108,453,0" oya="1" hai0="51,68,2,44,35,133,60,38,107,67,71,1,102" hai1="40,124,132,90,49,42,101,54,123,80,33,3,130" hai2="72,63,111,103,32,119,115,45,56,98,110,69,87" hai3=""/><U57/><N who="1" m="31520" /><U106/><E3/><V62/><F32/><T104/><D133/><U113/><E33/><V105/><F119/><T135/><D135/><U43/><E132/><V48/><F72/><T86/><D35/><U65/><E130/><V131/><F131/><T59/><D86/><U58/><E124/><V37/><F37/><T52/><D71/><U127/><E127/><V0/><F0/><N who="0" m="106" /><D102/><U134/><E134/><V41/><F115/><T88/><D88/><U46/><E113/><V75/><F75/><T53/><D53/><U84/><REACH who="1" step="1"/><E65/><REACH who="1" ten="489,98,453,0" step="2"/><V70/><F111/><T50/><D67/><U116/><E116/><V64/><F110/><T92/><D107/><U81/><E81/><V108/><F108/><T126/><D104/><U93/><E93/><V94/><F105/><T73/><D92/><U122/><N who="1" m="31264" /><U121/><N who="1" m="31008" /><U125/><E125/><V47/><F94/><T95/><D95/><U39/><E39/><V100/><F64/><T109/><D126/><U82/><E82/><V118/><F118/><T78/><D109/><U96/><AGARI ba="0,1" hai="40,42,43,46,49,54,57,58,80,84,90,96,101,106" m="31008,31264,31520" machi="96" ten="30,12000,2" yaku="1,1,0,1,52,3,53,1" doraHai="61" doraHaiUra="85" who="1" fromWho="1" sc="489,-60,98,130,453,-60,0,0" /><INIT seed="5,1,0,4,2,85" ten="429,228,393,0" oya="1" hai0="94,84,40,135,106,95,122,1,93,98,32,46,61" hai1="91,86,129,116,120,109,62,124,103,115,111,43,83" hai2="99,33,59,101,71,60,68,39,89,96,53,54,114" hai3=""/><U73/><N who="1" m="30752" /><U105/><E116/><V69/><F33/><T47/><N who="0" m="31264" /><T88/><D32/><U127/><E115/><V51/><F39/><T81/><D1/><U130/><E73/><V97/><F114/><T79/><D135/><U117/><E117/><V78/><F78/><T80/><D61/><U3/><E43/><V56/><REACH who="2" step="1"/><F89/><REACH who="2" ten="429,228,383,0" step="2"/><T112/><D112/><U108/><E62/><V63/><F63/><T82/><D79/><U113/><E113/><V36/><F36/><T0/><D0/><U118/><E118/><V49/><F49/><T67/><D88/><U45/><E45/><V48/><F48/><T126/><D47/><U64/><E64/><V76/><F76/><T131/><D67/><U37/><E37/><V41/><F41/><T110/><D40/><U133/><E3/><V70/><N who="2" m="17408" /><DORA hai="132" /><V44/><F44/><T125/><D46/><U92/><E133/><V55/><F55/><T119/><D119/><U134/><E134/><V77/><F77/><T58/><D58/><U35/><E35/><V42/><F42/><T52/><D52/><U104/><E129/><V72/><F72/><T74/><D74/><U66/><E130/><V102/><AGARI ba="1,1" hai="51,53,54,56,59,60,96,97,99,101,102" m="17408" machi="102" ten="60,3000,0" yaku="1,1,0,1,53,0" doraHai="85,132" doraHaiUra="75,2" who="2" fromWho="2" sc="429,-11,228,-21,383,42,0,0" /><INIT seed="6,0,0,0,3,108" ten="418,207,425,0" oya="2" hai0="134,97,112,86,36,130,79,115,121,111,40,59,49" hai1="109,101,85,58,132,116,55,126,57,44,42,74,103" hai2="88,41,62,87,93,128,89,70,67,51,63,102,96" hai3=""/><V94/><F128/><T81/><N who="0" m="31008" /><T1/><D111/><U71/><E74/><V75/><F75/><T37/><D130/><U38/><E116/><V100/><F63/><T35/><D35/><U124/><E109/><V90/><F41/><T83/><D1/><U2/><E2/><V45/><F45/><T68/><D134/><U84/><E132/><V50/><REACH who="2" step="1"/><F89/><REACH who="2" ten="418,207,415,0" step="2"/><T60/><D97/><U119/><E119/><V73/><F73/><T33/><D33/><U127/><E71/><V104/><F104/><T82/><D68/><U107/><E107/><V110/><F110/><T118/><D118/><U135/><E135/><V78/><F78/><T105/><D105/><U92/><E58/><V133/><F133/><T54/><D79/><U95/><E95/><V53/><F53/><T80/><D80/><U64/><E64/><V120/><N who="2" m="30752" /><V34/><F34/><T69/><D86/><U129/><E129/><V77/><F77/><T47/><D36/><U76/><E76/><V114/><F114/><T48/><D49/><AGARI ba="0,1" hai="49,50,51,62,67,70,87,88,90,93,94,96,100,102" m="30752" machi="49" ten="40,7700,0" yaku="1,1,52,1,54,1,53,0" doraHai="108" doraHaiUra="52" who="2" fromWho="0" sc="418,-77,207,0,415,87,0,0" owari="341,-6.0,207,-39.0,502,45.0,0,0.0" /></mjloggm>