<mjloggm ver="2.3"><GO type="169" lobby="0"/><UN n0="%E9%9B%BB%E8%BB%8A%E9%81%93" n1="%E3%81%A8%E3%82%89%E3%81%8D%E3%81%A1%E3%81%B5%E3%81%8F" n2="%E7%8D%85%E5%AD%90%E6%80%92%E3%82%93" n3="%6A%69%6A%69%69%2D%65" dan="16,16,16,16" rate="2089.98,2095.25,2166.82,2085.42" sx="M,M,M,M"/><TAIKYOKU oya="0"/><INIT seed="0,0,0,3,2,37" ten="250,250,250,250" oya="0" hai0="100,62,103,12,132,134,64,8,3,28,15,131,51" hai1="127,54,55,48,135,95,61,130,109,129,93,31,104" hai2="111,96,107,67,9,91,36,5,114,90,65,121,69" hai3="112,10,29,57,41,88,82,133,13,7,30,19,75"/><T27/><D3/><U6/><E104/><V124/><F111/><W76/><G112/><T102/><D51/><U1/><E109/><V89/><F114/><W49/><G133/><N who="0" m="51307" /><D8/><U4/><E135/><V73/><F121/><W105/><G105/><T0/><D0/><U25/><E127/><V38/><F73/><W72/><G72/><T71/><D131/><N who="1" m="50187" /><E61/><V56/><F69/><W108/><G108/><T59/><D71/><U126/><E55/><V14/><F124/><W115/><G115/><T11/><D11/><N who="1" m="2447" /><E6/><V77/><F77/><W45/><G7/><T21/><AGARI ba="0,0" hai="12,15,21,27,28,59,62,64,100,102,103" m="51307" machi="21" ten="30,1500,0" yaku="20,1" doraHai="37" who="0" fromWho="0" sc="250,15,250,-5,250,-5,250,-5" /><INIT seed="0,1,0,5,1,69" ten="265,245,245,245" oya="0" hai0="91,8,100,63,21,42,32,46,98,75,62,90,15" hai1="74,41,84,116,94,13,119,133,27,68,20,44,12" hai2="70,10,105,112,38,0,14,50,60,113,48,134,73" hai3="88,2,4,66,132,59,61,81,130,124,49,1,65"/><T120/><D32/><U37/><E68/><V26/><F73/><W111/><G111/><T57/><D75/><U122/><E74/><V76/><F76/><W103/><G124/><T71/><D71/><U17/><E122/><V128/><F105/><W101/><G130/><T23/><D21/><U131/><E131/><V11/><F128/><W28/><G132/><T79/><D23/><U93/><E133/><V121/><F121/><W24/><G65/><T110/><D79/><U45/><E44/><V53/><F38/><W109/><G109/><T87/><D110/><U19/><E93/><V102/><F102/><W51/><G101/><T118/><D118/><U56/><E56/><V77/><F77/><W85/><G103/><T78/><D78/><U83/><E94/><V34/><F134/><W125/><G125/><T43/><D120/><U127/><E127/><V52/><F0/><W107/><G107/><T97/><D90/><U123/><E123/><V47/><F10/><W99/><G99/><N who="0" m="37899" /><D46/><U35/><E35/><V40/><F40/><N who="0" m="15402" /><D57/><U106/><E106/><V5/><F26/><W16/><G2/><T89/><D89/><N who="1" m="51359" /><E27/><V9/><F9/><W95/><G1/><T117/><D117/><U82/><E82/><V39/><F34/><W29/><G81/><N who="0" m="49647" /><D100/><U80/><E80/><V31/><F39/><W129/><G129/><T18/><AGARI ba="1,0" hai="8,15,18,62,63" m="49647,15402,37899" machi="18" ten="30,1500,0" yaku="8,1" doraHai="69" who="0" fromWho="0" sc="265,18,245,-6,245,-6,245,-6" /><INIT seed="0,2,0,4,1,93" ten="283,239,239,239" oya="0" hai0="69,106,123,96,95,83,23,97,114,0,85,6,87" hai1="118,116,56,133,62,91,22,128,89,124,35,71,104" hai2="131,78,90,15,47,125,7,34,117,79,94,84,61" hai3="81,110,27,1,2,12,86,41,10,92,82,63,4"/><T80/><D69/><U135/><E35/><V88/><F34/><W20/><G110/><T100/><D0/><U101/><E71/><V18/><F125/><W132/><G132/><N who="1" m="50762" /><E124/><V50/><F131/><W37/><G92/><T129/><D6/><U113/><E22/><V28/><F28/><W70/><G81/><N who="0" m="31307" /><D23/><U32/><E32/><V134/><F117/><W127/><G127/><T17/><D17/><U24/><E24/><V5/><F90/><W33/><G33/><T13/><D13/><U49/><E49/><V8/><F61/><W99/><G37/><T66/><D66/><U21/><E21/><V75/><F75/><W44/><G63/><T115/><D129/><U65/><E128/><V46/><F46/><W45/><G44/><T73/><D73/><U3/><E3/><V25/><F25/><W36/><G70/><T112/><D123/><U98/><E113/><V102/><F102/><AGARI ba="2,0" hai="85,87,95,96,97,100,102,106,112,114,115" m="31307" machi="102" ten="40,12000,1" yaku="34,2,52,2" doraHai="93" who="0" fromWho="2" sc="283,126,239,0,239,-126,239,0" /><INIT seed="0,3,0,5,4,101" ten="409,239,113,239" oya="0" hai0="39,64,94,28,98,61,57,87,93,19,86,131,23" hai1="128,43,27,35,30,56,41,42,103,47,113,52,59" hai2="108,14,13,65,83,120,2,63,115,0,109,76,129" hai3="62,73,105,44,60,5,84,11,68,111,24,29,116"/><T7/><D131/><U82/><E128/><V125/><F115/><W121/><G116/><T69/><D39/><U126/><E113/><V10/><F120/><W117/><G117/><T22/><D69/><U85/><E126/><V45/><F125/><W119/><G73/><T135/><D135/><U107/><E59/><V72/><F45/><W50/><G111/><N who="2" m="42569" /><F129/><W79/><G68/><T37/><D37/><U38/><E85/><V80/><F80/><W71/><G71/><T110/><D7/><U32/><E82/><V106/><F106/><W99/><G121/><T58/><D110/><U21/><E35/><V88/><F88/><W130/><G84/><T6/><D6/><U104/><E32/><V12/><F10/><W81/><G81/><T53/><D22/><U90/><E90/><V100/><F100/><W33/><G79/><T123/><D123/><U16/><E30/><V67/><F67/><W124/><G124/><T31/><D28/><U134/><E134/><V17/><F17/><W122/><G122/><T18/><D31/><U3/><E3/><V36/><F36/><W77/><G77/><T74/><D18/><U8/><E8/><V51/><F51/><W25/><G130/><T54/><D74/><U70/><E70/><AGARI ba="3,0" hai="0,2,12,13,14,63,65,70,72,76,83" m="42569" machi="70" ten="30,1000,0" yaku="14,1" doraHai="101" who="2" fromWho="1" sc="409,0,239,-19,113,19,239,0" /><INIT seed="1,0,0,3,5,16" ten="409,220,132,239" oya="1" hai0="87,57,48,113,30,83,69,73,15,54,20,94,128" hai1="103,85,92,91,25,3,64,74,39,75,107,106,46" hai2="63,12,45,77,41,122,135,78,117,50,43,123,101" hai3="9,102,80,62,5,24,13,59,36,90,126,40,31"/><U1/><E64/><V11/><F117/><W28/><G126/><T131/><D69/><U112/><E112/><V72/><F135/><W124/><G124/><T66/><D113/><U111/><E3/><V99/><F43/><W97/><G40/><T108/><D108/><U21/><E1/><V133/><F133/><W2/><G36/><T29/><D66/><U120/><E120/><V27/><F63/><W10/><G24/><T14/><D73/><U132/><E132/><V95/><F27/><W114/><G80/><T98/><D98/><U129/><E129/><N who="0" m="49737" /><D94/><U110/><E46/><V100/><F100/><W38/><G38/><T65/><D65/><U130/><E39/><V125/><F125/><W6/><G90/><N who="0" m="51583" /><D20/><U53/><E130/><V81/><REACH who="2" step="1"/><F77/><REACH who="2" ten="409,220,122,239" step="2"/><W51/><G114/><T118/><D118/><U58/><E103/><V60/><F60/><W33/><G62/><T18/><D48/><N who="1" m="31015" /><E106/><V134/><F134/><W127/><G127/><T96/><D54/><U47/><E107/><V17/><AGARI ba="0,1" hai="11,12,17,41,45,50,72,78,81,95,99,101,122,123" machi="17" ten="20,5200,0" yaku="1,1,0,1,7,1,53,1" doraHai="16" doraHaiUra="42" who="2" fromWho="2" sc="409,-13,220,-26,122,62,239,-13" /><INIT seed="2,0,0,4,0,56" ten="396,194,184,226" oya="2" hai0="87,83,57,58,36,108,8,93,12,41,7,117,105" hai1="110,91,17,38,35,30,4,21,107,86,61,52,115" hai2="63,19,2,10,40,16,89,50,85,18,9,0,11" hai3="15,70,42,71,55,29,34,101,51,80,133,43,60"/><V97/><F97/><W24/><G133/><T25/><D105/><U82/><E115/><V124/><F124/><W116/><G116/><T45/><D117/><U76/><E110/><V99/><F99/><W6/><G101/><T128/><D108/><U127/><E127/><V96/><F96/><W112/><G112/><T22/><D93/><U48/><E107/><V67/><F50/><W27/><G80/><T14/><D14/><U92/><E38/><V68/><REACH who="2" step="1"/><F40/><REACH who="2" ten="396,194,174,226" step="2"/><W90/><G43/><T20/><D128/><U95/><E48/><V1/><F1/><W88/><G42/><T13/><D41/><U49/><E49/><V109/><F109/><W126/><G126/><T62/><D45/><U103/><E103/><V53/><F53/><W26/><G51/><T79/><D36/><U120/><E52/><V100/><F100/><W54/><G55/><T111/><D111/><U84/><E95/><AGARI ba="0,1" hai="0,2,9,10,11,16,18,19,63,67,68,85,89,95" machi="95" ten="40,7700,0" yaku="1,1,52,1,54,1,53,0" doraHai="56" doraHaiUra="44" who="2" fromWho="1" sc="396,0,194,-77,174,87,226,0" /><INIT seed="2,1,0,0,0,15" ten="396,117,261,226" oya="2" hai0="91,89,64,131,80,59,81,24,12,58,76,87,116" hai1="5,46,63,41,62,107,6,97,121,28,22,126,110" hai2="50,120,130,44,94,53,83,27,68,29,90,128,3" hai3="0,77,69,49,43,134,34,20,71,67,37,65,18"/><V95/><F120/><W115/><G34/><T9/><D131/><N who="2" m="50218" /><F68/><W93/><G0/><T17/><D116/><U8/><E121/><V51/><F3/><W79/><G134/><T129/><D129/><U124/><E110/><V38/><F38/><W103/><G37/><T45/><D64/><U98/><E28/><V111/><F111/><W101/><G93/><T4/><D45/><U84/><E84/><N who="2" m="50463" /><F50/><W1/><G1/><T99/><D91/><U42/><E46/><V23/><AGARI ba="1,0" hai="23,27,29,44,51,53,94,95" m="50463,50218" machi="23" ten="30,1500,0" yaku="19,1" doraHai="15" who="2" fromWho="2" sc="396,-6,117,-6,261,18,226,-6" /><INIT seed="2,2,0,3,5,68" ten="390,111,279,220" oya="2" hai0="51,35,1,46,84,48,106,122,69,17,99,62,131" hai1="2,13,101,74,124,34,39,42,65,79,76,110,59" hai2="4,98,107,127,61,44,16,83,29,95,130,52,90" hai3="47,10,37,8,113,31,126,111,112,75,91,53,119"/><V30/><F127/><W9/><G119/><T87/><D122/><U28/><E2/><V133/><F130/><W15/><G75/><T7/><D35/><U82/><E124/><V78/><F133/><W116/><G116/><T123/><D123/><U129/><E129/><V80/><F4/><W50/><G126/><T32/><D32/><U109/><E101/><V27/><F107/><W66/><G111/><N who="1" m="42506" /><E76/><V135/><F135/><W49/><G66/><T96/><D17/><U118/><E118/><V19/><F80/><W71/><G71/><T25/><D46/><N who="1" m="23903" /><E13/><V60/><F60/><W20/><G91/><T64/><D62/><N who="1" m="38111" /><E34/><V128/><F128/><W33/><G33/><T81/><D1/><U92/><E92/><V67/><F67/><W63/><G15/><T43/><D64/><U115/><E115/><V36/><F36/><W6/><G37/><T77/><D77/><U11/><E11/><V70/><F70/><W14/><G8/><T125/><D69/><U120/><E28/><N who="2" m="10859" /><F27/><W121/><G6/><T97/><D25/><U89/><E120/><V3/><F3/><W54/><G121/><T23/><D7/><U85/><E79/><V73/><F73/><AGARI ba="2,0" hai="73,74,82,85,89" m="38111,23903,42506" machi="73" ten="30,2000,0" yaku="14,1,52,1" doraHai="68" who="1" fromWho="2" sc="390,0,111,26,279,-26,220,0" /><INIT seed="3,0,0,2,5,20" ten="390,137,253,220" oya="3" hai0="122,14,7,8,43,46,58,135,111,87,65,75,128" hai1="97,55,104,74,39,57,116,86,78,121,60,49,81" hai2="114,72,1,113,107,5,25,80,110,93,4,77,37" hai3="79,12,56,30,24,47,18,45,132,11,134,21,130"/><W85/><G130/><T22/><D122/><U120/><E116/><V41/><F107/><W35/><G56/><T125/><D75/><U82/><E39/><V3/><F110/><W84/><G35/><T50/><D111/><U98/><E98/><V94/><F41/><W38/><G38/><T126/><D135/><N who="3" m="51753" /><G79/><T68/><D128/><U36/><E36/><V16/><F37/><W53/><G53/><T91/><D68/><U100/><REACH who="1" step="1"/><E49/><REACH who="1" ten="390,127,253,220" step="2"/><V96/><F96/><W59/><G59/><T28/><D58/><U61/><E61/><V108/><F113/><W105/><G105/><T17/><D65/><U129/><E129/><V19/><F114/><W131/><G131/><T102/><D125/><U2/><E2/><V33/><F1/><W90/><G85/><T62/><D126/><U23/><E23/><V27/><F3/><W42/><G42/><T76/><D62/><U109/><E109/><V6/><F108/><W48/><G48/><T63/><D63/><U112/><E112/><V69/><F33/><W10/><G10/><T133/><D133/><U44/><E44/><V118/><F118/><W64/><G64/><T101/><D50/><U83/><E83/><AGARI ba="0,1" hai="11,12,18,21,24,30,45,47,83,84,90" m="51753" machi="83" ten="30,2900,0" yaku="20,1,52,1" doraHai="20" who="3" fromWho="1" sc="390,0,127,-29,253,0,220,39" /><INIT seed="3,1,0,3,3,109" ten="390,98,253,259" oya="3" hai0="60,21,93,123,103,23,12,90,135,17,11,107,53" hai1="4,133,131,27,2,34,89,49,59,105,44,81,95" hai2="55,96,42,104,54,100,101,61,132,6,65,119,110" hai3="37,14,39,30,58,9,19,26,36,69,47,40,117"/><W51/><G117/><T38/><D123/><U83/><E105/><V106/><F110/><W128/><G128/><T70/><D38/><U121/><E121/><V15/><F132/><W62/><G69/><T115/><D135/><U111/><E133/><V67/><F42/><W86/><G86/><T18/><D107/><U94/><E131/><V127/><F127/><W20/><REACH who="3" step="1"/><G39/><REACH who="3" ten="390,98,253,249" step="2"/><T124/><D70/><U108/><E108/><V88/><F119/><W92/><G92/><T98/><D124/><U134/><E111/><V66/><F104/><W10/><G10/><T28/><D11/><U3/><E134/><V71/><F71/><W91/><G91/><T24/><D103/><U85/><E95/><N who="2" m="56423" /><F106/><W16/><G16/><T8/><D8/><U84/><E94/><V1/><F100/><W129/><G129/><T32/><D18/><U120/><E120/><V126/><F101/><W5/><G5/><T35/><D90/><U112/><E4/><V116/><F116/><W41/><G41/><T56/><D93/><U45/><E89/><V80/><F126/><W102/><G102/><T33/><D98/><U77/><E85/><V114/><F6/><W99/><G99/><T29/><D29/><U74/><E84/><V43/><F43/><W82/><G82/><T64/><D28/><U57/><E81/><V52/><F80/><W48/><G48/><T130/><D130/><U31/><E83/><V7/><F7/><W79/><G79/><T97/><D97/><U125/><E77/><V13/><F1/><W75/><G75/><T73/><D73/><U68/><E74/><RYUUKYOKU ba="1,1" sc="390,-10,98,-10,253,-10,249,30" hai3="9,14,19,20,26,30,36,37,40,47,51,58,62" /><INIT seed="3,2,1,1,3,21" ten="380,88,243,279" oya="3" hai0="44,55,106,93,68,104,30,90,62,73,132,125,102" hai1="31,41,61,64,83,124,99,123,17,10,53,22,36" hai2="121,32,27,1,126,87,54,130,81,76,114,52,80" hai3="63,110,48,84,100,43,50,9,135,59,131,51,117"/><W7/><G117/><T133/><D73/><U58/><E124/><V103/><F1/><W128/><G135/><N who="0" m="51787" /><D125/><U113/><E113/><V111/><F114/><W0/><G110/><T13/><D102/><U96/><E123/><V16/><F111/><W134/><G134/><T69/><D30/><U95/><E36/><V115/><F115/><W12/><G100/><T107/><D13/><U129/><E41/><V85/><F130/><N who="3" m="49707" /><G84/><N who="0" m="52423" /><D62/><U6/><E129/><V66/><F126/><W71/><G71/><N who="0" m="27211" /><D55/><U40/><E31/><V70/><F103/><W28/><G28/><T49/><D49/><U19/><E53/><V23/><F32/><W25/><G12/><T33/><D44/><U105/><E105/><V2/><F2/><W42/><G25/><T97/><D97/><U89/><E99/><V92/><F121/><W60/><G60/><T67/><D67/><AGARI ba="2,1" hai="0,7,9,42,43,48,50,51,59,63,67" m="49707" machi="67" ten="30,1500,0" yaku="19,1" doraHai="21" who="3" fromWho="0" sc="380,-21,88,0,243,0,279,31" /><INIT seed="3,3,0,2,0,13" ten="359,88,243,310" oya="3" hai0="87,1,60,18,49,89,107,2,82,65,23,20,17" hai1="6,103,51,117,135,44,76,127,48,115,58,83,63" hai2="130,132,14,38,57,77,29,4,5,36,98,88,37" hai3="26,41,120,70,56,121,100,12,75,19,118,91,72"/><W55/><G118/><T128/><D107/><U15/><E115/><V86/><F130/><W79/><G70/><T116/><D128/><U125/><E117/><V92/><F132/><W106/><G41/><T113/><D113/><U81/><E103/><V22/><F57/><W97/><G26/><T84/><D116/><U90/><E135/><V80/><REACH who="2" step="1"/><F29/><REACH who="2" ten="359,88,233,310" step="2"/><W74/><G120/><T62/><D65/><U28/><E28/><V25/><F25/><W95/><G121/><T69/><D69/><U102/><E127/><V85/><F85/><W31/><G31/><T131/><D131/><U42/><E125/><V73/><F73/><W7/><G75/><T66/><D66/><U119/><E119/><V50/><F50/><W3/><G74/><T43/><D49/><U110/><E51/><V54/><F54/><W64/><G55/><T27/><D43/><U105/><E48/><V33/><F33/><W108/><G56/><T46/><D46/><U24/><E42/><V133/><F133/><W11/><G64/><T16/><D27/><U71/><E44/><V124/><F124/><W67/><G67/><T126/><D126/><U123/><E24/><V35/><F35/><W109/><G72/><T129/><D129/><U34/><E34/><V122/><F122/><W52/><G52/><T30/><D30/><U9/><E123/><V32/><F32/><W99/><REACH who="3" step="1"/><G79/><REACH who="3" ten="359,88,233,300" step="2"/><N who="0" m="46175" /><D60/><U10/><E63/><V114/><F114/><W59/><G59/><T104/><D62/><U39/><E58/><V111/><F111/><W68/><G68/><T112/><D112/><U96/><E71/><RYUUKYOKU ba="3,2" sc="359,-15,88,-15,233,15,300,15" hai2="4,5,14,22,36,37,38,77,80,86,88,92,98" hai3="3,7,11,12,19,91,95,97,99,100,106,108,109" /><INIT seed="3,4,2,3,2,125" ten="344,73,248,315" oya="3" hai0="76,103,107,127,82,72,22,12,7,32,54,91,134" hai1="41,48,28,45,3,6,110,29,25,56,8,102,2" hai2="1,34,80,11,19,53,75,104,112,84,92,124,30" hai3="42,49,77,57,114,119,5,126,109,43,65,14,81"/><W123/><G114/><T122/><D32/><U111/><E3/><V4/><F112/><W35/><G119/><T9/><D127/><U44/><E102/><V73/><F124/><W15/><G123/><T100/><D122/><U132/><E132/><V105/><F92/><W27/><G126/><T83/><D107/><U129/><E56/><V97/><F53/><W131/><G35/><T117/><D117/><U133/><E133/><V62/><F62/><W59/><G27/><T71/><D71/><U13/><E2/><V130/><F130/><W36/><G36/><T23/><D134/><U16/><E129/><V93/><F19/><W47/><G42/><T96/><D54/><U98/><E98/><V61/><F61/><N who="3" m="38063" /><G59/><T26/><D23/><N who="1" m="13543" /><E45/><V63/><F63/><W31/><G31/><N who="1" m="11850" /><E111/><V89/><F30/><W85/><G109/><T101/><D72/><U66/><E110/><V18/><F34/><W87/><G87/><T52/><D96/><U79/><E79/><V58/><F58/><W135/><G135/><T95/><D76/><U46/><E46/><V17/><F73/><W40/><G40/><T88/><D26/><U106/><E106/><V24/><F24/><W33/><G33/><T120/><D120/><U39/><E39/><V37/><F37/><W99/><G131/><T0/><D52/><N who="1" m="29703" /><E66/><V55/><F55/><W20/><G99/><N who="0" m="57831" /><D91/><U128/><E128/><V10/><F75/><W116/><G116/><T50/><D50/><U70/><E70/><V115/><F115/><W67/><G67/><T113/><D113/><U60/><E60/><V74/><F74/><RYUUKYOKU ba="4,2" sc="344,15,73,15,248,-15,315,-15" hai0="0,7,9,12,22,82,83,100,101,103" hai1="6,8,13,41" /><INIT seed="4,5,2,3,0,83" ten="359,88,233,300" oya="0" hai0="119,67,10,103,71,85,65,134,36,54,31,126,59" hai1="79,90,122,102,4,30,115,3,25,23,121,72,5" hai2="40,69,131,21,130,70,125,120,84,38,91,32,48" hai3="46,95,18,0,62,128,43,42,50,114,93,132,14"/><T6/><D119/><U112/><E102/><V105/><F120/><N who="1" m="46185" /><E90/><V99/><F32/><W24/><G114/><N who="1" m="43562" /><E79/><V80/><F125/><W68/><G128/><N who="2" m="49193" /><F38/><W60/><G132/><T2/><D36/><U111/><E72/><V124/><F124/><W118/><G0/><T64/><D126/><U127/><E127/><V37/><F37/><W133/><G133/><T11/><D134/><U100/><E100/><N who="2" m="62623" /><F21/><W20/><G68/><N who="2" m="26217" /><F48/><W53/><G118/><T88/><D71/><U8/><E5/><V9/><F9/><W75/><G75/><T94/><D11/><U97/><E97/><V110/><F110/><AGARI ba="5,2" hai="3,4,8,23,25,30,110,111" m="43562,46185" machi="110" ten="30,7700,0" yaku="15,1,11,1,34,2" doraHai="83" who="1" fromWho="2" sc="359,0,88,112,233,-92,300,0" /><INIT seed="5,0,0,3,0,35" ten="359,200,141,300" oya="1" hai0="126,29,37,17,49,119,122,75,6,102,81,73,9" hai1="66,124,7,42,25,92,111,121,100,135,133,1,55" hai2="123,68,14,108,83,33,95,36,79,45,99,12,0" hai3="31,90,101,21,134,46,56,87,38,15,64,132,8"/><U41/><E121/><V131/><F108/><W96/><G38/><T120/><D37/><U22/><E111/><V59/><F68/><W3/><G46/><T82/><D119/><U20/><E66/><V69/><F69/><W18/><G64/><T62/><D29/><U98/><E124/><V52/><F33/><W24/><G56/><T23/><D102/><U91/><E55/><V77/><F131/><W106/><REACH who="3" step="1"/><G3/><REACH who="3" ten="359,200,141,290" step="2"/><T94/><D122/><U16/><E42/><V78/><F0/><W89/><G89/><T67/><D67/><U116/><E41/><V72/><F123/><W34/><G34/><T125/><D120/><U13/><E116/><V110/><F36/><W53/><G53/><T115/><D125/><U74/><E74/><V28/><F110/><W65/><G65/><T58/><D73/><U93/><E1/><V71/><F45/><W105/><G105/><T44/><D75/><U107/><E107/><V130/><F71/><W129/><G129/><T2/><D2/><U85/><REACH who="1" step="1"/><E7/><REACH who="1" ten="359,190,141,290" step="2"/><V27/><F130/><W113/><G113/><T86/><D6/><U128/><E128/><V57/><F72/><W48/><G48/><T5/><D5/><U60/><E60/><N who="2" m="35879" /><F59/><W104/><G104/><T61/><D115/><U117/><E117/><V112/><F112/><W88/><G88/><N who="0" m="53527" /><D126/><U51/><E51/><V127/><F127/><W97/><G97/><T76/><D61/><U84/><E84/><V118/><F118/><W103/><G103/><T54/><D62/><U30/><AGARI ba="0,2" hai="13,16,20,22,25,30,85,91,92,93,98,100,133,135" machi="30" ten="30,6000,0" yaku="1,1,0,1,54,1,53,0" doraHai="35" doraHaiUra="109" who="1" fromWho="1" sc="359,-20,190,80,141,-20,290,-20" /><INIT seed="5,1,0,3,4,101" ten="339,270,121,270" oya="1" hai0="88,121,64,40,26,134,90,16,85,24,80,10,119" hai1="46,3,95,21,132,78,36,5,115,129,22,43,131" hai2="127,35,65,98,79,34,126,108,120,1,112,13,2" hai3="49,92,41,61,38,57,20,124,27,86,117,67,84"/><U28/><E132/><V105/><F65/><W50/><G124/><N who="2" m="47657" /><F79/><W109/><G109/><T33/><D33/><N who="2" m="12298" /><F98/><W123/><G123/><T73/><D134/><U32/><E78/><V97/><F97/><W110/><G110/><T106/><D106/><U116/><E116/><V6/><F108/><W18/><G117/><T87/><D73/><U4/><E32/><V68/><F68/><W56/><G92/><T107/><D107/><U48/><E95/><V133/><F105/><W58/><G38/><T93/><D121/><U15/><E3/><N who="2" m="1035" /><F120/><W39/><G39/><T54/><D64/><U113/><E36/><V37/><F37/><W25/><G49/><T8/><D40/><U47/><E43/><V104/><F104/><W63/><G50/><T89/><D89/><U128/><E48/><V70/><F70/><W76/><G76/><T111/><D111/><U45/><E45/><V31/><F133/><W66/><G41/><T96/><D96/><U102/><E102/><V122/><F122/><W69/><G58/><T130/><D93/><U7/><E47/><V91/><F91/><W51/><G51/><T59/><D90/><U114/><E46/><V0/><N who="2" m="1043" /><V99/><DORA hai="77" /><F99/><W75/><G69/><T125/><D88/><U100/><E100/><V23/><F112/><W60/><G60/><T14/><D125/><U83/><E114/><V30/><F23/><N who="3" m="13559" /><G75/><T12/><D59/><U17/><E113/><V29/><F13/><W135/><G135/><T71/><D71/><U94/><E115/><V72/><F72/><W103/><G103/><T52/><D12/><RYUUKYOKU ba="1,0" sc="339,-15,270,-15,121,15,270,15" hai2="6,29,30,31" hai3="20,27,56,57,61,63,66,67,84,86" /><INIT seed="6,2,0,3,1,76" ten="324,255,136,285" oya="2" hai0="18,96,52,70,90,9,97,13,131,109,127,6,110" hai1="101,130,63,43,78,32,81,89,30,69,54,122,120" hai2="84,42,93,132,128,67,62,111,80,11,23,85,108" hai3="77,48,61,124,24,12,99,60,27,117,83,14,44"/><V113/><F113/><W94/><G117/><T33/><D70/><U8/><E130/><V28/><F128/><W95/><G124/><T64/><D131/><U116/><E116/><V106/><F106/><W53/><G94/><T114/><D114/><U87/><E43/><V135/><F42/><W133/><G133/><N who="2" m="51273" /><F93/><W5/><G24/><T49/><D64/><U41/><E41/><V118/><F118/><W39/><G27/><T45/><D33/><U3/><E101/><V123/><F123/><N who="1" m="47145" /><E32/><V10/><F23/><W20/><G39/><T73/><D73/><U56/><E30/><V66/><F28/><W7/><G7/><T75/><D75/><U31/><E31/><V58/><F67/><W98/><G98/><N who="0" m="37995" /><D127/><U92/><E69/><V100/><F85/><N who="3" m="48367" /><G20/><T4/><D110/><N who="2" m="42026" /><F100/><N who="3" m="60543" /><G12/><T35/><D35/><U29/><E29/><V68/><F68/><W22/><G22/><T25/><D109/><U40/><E40/><V134/><N who="2" m="51281" /><V74/><DORA hai="125" /><F74/><W112/><G112/><T107/><D25/><U21/><E21/><V47/><F47/><W119/><G119/><T0/><D107/><U65/><E65/><V102/><F102/><W26/><G26/><T59/><D45/><U55/><E92/><V126/><F126/><W1/><G1/><T19/><D0/><U17/><E3/><V86/><F86/><W51/><G14/><T46/><D46/><U15/><E78/><AGARI ba="2,0" hai="10,11,58,62,66,78,80,84" m="42026,51281" machi="78" ten="40,7700,0" yaku="20,1,10,1,52,1" doraHai="76,125" who="2" fromWho="1" sc="324,0,255,-83,136,83,285,0" /><INIT seed="6,3,0,3,0,13" ten="324,172,219,285" oya="2" hai0="122,89,119,88,29,93,4,134,128,35,59,2,123" hai1="41,107,100,71,132,106,98,0,26,37,22,78,79" hai2="52,135,97,68,66,21,133,11,27,49,14,43,23" hai3="131,42,74,58,116,120,110,114,77,8,67,17,105"/><V25/><F43/><W90/><G110/><T75/><D75/><U3/><E71/><V30/><F66/><W53/><G105/><T44/><D119/><U94/><E132/><V82/><F68/><W5/><G77/><T87/><D134/><N who="2" m="51210" /><F82/><W40/><G42/><T76/><D76/><U20/><E107/><V70/><F97/><W46/><G67/><T83/><D128/><U109/><E109/><V92/><F92/><W45/><G131/><T18/><D44/><U9/><E106/><V61/><F61/><W121/><G46/><T113/><D113/><U15/><E37/><V47/><F70/><W103/><G114/><T91/><D91/><U80/><E41/><V81/><F81/><W6/><G90/><T126/><D59/><U51/><E51/><V34/><F27/><W36/><G103/><T63/><D93/><U32/><E78/><V124/><F124/><W54/><G53/><T115/><D126/><U108/><E108/><V33/><F23/><W10/><G54/><T12/><D89/><U99/><E99/><V31/><F31/><W130/><G58/><T48/><D63/><U7/><E22/><V16/><AGARI ba="3,0" hai="11,14,16,21,25,30,33,34,47,49,52" m="51210" machi="16" ten="30,11700,0" yaku="20,1,52,1,54,2" doraHai="13" who="2" fromWho="2" sc="324,-42,172,-42,219,126,285,-42" /><INIT seed="6,4,0,3,5,36" ten="282,130,345,243" oya="2" hai0="2,58,112,117,6,5,48,1,62,22,91,127,69" hai1="42,20,109,26,10,51,47,31,66,90,87,37,85" hai2="106,135,9,115,129,65,44,68,25,18,124,95,99" hai3="13,41,61,24,75,45,120,43,101,55,63,32,133"/><V39/><F115/><W84/><G120/><T0/><D112/><U88/><E109/><V57/><F68/><W122/><G122/><T14/><D127/><U7/><E66/><V59/><F106/><W4/><G75/><T116/><D69/><U30/><E30/><V89/><F129/><W64/><G32/><T23/><D91/><U12/><E37/><V100/><F135/><W94/><G24/><T114/><D114/><U102/><E102/><V104/><F65/><W16/><G4/><N who="0" m="1643" /><D48/><U93/><REACH who="1" step="1"/><E90/><REACH who="1" ten="282,120,345,243" step="2"/><V110/><F89/><N who="3" m="53543" /><G101/><T132/><D132/><U125/><E125/><V67/><F100/><W119/><G133/><T78/><D117/><U52/><E52/><V105/><F67/><W53/><G53/><T123/><D116/><U79/><E79/><V19/><F39/><W27/><G64/><T108/><D78/><U81/><E81/><V11/><F110/><W98/><G119/><T107/><D108/><U121/><E121/><V80/><F80/><W92/><G55/><T83/><D83/><U82/><E82/><V49/><F124/><W96/><G92/><T28/><D123/><U29/><E29/><V86/><F95/><W56/><G63/><T130/><D28/><U33/><E33/><V54/><F54/><W46/><G61/><T97/><D62/><U76/><E76/><V40/><F104/><W34/><G34/><T103/><D103/><U50/><E50/><V60/><F60/><W8/><G46/><T21/><D107/><U118/><E118/><V17/><F44/><W70/><G45/><T72/><D58/><N who="2" m="22026" /><F105/><W134/><G56/><RYUUKYOKU ba="4,1" sc="282,-10,120,30,345,-10,243,-10" hai1="7,10,12,20,26,31,42,47,51,85,87,88,93" /><INIT seed="7,5,1,0,1,29" ten="272,150,335,233" oya="3" hai0="102,84,21,106,66,67,92,122,15,95,20,45,64" hai1="63,125,3,50,74,69,10,73,1,89,97,34,104" hai2="71,112,93,119,132,105,68,128,56,96,31,28,52" hai3="39,54,86,23,100,60,41,114,94,72,110,12,107"/><W121/><G121/><T101/><D122/><U17/><E125/><V9/><F119/><W131/><G114/><T25/><D106/><U5/><E17/><V79/><F105/><W0/><G0/><T16/><D45/><U120/><E50/><V130/><F79/><W53/><G131/><N who="2" m="50217" /><F9/><W108/><G72/><N who="1" m="27754" /><E89/><N who="2" m="55343" /><F132/><W46/><G107/><T40/><D40/><U129/><E3/><V37/><F37/><W22/><G60/><T55/><D55/><N who="3" m="21001" /><G12/><T30/><D84/><U99/><E129/><V124/><F112/><W83/><G100/><AGARI ba="5,1" hai="15,16,20,21,25,30,64,66,67,92,95,100,101,102" machi="100" ten="40,2600,0" yaku="8,1,54,1" doraHai="29" who="0" fromWho="3" sc="272,51,150,0,335,0,233,-41" owari="323,12.0,150,-35.0,335,44.0,192,-21.0" /></mjloggm>