<mjloggm ver="2.3"><GO type="185" lobby="0"/><UN n0="%E3%83%93%E3%83%83%E3%82%B0%E3%83%9E%E3%83%A1" n1="%49%70%70%61%73%68%75" n2="%43%68%75%65%6C" n3="" dan="17,16,16,0" rate="2191.61,2118.93,2218.39,1500.00" sx="M,M,F,C"/><TAIKYOKU oya="0"/><INIT seed="0,0,0,1,2,133" ten="350,350,350,0" oya="0" hai0="92,57,94,59,83,125,38,32,85,134,86,41,78" hai1="99,117,65,135,66,54,70,101,75,33,97,120,77" hai2="71,87,35,39,129,42,45,88,126,44,93,127,43" hai3=""/><T104/><D32/><U91/><N who="1" m="30752" /><U98/><E33/><V108/><F35/><T40/><D104/><U56/><E117/><V34/><F34/><T105/><D105/><U114/><E70/><V47/><F108/><T107/><D107/><U123/><N who="1" m="31520" /><U128/><E114/><V61/><F129/><T49/><D134/><U67/><E135/><V37/><F47/><T109/><D38/><U118/><E118/><V55/><F55/><T84/><D109/><U132/><E132/><V124/><F61/><T110/><D110/><U130/><E91/><V122/><N who="2" m="31264" /><V119/><F71/><T53/><D59/><U73/><E101/><V95/><F119/><T116/><D116/><U52/><E77/><V60/><F60/><T62/><D62/><U90/><E90/><V46/><F45/><T80/><D86/><U51/><REACH who="1" step="1"/><E54/><REACH who="1" ten="350,340,350,0" step="2"/><V112/><REACH who="2" step="1"/><F112/><REACH who="2" ten="350,340,340,0" step="2"/><T2/><D53/><U64/><N who="1" m="16896" /><DORA hai="131" /><U50/><E50/><V63/><F63/><T58/><D49/><U0/><E0/><V76/><F76/><T82/><D2/><U121/><N who="1" m="31008" /><U89/><E89/><V106/><F106/><T102/><D78/><U48/><E48/><V36/><F36/><T113/><D113/><U81/><E81/><AGARI ba="0,2" hai="37,39,42,43,44,46,81,87,88,93,95,124,126,127" m="31264" machi="81" ten="40,16000,3" yaku="1,1,6,1,9,1,18,1,52,4,54,1,53,0" doraHai="133,131" doraHaiUra="115,111" who="2" fromWho="1" sc="350,0,340,-160,340,180,0,0" /><INIT seed="1,0,0,5,3,100" ten="350,180,520,0" oya="1" hai0="79,71,83,116,109,120,76,99,42,112,54,34,33" hai1="124,130,111,77,36,69,128,68,102,41,97,74,57" hai2="101,58,107,134,119,40,115,90,59,49,118,62,98" hai3=""/><U46/><E124/><V108/><F108/><T52/><N who="0" m="30752" /><T131/><D71/><U55/><E111/><V129/><F129/><N who="1" m="49769" /><E77/><V85/><F134/><T84/><D131/><U103/><E74/><V43/><F115/><T66/><D112/><U113/><E113/><V1/><F1/><T64/><D109/><U86/><E86/><V122/><N who="2" m="31264" /><V78/><F78/><T105/><D42/><U65/><E65/><V121/><N who="2" m="31008" /><V67/><F43/><T53/><D116/><U61/><E103/><V132/><F132/><T37/><D37/><U114/><E114/><V35/><F35/><T94/><D79/><U133/><E133/><V92/><REACH who="2" step="1"/><F59/><REACH who="2" ten="350,180,510,0" step="2"/><T38/><D34/><U95/><AGARI ba="0,1" hai="36,41,46,55,57,61,68,69,95,97,102" m="49769" machi="95" ten="30,1000,0" yaku="19,1" doraHai="100" who="1" fromWho="1" sc="350,-5,180,20,510,-5,0,0" /><INIT seed="1,1,0,4,2,134" ten="345,200,505,0" oya="1" hai0="39,99,87,84,33,132,89,93,53,109,112,86,97" hai1="102,95,131,104,135,80,49,54,111,125,72,57,37" hai2="56,32,40,47,115,81,124,110,108,78,60,69,116" hai3=""/><U61/><E104/><V83/><F116/><T59/><D39/><U34/><E34/><V79/><F69/><T58/><D33/><U82/><E37/><V123/><N who="2" m="31520" /><V76/><F32/><T92/><D132/><U90/><E135/><V74/><F115/><T133/><D133/><U107/><E131/><V98/><F98/><T42/><D112/><U35/><E35/><V122/><N who="2" m="31264" /><V65/><F124/><T113/><D113/><U103/><E111/><N who="2" m="42539" /><F74/><T55/><D42/><U52/><E125/><V121/><N who="2" m="31008" /><V106/><F106/><T85/><D109/><U75/><E107/><V94/><F94/><T101/><N who="0" m="22016" /><DORA hai="120" /><T66/><D66/><U96/><E75/><V88/><F88/><T48/><REACH who="0" step="1"/><D55/><REACH who="0" ten="335,200,505,0" step="2"/><U51/><E72/><V70/><F70/><T114/><D114/><U129/><E129/><V130/><F130/><T1/><D1/><U0/><E0/><V73/><F73/><T126/><D126/><U77/><E77/><V67/><F65/><T100/><D100/><N who="1" m="38443" /><E54/><V91/><F91/><T71/><D71/><U41/><E41/><V62/><F40/><T64/><D64/><U63/><E49/><V44/><F62/><AGARI ba="1,1" hai="51,52,57,61,62,63,80,82,90,95,96" m="38443" machi="62" ten="30,2900,0" yaku="8,1,54,1" doraHai="134,120" who="1" fromWho="2" sc="335,0,200,41,505,-31,0,0" /><INIT seed="1,2,0,1,5,43" ten="335,241,474,0" oya="1" hai0="121,94,127,48,110,36,75,67,50,76,107,40,88" hai1="96,108,125,0,79,124,71,130,81,41,116,131,51" hai2="52,99,72,84,60,132,54,103,63,86,111,83,77" hai3=""/><U34/><E34/><V126/><F111/><T101/><N who="0" m="31008" /><T113/><D113/><U109/><E0/><V95/><F126/><N who="1" m="48745" /><E71/><V105/><F132/><T2/><D110/><N who="1" m="42603" /><E116/><V47/><F86/><T46/><D127/><U32/><E32/><V120/><N who="2" m="30752" /><V58/><F47/><T129/><D46/><U55/><E41/><V92/><F72/><T39/><D75/><U106/><E106/><V62/><REACH who="2" step="1"/><F54/><REACH who="2" ten="335,241,464,0" step="2"/><T68/><D2/><U122/><N who="1" m="31264" /><U123/><N who="1" m="31520" /><U33/><E33/><V44/><F44/><T128/><D40/><U82/><E96/><V45/><F45/><T69/><D39/><U65/><E65/><V100/><F100/><T61/><D101/><U49/><E55/><V135/><F135/><T91/><D67/><U1/><E1/><V134/><F134/><T66/><D66/><U38/><E38/><V112/><F112/><T80/><D36/><U117/><E117/><V37/><F37/><T57/><D69/><U53/><E53/><V115/><F115/><T78/><D68/><U104/><E104/><V73/><F73/><T3/><D107/><U118/><E118/><V133/><F133/><T70/><D70/><U98/><E98/><V85/><F85/><T102/><D3/><RYUUKYOKU ba="2,1" sc="335,-10,241,-10,464,20,0,0" hai2="52,58,60,62,63,77,83,84,92,95,99,103,105" /><INIT seed="2,3,1,2,5,38" ten="325,231,484,0" oya="2" hai0="82,115,32,44,52,104,109,68,102,123,133,93,125" hai1="124,34,130,128,95,118,110,48,59,78,62,63,120" hai2="108,56,71,86,135,65,106,57,33,37,40,61,73" hai3=""/><V81/><F33/><T105/><N who="0" m="31520" /><T99/><D68/><U90/><N who="1" m="30752" /><U60/><E34/><V67/><F106/><T41/><D32/><U53/><E118/><V51/><F73/><T36/><D115/><U111/><E124/><V112/><F112/><T87/><D125/><U83/><E95/><V92/><F135/><T101/><D101/><U50/><E90/><V35/><F35/><T74/><D74/><U88/><E88/><V129/><F86/><T72/><D72/><U85/><REACH who="1" step="1"/><E48/><REACH who="1" ten="325,221,484,0" step="2"/><V80/><F92/><T132/><D132/><U103/><E103/><V131/><F51/><T43/><D133/><U77/><E77/><V98/><F80/><T54/><D105/><U66/><E66/><V122/><F65/><T96/><D104/><U69/><E69/><V79/><F71/><T107/><D107/><U89/><E89/><V100/><F81/><T94/><D82/><U3/><E3/><V121/><F79/><T70/><D70/><U46/><E46/><V55/><F100/><T39/><D102/><U49/><E49/><V84/><F67/><T58/><D94/><U114/><E114/><V116/><F116/><T0/><D93/><U45/><E45/><V64/><F64/><T42/><D0/><RYUUKYOKU ba="3,2" sc="325,-10,221,20,484,-10,0,0" hai1="50,53,59,60,62,63,78,83,85,110,111,128,130" /><INIT seed="4,4,2,0,3,104" ten="315,241,474,0" oya="0" hai0="90,64,118,41,95,47,54,99,127,73,134,58,44" hai1="51,91,88,111,70,116,61,110,106,101,124,86,123" hai2="109,56,108,84,33,79,1,121,92,128,80,135,100" hai3=""/><T89/><D127/><U69/><N who="1" m="31520" /><U67/><E116/><V60/><N who="2" m="31008" /><V55/><F1/><T35/><D118/><U65/><E124/><V0/><F0/><T103/><D73/><U57/><E106/><V114/><F33/><T78/><D78/><U115/><E101/><V132/><F114/><T48/><D35/><U131/><E115/><V49/><F128/><T112/><D112/><U83/><E131/><V42/><F100/><T87/><D134/><N who="2" m="51242" /><F92/><T43/><D64/><U122/><N who="1" m="31264" /><U129/><E129/><V34/><F34/><T120/><N who="0" m="30752" /><T76/><D76/><U38/><E38/><V46/><AGARI ba="4,2" hai="42,46,49,55,56,60,79,80,84,108,109" m="51242,31008" machi="46" ten="30,1500,0" yaku="20,1,52,1" doraHai="104" who="2" fromWho="2" sc="315,-14,241,-9,474,43,0,0" /><INIT seed="5,0,0,5,0,90" ten="301,232,517,0" oya="1" hai0="129,96,59,36,67,99,130,85,89,132,113,49,65" hai1="50,66,41,106,109,92,94,133,121,33,57,115,100" hai2="38,54,84,78,71,116,91,86,111,0,73,82,56" hai3=""/><U117/><N who="1" m="31008" /><U72/><E33/><V77/><F111/><T63/><D36/><U97/><E117/><V53/><F71/><T110/><D110/><U134/><E109/><V69/><F69/><T45/><D67/><U1/><E1/><V127/><F38/><T48/><D48/><U126/><E72/><V47/><F73/><T88/><D89/><U81/><E81/><V39/><F82/><T124/><D124/><U70/><E126/><V103/><F91/><T68/><D68/><U87/><E115/><V46/><F39/><T44/><D44/><U83/><E70/><V123/><F47/><T107/><D107/><U35/><E35/><V37/><F46/><T118/><D118/><U75/><E75/><V32/><F37/><T105/><D105/><U2/><E2/><V95/><F0/><T135/><D113/><U61/><E41/><V62/><F127/><T60/><D60/><U112/><E50/><V51/><F116/><T93/><D135/><N who="1" m="51723" /><E112/><V64/><F32/><T43/><D132/><U108/><E108/><V101/><F51/><T76/><D76/><AGARI ba="0,0" hai="57,61,66,76,83,87,92,94,97,100,106" m="51723,31008" machi="76" ten="30,11600,0" yaku="20,1,52,3" doraHai="90" who="1" fromWho="0" sc="301,-116,232,116,517,0,0,0" /><INIT seed="5,1,0,1,0,112" ten="185,348,517,0" oya="1" hai0="41,60,117,52,67,46,91,106,53,74,0,32,125" hai1="116,129,133,123,48,42,128,103,61,119,66,83,89" hai2="87,55,94,49,127,118,73,75,122,40,131,126,62" hai3=""/><U114/><N who="1" m="31520" /><U108/><E114/><V57/><N who="2" m="31264" /><V97/><F118/><T58/><D106/><U2/><E2/><V72/><F87/><T130/><D74/><U71/><E108/><V113/><F113/><T64/><D32/><U82/><E103/><V36/><F36/><T132/><D0/><U69/><E69/><V39/><F39/><T104/><D104/><U95/><E133/><V109/><F109/><T90/><D132/><U100/><E100/><V56/><F131/><N who="1" m="50249" /><E42/><V92/><F40/><T43/><D130/><U45/><E45/><V134/><F134/><T99/><D125/><N who="2" m="47626" /><F97/><T44/><D99/><U102/><E48/><V81/><F81/><N who="1" m="30729" /><E102/><V35/><F35/><T105/><D105/><U78/><E78/><V110/><F110/><T70/><D70/><U85/><AGARI ba="1,0" hai="61,66,71,85,89,95,116,119" m="30729,50249,31520" machi="85" ten="30,7800,0" yaku="19,1,52,3" doraHai="112" who="1" fromWho="1" sc="185,-40,348,80,517,-40,0,0" /><INIT seed="5,2,0,4,3,108" ten="145,428,477,0" oya="1" hai0="133,88,90,47,127,45,34,61,119,112,130,2,46" hai1="131,73,81,69,35,58,60,110,93,86,129,101,48" hai2="134,116,102,125,103,76,128,64,121,117,39,75,120" hai3=""/><U104/><E35/><V99/><N who="2" m="30752" /><V87/><N who="2" m="31008" /><V62/><F39/><T82/><D34/><U59/><E110/><V37/><F37/><T70/><D2/><U68/><E48/><V115/><F128/><N who="1" m="49225" /><E104/><V100/><F75/><T78/><D130/><U77/><E101/><V79/><F134/><T92/><D133/><U109/><E109/><V55/><F125/><T53/><D127/><U40/><E40/><V96/><F55/><T94/><D119/><U113/><E113/><V3/><F3/><T0/><D0/><U123/><N who="1" m="31520" /><U33/><E33/><V67/><F102/><T66/><D53/><U111/><E111/><V126/><F126/><T71/><D71/><N who="1" m="27211" /><E60/><V52/><F62/><T89/><REACH who="0" step="1"/><D112/><REACH who="0" ten="135,428,477,0" step="2"/><U32/><E32/><V132/><F115/><T95/><D95/><U106/><E106/><V44/><F132/><T114/><D114/><U65/><E65/><V57/><F67/><T72/><AGARI ba="2,1" hai="45,46,47,61,66,70,72,78,82,88,89,90,92,94" machi="72" ten="30,5900,0" yaku="1,1,0,1,54,1,53,1" doraHai="108" doraHaiUra="107" who="0" fromWho="0" sc="135,73,428,-41,477,-22,0,0" /><INIT seed="6,0,0,3,4,65" ten="208,387,455,0" oya="2" hai0="36,108,123,110,81,103,80,40,125,51,52,116,79" hai1="59,121,70,99,89,78,41,90,126,57,0,94,127" hai2="100,114,1,132,44,109,47,124,93,105,91,85,34" hai3=""/><V72/><F1/><T63/><N who="0" m="31520" /><T49/><D116/><U73/><N who="1" m="31008" /><U42/><E0/><V96/><F34/><T62/><D103/><U66/><E73/><V71/><F71/><T64/><D79/><U106/><E78/><V101/><F114/><T97/><D97/><U82/><E106/><V75/><F132/><T32/><D64/><U107/><E107/><V61/><F101/><T117/><D40/><U113/><E113/><V58/><F109/><T35/><D36/><U53/><E82/><V115/><F115/><T88/><D52/><U84/><E99/><V112/><F112/><T86/><D86/><U50/><E90/><V104/><F104/><T38/><D38/><U92/><E92/><V120/><N who="2" m="30752" /><V134/><F75/><T102/><D102/><U56/><E94/><V33/><F105/><T43/><D43/><N who="1" m="16395" /><E89/><V77/><F77/><T83/><D83/><U37/><E84/><V98/><F72/><T60/><D60/><U45/><E37/><V55/><F98/><T69/><D88/><U118/><E118/><V128/><F96/><T54/><D117/><U111/><E111/><V129/><F85/><T87/><D87/><U68/><E66/><V131/><F91/><T67/><D35/><RYUUKYOKU ba="0,0" sc="208,-10,387,20,455,-10,0,0" hai1="45,50,53,56,57,59,68,70,126,127" owari="198,-40.0,407,1.0,445,39.0,0,0.0" /></mjloggm>