<mjloggm ver="2.3"><GO type="169" lobby="0"/><UN n0="%5A%E6%B0%91" n1="%E8%91%B5%E3%81%A1%E3%82%83%E3%82%93" n2="%E3%82%B1%E3%82%A4%E3%83%AD%E3%83%B3" n3="%79%6A%2D%63%68%65%6B%69" dan="17,17,16,16" rate="2201.43,2201.72,2156.06,2076.49" sx="M,F,F,M"/><TAIKYOKU oya="0"/><INIT seed="0,0,0,4,4,92" ten="250,250,250,250" oya="0" hai0="86,1,34,98,39,69,45,62,6,108,35,27,130" hai1="63,44,24,129,135,17,41,126,2,7,103,59,31" hai2="101,43,96,115,90,52,33,72,28,80,29,89,124" hai3="121,85,66,122,83,36,22,54,56,94,119,55,18"/><T71/><D130/><U114/><E129/><V127/><F115/><W93/><G36/><T107/><D86/><U5/><E114/><V75/><F43/><W68/><G68/><N who="0" m="26187" /><D62/><U87/><E135/><V38/><F38/><W12/><G66/><T106/><D108/><U49/><E17/><V21/><F33/><N who="0" m="12298" /><D27/><U20/><E103/><V57/><F21/><W120/><G119/><T117/><D117/><U50/><E50/><V128/><F128/><W11/><G22/><T37/><D45/><U109/><E44/><V82/><F101/><W47/><G55/><T112/><D112/><U118/><E20/><V15/><F15/><W14/><G14/><T4/><D4/><U79/><E7/><V73/><F72/><W3/><G3/><T111/><D111/><U8/><E5/><V78/><F57/><W42/><G42/><T19/><D19/><U100/><E59/><V84/><F84/><W104/><G104/><N who="0" m="39979" /><D98/><U65/><E63/><V125/><F125/><W30/><G30/><T32/><N who="0" m="12306" /><T9/><AGARI ba="0,0" hai="1,6,9,37,39" m="39979,12306,26187" machi="9" ten="50,12000,1" yaku="4,1,26,2,33,2" doraHai="92" who="0" fromWho="0" sc="250,120,250,-40,250,-40,250,-40" /><INIT seed="0,1,0,5,1,97" ten="370,210,210,210" oya="0" hai0="127,51,73,12,42,26,8,103,3,70,78,105,23" hai1="99,118,41,66,109,30,5,116,98,34,1,9,39" hai2="25,48,18,56,85,67,71,46,114,110,80,106,126" hai3="40,87,13,45,61,38,124,117,101,77,21,91,94"/><T81/><D70/><U49/><E49/><V75/><F114/><W14/><G124/><T65/><D3/><U74/><E109/><V76/><F110/><W83/><G117/><T17/><D65/><U79/><E99/><V4/><F126/><W122/><G122/><T93/><D105/><U27/><E66/><V121/><F121/><W24/><G61/><T36/><D36/><U107/><E98/><V82/><F71/><W130/><G130/><T29/><D127/><U115/><E107/><V62/><F106/><W33/><G33/><T96/><D51/><U120/><E115/><V54/><F4/><W37/><G37/><T50/><D50/><U123/><E120/><V16/><REACH who="2" step="1"/><F25/><REACH who="2" ten="370,210,200,210" step="2"/><W88/><G14/><T95/><D42/><U58/><E123/><V59/><F59/><W133/><G13/><T111/><D111/><U131/><E58/><V47/><F47/><W6/><G6/><T44/><D44/><N who="1" m="23615" /><E131/><V112/><F112/><W63/><G133/><T11/><REACH who="0" step="1"/><D93/><REACH who="0" ten="360,210,200,210" step="2"/><U90/><E118/><V15/><F15/><W19/><G63/><T108/><D108/><U84/><E116/><V20/><F20/><AGARI ba="1,2" hai="8,11,12,17,20,23,26,29,73,78,81,95,96,103" machi="20" ten="30,11600,0" yaku="1,1,7,1,52,1,53,1" doraHai="97" doraHaiUra="10" who="0" fromWho="2" sc="360,139,210,0,200,-119,210,0" /><INIT seed="0,2,0,3,3,91" ten="499,210,81,210" oya="0" hai0="119,101,74,41,93,104,10,120,18,37,52,42,85" hai1="100,28,129,61,39,118,108,107,106,126,57,60,9" hai2="4,55,14,47,51,127,46,32,53,115,103,111,96" hai3="105,133,98,2,65,0,90,20,19,12,94,59,8"/><T132/><D119/><U130/><E118/><V124/><F32/><W62/><G133/><T83/><D120/><U125/><E39/><V88/><F115/><W6/><REACH who="3" step="1"/><G105/><REACH who="3" ten="499,210,81,200" step="2"/><T112/><D104/><U73/><E107/><V67/><F111/><W80/><G80/><T56/><D83/><U109/><E106/><V66/><F103/><W63/><G63/><T35/><D101/><U116/><E100/><V69/><F69/><W1/><AGARI ba="2,1" hai="0,1,2,6,8,12,19,20,59,62,65,90,94,98" machi="1" ten="20,5200,0" yaku="1,1,0,1,7,1,52,1,53,0" doraHai="91" doraHaiUra="97" who="3" fromWho="3" sc="499,-28,210,-15,81,-15,200,68" /><INIT seed="1,0,0,1,0,18" ten="471,195,66,268" oya="1" hai0="51,14,103,9,85,106,57,44,114,87,118,36,21" hai1="88,56,80,55,99,81,71,1,125,29,61,8,107" hai2="116,19,128,109,7,122,35,83,78,102,47,98,92" hai3="23,3,16,32,96,93,42,75,40,117,110,101,28"/><U134/><E134/><V20/><F122/><W111/><G3/><T127/><D114/><U25/><E125/><V97/><F109/><N who="3" m="41483" /><G75/><T115/><D115/><U10/><E71/><V130/><F35/><W63/><G117/><T72/><D72/><U112/><E112/><V68/><F68/><W24/><G63/><T91/><D36/><U27/><E27/><AGARI ba="0,0" hai="16,23,24,27,28,32,40,42,93,96,101" m="41483" machi="27" ten="30,3900,0" yaku="14,1,52,1,54,1" doraHai="18" who="3" fromWho="1" sc="471,0,195,-39,66,0,268,39" /><INIT seed="2,0,0,4,2,120" ten="471,156,66,307" oya="2" hai0="101,85,25,55,70,21,135,111,15,7,33,92,84" hai1="64,77,44,81,0,80,16,48,41,109,18,113,36" hai2="17,27,115,34,54,98,134,95,26,53,1,129,114" hai3="59,43,100,11,52,19,42,94,127,72,66,108,124"/><V5/><F134/><W117/><G72/><T76/><D70/><U2/><E113/><V88/><F129/><W79/><G79/><T57/><D33/><U37/><E64/><V51/><F54/><W125/><G66/><T47/><D47/><U90/><E90/><V73/><F73/><W40/><G117/><T29/><D76/><U112/><E112/><V12/><F5/><W31/><G31/><T82/><D82/><U128/><E77/><V69/><F69/><W58/><G19/><T8/><D135/><U122/><E122/><V106/><F106/><W4/><G59/><T10/><D10/><U93/><E93/><V91/><F1/><W23/><G23/><T89/><D101/><U60/><E60/><V35/><F91/><W119/><G119/><T86/><D111/><U3/><E109/><V132/><F132/><W71/><G71/><T24/><REACH who="0" step="1"/><D25/><REACH who="0" ten="461,156,66,307" step="2"/><U56/><E81/><V49/><F27/><W22/><G108/><T38/><D38/><U96/><E80/><V103/><F103/><W105/><G105/><T62/><AGARI ba="0,1" hai="7,8,15,21,24,29,55,57,62,84,85,86,89,92" machi="62" ten="20,5200,0" yaku="1,1,0,1,7,1,8,1,53,0" doraHai="120" doraHaiUra="74" who="0" fromWho="0" sc="461,62,156,-13,66,-26,307,-13" /><INIT seed="3,0,0,2,1,93" ten="523,143,40,294" oya="3" hai0="123,107,131,118,72,65,71,111,61,4,128,25,55" hai1="130,33,26,114,40,34,125,37,98,74,51,115,109" hai2="66,129,117,100,79,116,87,20,102,49,11,43,0" hai3="73,6,21,47,18,103,39,58,63,134,85,45,60"/><W101/><G73/><T113/><D72/><U64/><E74/><V68/><F129/><W7/><G39/><T42/><D107/><U83/><E37/><V50/><F20/><W132/><G85/><T24/><D4/><U22/><E130/><V78/><F66/><W44/><G21/><T30/><D42/><U135/><E83/><V86/><F43/><W94/><G18/><T48/><D25/><U62/><E109/><V38/><F0/><W97/><G103/><T35/><D118/><U9/><E135/><V5/><F38/><W96/><G101/><T29/><D29/><U110/><E110/><V19/><F19/><W106/><G94/><T41/><D123/><U70/><E9/><V15/><F5/><N who="3" m="1547" /><G106/><T28/><D28/><U76/><E33/><V8/><F15/><W92/><G92/><T12/><D12/><U16/><E34/><V77/><REACH who="2" step="1"/><F78/><REACH who="2" ten="523,143,30,294" step="2"/><W53/><G63/><T84/><D61/><U10/><E76/><V46/><F46/><W120/><G120/><T133/><D131/><U104/><E62/><V95/><F95/><W81/><G81/><T89/><D128/><U91/><E104/><V88/><F88/><W36/><G36/><T52/><D89/><U17/><E91/><V57/><F57/><W14/><G14/><T119/><D35/><U124/><E17/><V82/><F82/><W2/><G2/><T126/><D30/><U99/><E16/><V108/><F108/><W75/><G75/><T69/><D111/><U121/><E121/><V56/><F56/><W27/><G27/><T13/><D24/><U54/><E26/><RYUUKYOKU ba="0,1" sc="523,-15,143,-15,30,15,294,15" hai2="8,11,49,50,68,77,79,86,87,100,102,116,117" hai3="44,45,47,53,58,60,96,97,132,134" /><INIT seed="3,1,1,1,2,135" ten="508,128,45,309" oya="3" hai0="99,95,104,3,80,115,85,78,88,134,12,113,89" hai1="59,116,24,48,32,132,28,57,124,79,130,18,131" hai2="100,10,86,77,126,110,120,50,65,41,68,112,76" hai3="75,111,106,14,13,8,63,17,103,39,44,43,20"/><W38/><G75/><T97/><D3/><U34/><E79/><V91/><F112/><N who="0" m="43082" /><D12/><U123/><E123/><V56/><F120/><W90/><G111/><T108/><D134/><U53/><E132/><V64/><F110/><W49/><G103/><N who="0" m="62591" /><D108/><U118/><E18/><V45/><F100/><AGARI ba="1,1" hai="78,80,85,88,89,95,97,100" m="62591,43082" machi="100" ten="30,7700,0" yaku="11,1,34,2,54,1" doraHai="135" who="0" fromWho="2" sc="508,90,128,0,45,-80,309,0" owari="598,70.0,128,-27.0,-35,-54.0,309,11.0" /></mjloggm>