<mjloggm ver="2.3"><GO type="185" lobby="0"/><UN n0="%E3%81%A0%E3%81%83" n1="%28%C2%B4%E3%81%B8%CE%B5%E3%81%B8%60%29" n2="%E5%8C%97%E5%B0%8F%E8%B7%AF%3A%E9%9A%86%E5%A4%AA" n3="" dan="16,20,16,0" rate="2139.91,2246.93,2203.76,1500.00" sx="M,M,M,C"/><TAIKYOKU oya="0"/><INIT seed="0,0,0,5,0,51" ten="350,350,350,0" oya="0" hai0="89,40,119,87,44,62,66,97,56,98,57,64,133" hai1="71,108,111,84,112,120,115,134,93,96,68,63,125" hai2="83,114,104,46,1,78,100,124,60,3,101,59,48" hai3=""/><T95/><D119/><U65/><N who="1" m="30752" /><U42/><E125/><V47/><F124/><T75/><D75/><U127/><E127/><V102/><F114/><N who="1" m="43561" /><E134/><V43/><F104/><T55/><D133/><U45/><E84/><V113/><F46/><T132/><D132/><U76/><E76/><V58/><F113/><T88/><D57/><U106/><E106/><V109/><F109/><N who="1" m="42057" /><E93/><V91/><F91/><T130/><D130/><U122/><N who="1" m="31264" /><U107/><E96/><V121/><N who="2" m="31008" /><V53/><REACH who="2" step="1"/><F58/><REACH who="2" ten="350,350,340,0" step="2"/><T49/><REACH who="0" step="1"/><D98/><REACH who="0" ten="340,350,340,0" step="2"/><U73/><E73/><AGARI ba="0,2" hai="1,3,43,47,48,53,59,60,73,78,83,100,101,102" m="31008" machi="73" ten="40,8000,1" yaku="1,1,2,1,52,2,53,0" doraHai="51" doraHaiUra="123" who="2" fromWho="1" sc="340,0,350,-80,340,100,0,0" /><INIT seed="1,0,0,2,1,126" ten="340,270,440,0" oya="1" hai0="95,75,123,47,60,100,82,33,87,121,50,57,124" hai1="56,63,66,70,116,53,38,71,51,78,97,129,108" hai2="125,89,45,122,113,127,102,109,132,120,135,44,131" hai3=""/><U118/><E78/><V117/><N who="2" m="30752" /><V73/><N who="2" m="31264" /><V133/><F117/><T58/><N who="0" m="31008" /><T93/><N who="0" m="31520" /><T55/><D124/><N who="2" m="47690" /><F113/><T115/><D75/><U72/><E72/><V74/><F109/><T101/><D115/><U34/><E34/><V114/><F114/><T41/><D33/><U43/><E97/><V65/><F45/><T61/><D100/><U107/><E107/><V119/><F119/><T49/><D101/><U106/><E106/><V130/><F102/><T84/><D49/><U91/><E91/><V80/><F65/><T92/><REACH who="0" step="1"/><D82/><REACH who="0" ten="330,270,440,0" step="2"/><U98/><E116/><V68/><F73/><T40/><D40/><U37/><E118/><V79/><F68/><T48/><D48/><U67/><E70/><V64/><F64/><AGARI ba="0,1" hai="41,47,50,55,57,58,60,61,64,84,87,92,93,95" m="31520,31008" machi="64" ten="40,8000,1" yaku="1,1,8,1,52,2,53,0" doraHai="126" doraHaiUra="77" who="0" fromWho="2" sc="330,90,270,0,440,-80,0,0" /><INIT seed="2,0,0,2,3,132" ten="420,270,360,0" oya="2" hai0="60,40,127,51,38,63,79,115,108,123,89,44,46" hai1="104,105,37,33,80,133,45,116,97,55,2,52,100" hai2="57,120,54,71,50,53,101,114,3,68,85,87,67" hai3=""/><V90/><N who="2" m="30752" /><V107/><F3/><T62/><N who="0" m="31520" /><T34/><D34/><U84/><E33/><V129/><F114/><T36/><D79/><U135/><E2/><V47/><F129/><T88/><D115/><U73/><E116/><V92/><F87/><T106/><D106/><U48/><E37/><V61/><REACH who="2" step="1"/><F67/><REACH who="2" ten="420,270,350,0" step="2"/><T130/><D130/><U65/><E65/><V43/><F43/><T75/><D75/><U78/><E73/><V56/><F56/><T110/><D108/><U94/><REACH who="1" step="1"/><E55/><REACH who="1" ten="420,260,350,0" step="2"/><V109/><F109/><T118/><D110/><U128/><E128/><V72/><F72/><T74/><D118/><U41/><E41/><V69/><F69/><T124/><D74/><U70/><E70/><V76/><F76/><T111/><D111/><U126/><E126/><V121/><N who="2" m="31008" /><V35/><F35/><T64/><D64/><U59/><E59/><V83/><F83/><T32/><D32/><U131/><E131/><V82/><F82/><T0/><D0/><U77/><E77/><V49/><F49/><T117/><D117/><U96/><E96/><AGARI ba="0,2" hai="47,50,53,54,57,61,68,71,85,90,92,96,101,107" m="31008,30752" machi="96" ten="40,7700,0" yaku="1,1,52,2,53,0" doraHai="132" doraHaiUra="125" who="2" fromWho="1" sc="420,0,260,-77,350,97,0,0" /><INIT seed="2,1,0,2,5,73" ten="420,183,447,0" oya="2" hai0="51,126,122,87,117,84,105,56,45,41,53,109,93" hai1="85,88,123,90,66,119,133,72,114,94,86,38,58" hai2="69,68,77,81,3,91,43,102,79,36,62,112,70" hai3=""/><V33/><F3/><T113/><N who="0" m="31264" /><T32/><D117/><U128/><N who="1" m="31520" /><U82/><E114/><V35/><F112/><T2/><D32/><U106/><E119/><V1/><F1/><T116/><D116/><U67/><E106/><V111/><F111/><T120/><N who="0" m="30752" /><T76/><D113/><U103/><E128/><V99/><F62/><T100/><D2/><U125/><E125/><V96/><F91/><T118/><D118/><U49/><E38/><V44/><F99/><T78/><D126/><U74/><E133/><V98/><F98/><T63/><D105/><U115/><E115/><V97/><F96/><T0/><D109/><U83/><E103/><V60/><F60/><T135/><D135/><U71/><E71/><V50/><F50/><T42/><D42/><U34/><E34/><V134/><F79/><N who="0" m="30250" /><D0/><U104/><E104/><V52/><F134/><T46/><D46/><U57/><E49/><V132/><F132/><T37/><D37/><U39/><E39/><V92/><REACH who="2" step="1"/><F52/><REACH who="2" ten="420,183,437,0" step="2"/><T80/><D63/><U131/><E90/><V89/><F89/><T110/><D110/><U64/><E88/><V124/><F124/><T55/><D53/><U130/><E66/><V47/><F47/><T101/><D55/><RYUUKYOKU ba="1,1" sc="420,-20,183,10,437,10,0,0" hai1="57,58,64,67,72,74,82,83,85,86,94,130,131" hai2="33,35,36,43,44,68,69,70,77,81,92,97,102" /><INIT seed="2,2,1,2,0,78" ten="400,193,447,0" oya="2" hai0="72,75,51,133,96,128,50,123,130,84,100,45,112" hai1="126,103,121,56,114,59,60,79,113,70,63,77,42" hai2="39,125,127,71,33,99,132,53,54,43,106,52,93" hai3=""/><V111/><F33/><T73/><N who="0" m="31520" /><T69/><D69/><U134/><N who="1" m="31008" /><U0/><E0/><V97/><F71/><T104/><D133/><U88/><E134/><V36/><F132/><T87/><D112/><U66/><E126/><N who="2" m="48139" /><F111/><T49/><REACH who="0" step="1"/><D45/><REACH who="0" ten="390,193,447,0" step="2"/><U68/><E114/><V120/><N who="2" m="30752" /><V91/><F43/><T105/><D105/><U58/><E113/><V57/><F57/><T55/><D55/><U129/><E68/><V131/><F131/><AGARI ba="2,2" hai="49,50,51,72,73,75,84,87,96,100,104,128,130,131" m="31520" machi="131" ten="50,6400,0" yaku="1,1,19,1,52,1,53,0" doraHai="78" doraHaiUra="38" who="0" fromWho="2" sc="390,88,193,0,447,-68,0,0" /><INIT seed="4,0,0,4,4,39" ten="478,193,379,0" oya="0" hai0="63,3,45,36,41,1,104,43,74,123,89,42,87" hai1="106,52,64,132,76,101,107,133,77,97,82,125,69" hai2="57,33,98,90,93,113,118,46,62,34,81,105,83" hai3=""/><T120/><N who="0" m="30752" /><T79/><N who="0" m="31520" /><T38/><D104/><U92/><E69/><V121/><N who="2" m="31008" /><V100/><F113/><T60/><D79/><U134/><E64/><V48/><F118/><T73/><D45/><U65/><E65/><V96/><F33/><T95/><D38/><U44/><E125/><V72/><F72/><T102/><D36/><U68/><E68/><V88/><F90/><T50/><D102/><U2/><E2/><V129/><F129/><T75/><REACH who="0" step="1"/><D50/><REACH who="0" ten="468,193,379,0" step="2"/><U128/><E128/><V122/><N who="2" m="31264" /><V35/><F35/><T70/><D70/><U55/><E76/><V135/><F34/><T32/><D32/><U40/><E107/><V80/><F135/><T108/><D108/><U0/><E106/><V67/><F48/><T56/><D56/><U131/><E131/><V114/><F114/><T51/><D51/><U59/><E59/><V115/><F115/><T116/><D116/><U85/><REACH who="1" step="1"/><E0/><AGARI ba="0,1" hai="0,1,3,41,42,43,60,63,73,74,75,87,89,95" m="31520,30752" machi="0" ten="50,18000,2" yaku="1,1,52,5,53,0" doraHai="39" doraHaiUra="103" who="0" fromWho="1" sc="468,190,193,-180,379,0,0,0" /><INIT seed="4,1,0,4,4,62" ten="658,13,379,0" oya="0" hai0="58,122,41,81,118,114,69,34,71,76,105,109,87" hai1="125,61,49,104,54,90,135,86,53,131,45,78,126" hai2="91,0,108,3,107,112,111,56,67,127,60,68,129" hai3=""/><T48/><N who="0" m="31264" /><T92/><D118/><U98/><E131/><V120/><N who="2" m="30752" /><V40/><F107/><T106/><D34/><U128/><E128/><V64/><F112/><T99/><D114/><U59/><E78/><V100/><F129/><T65/><D109/><U110/><E110/><V39/><F127/><N who="1" m="48649" /><E135/><V101/><F91/><T94/><D106/><U123/><N who="1" m="31520" /><U47/><E104/><V102/><F40/><T2/><D2/><U117/><E98/><V113/><F39/><T130/><D105/><U43/><E117/><V121/><N who="2" m="31008" /><V83/><F83/><T66/><D130/><U119/><E119/><V35/><F35/><T52/><D94/><U44/><E43/><V89/><F113/><T84/><D41/><U72/><E72/><V75/><F75/><T55/><D87/><U97/><E97/><V132/><F132/><T93/><D92/><AGARI ba="1,0" hai="44,45,47,49,53,54,59,61,86,90,92" m="31520,48649" machi="92" ten="30,2000,0" yaku="18,1,52,1" doraHai="62" who="1" fromWho="0" sc="658,-22,13,22,379,0,0,0" /><INIT seed="5,0,0,0,5,40" ten="636,35,379,0" oya="1" hai0="32,52,116,123,45,91,75,41,111,66,119,74,56" hai1="39,47,79,80,51,64,71,70,110,126,86,99,67" hai2="72,0,127,87,112,37,43,68,65,100,104,89,54" hai3=""/><U121/><N who="1" m="31008" /><U115/><E115/><V62/><F0/><T69/><N who="0" m="31520" /><T34/><D111/><U97/><E110/><V102/><F72/><T90/><D66/><U3/><E3/><V1/><F1/><T118/><D69/><U95/><E126/><V61/><F127/><T76/><D91/><U101/><E39/><V134/><F104/><T2/><D2/><U135/><E135/><V132/><F112/><T103/><D103/><U57/><E97/><V83/><F43/><T125/><D125/><U53/><REACH who="1" step="1"/><E67/><REACH who="1" ten="636,25,379,0" step="2"/><V59/><F37/><T50/><D34/><U88/><E88/><V130/><F134/><T48/><D32/><U113/><E113/><V106/><F132/><T92/><D76/><U44/><E44/><V128/><F102/><T122/><N who="0" m="31264" /><T84/><AGARI ba="0,1" hai="41,45,48,50,52,56,74,75,84,90,92,116,118,119" m="31264,31520" machi="84" ten="30,9000,2" yaku="4,1,0,1,12,1,52,3,54,1" doraHai="40" who="0" fromWho="0" sc="636,100,25,-60,379,-30,0,0" owari="736,69.0,-35,-64.0,349,-5.0,0,0.0" /></mjloggm>