<mjloggm ver="2.3"><GO type="169" lobby="0"/><UN n0="%E3%83%97%E3%83%AC%E3%82%B9%E3%83%97" n1="%E3%81%AE%E3%81%B3%E3%81%97%E3%82%8D%E2%99%82" n2="%E5%81%BD%E5%96%84%E8%80%85%E9%AB%98%E6%A9%8B%E3%81%BF%E3%81%AA%E3%81%BF" n3="%33%6E%6F%6D%79%5F%64%73" dan="17,16,17,17" rate="2200.52,2117.33,2194.49,2162.96" sx="M,M,F,M"/><TAIKYOKU oya="0"/><INIT seed="0,0,0,0,3,9" ten="250,250,250,250" oya="0" hai0="38,4,117,129,32,107,7,92,8,2,17,35,44" hai1="130,78,68,56,89,48,28,118,65,113,88,54,20" hai2="49,37,6,55,29,26,126,80,95,30,110,93,67" hai3="51,82,135,91,131,124,84,74,14,46,63,70,43"/><T86/><D107/><U104/><E130/><V23/><F37/><W81/><G135/><T96/><D117/><U72/><E118/><V108/><F67/><W133/><G133/><T57/><D129/><U99/><E113/><V122/><F122/><W1/><G1/><T50/><D7/><U100/><E72/><V128/><F128/><W134/><G134/><T112/><D112/><U76/><E76/><V45/><F126/><W94/><G131/><T42/><D86/><U115/><E115/><V120/><F120/><W25/><G25/><T71/><D71/><U31/><E78/><V59/><F6/><W66/><G124/><T101/><REACH who="0" step="1"/><D17/><REACH who="0" ten="240,250,250,250" step="2"/><U105/><E105/><V52/><F110/><W47/><G74/><T114/><D114/><U69/><E68/><V41/><F108/><W18/><REACH who="3" step="1"/><G47/><REACH who="3" ten="240,250,250,240" step="2"/><T3/><D3/><U75/><E75/><V79/><F30/><W111/><G111/><T125/><D125/><U61/><E28/><V62/><F29/><W11/><AGARI ba="0,2" hai="11,14,18,43,46,51,63,66,70,81,82,84,91,94" machi="11" ten="20,5200,0" yaku="1,1,0,1,7,1,52,1,53,0" doraHai="9" doraHaiUra="27" who="3" fromWho="3" sc="240,-26,250,-13,250,-13,240,72" /><INIT seed="1,0,0,4,5,25" ten="214,237,237,312" oya="1" hai0="60,125,24,115,87,43,110,6,104,1,35,97,74" hai1="36,96,79,128,98,21,123,75,86,102,13,82,50" hai2="90,132,66,68,108,95,22,107,92,81,78,116,38" hai3="58,2,114,63,17,34,32,52,61,62,40,91,14"/><U72/><E128/><V59/><F116/><W121/><G114/><T54/><D43/><U30/><E123/><V129/><F38/><W56/><G2/><T93/><D110/><U85/><E36/><V84/><F68/><W118/><G118/><T69/><D115/><U99/><E102/><V80/><F129/><W28/><G40/><T19/><D74/><U33/><E33/><V9/><F108/><W106/><G106/><T101/><D125/><U55/><E85/><V27/><F107/><W127/><G127/><T77/><D1/><U73/><E13/><V53/><F66/><W3/><G3/><T133/><D6/><U112/><E112/><V103/><F9/><W111/><G111/><T124/><D133/><U8/><E8/><V64/><F64/><W113/><G113/><T48/><D19/><U29/><REACH who="1" step="1"/><E21/><REACH who="1" ten="214,227,237,312" step="2"/><V94/><F103/><W88/><G34/><T47/><D124/><U46/><AGARI ba="0,1" hai="29,30,46,50,55,72,73,75,79,82,86,96,98,99" machi="46" ten="40,12000,1" yaku="1,1,2,1,0,1,52,2,53,0" doraHai="25" doraHaiUra="131" who="1" fromWho="1" sc="214,-40,227,130,237,-40,312,-40" /><INIT seed="1,1,0,1,2,9" ten="174,357,197,272" oya="1" hai0="66,24,5,43,52,97,101,95,40,67,135,116,69" hai1="124,50,82,12,126,55,111,122,81,118,92,26,28" hai2="123,109,49,35,93,7,8,133,91,57,61,46,107" hai3="29,0,90,16,20,17,22,65,10,98,83,58,72"/><U105/><E122/><V130/><F123/><W80/><G72/><T127/><D116/><U128/><E118/><V94/><F107/><W120/><G120/><T131/><D131/><U113/><E113/><V73/><F35/><W134/><G134/><T33/><D127/><U108/><E105/><V14/><F73/><W129/><G129/><T79/><D135/><U63/><E128/><V51/><F130/><W86/><G29/><T71/><D79/><U64/><E92/><V117/><F133/><W76/><G0/><T75/><D75/><U37/><E37/><V99/><F109/><N who="1" m="42057" /><E12/><V87/><F46/><W48/><G10/><T119/><D119/><U32/><E50/><V88/><F117/><W6/><G6/><T112/><D5/><U84/><E55/><AGARI ba="1,0" hai="7,8,14,49,51,55,57,61,87,88,91,93,94,99" machi="55" ten="30,7700,0" yaku="7,1,8,1,52,1,54,1" doraHai="9" who="2" fromWho="1" sc="174,0,357,-80,197,80,272,0" /><INIT seed="2,0,0,5,1,47" ten="174,277,277,272" oya="2" hai0="1,41,90,39,57,85,74,95,22,87,6,112,104" hai1="31,50,61,14,107,37,92,2,48,53,15,45,67" hai2="128,129,86,29,79,55,59,131,81,9,65,125,96" hai3="70,56,46,93,30,69,12,110,52,63,111,73,98"/><V4/><F125/><W114/><G73/><T126/><D112/><U11/><E107/><V84/><F29/><W123/><G123/><T99/><D126/><U25/><E2/><V117/><F65/><W103/><G114/><T33/><D33/><U68/><E37/><V76/><F96/><W49/><G12/><T71/><D71/><U72/><E72/><V116/><F84/><W88/><G30/><T38/><D74/><U27/><E92/><V60/><REACH who="2" step="1"/><F76/><REACH who="2" ten="174,277,267,272" step="2"/><W26/><G26/><T118/><D85/><U135/><E27/><V102/><F102/><W105/><G69/><T89/><D87/><U133/><E25/><V134/><F134/><W62/><G70/><T8/><D99/><U122/><E31/><V13/><AGARI ba="0,1" hai="4,9,13,55,59,60,79,81,86,116,117,128,129,131" machi="13" ten="30,18000,2" yaku="1,1,0,1,19,1,53,3" doraHai="47" doraHaiUra="127" who="2" fromWho="2" sc="174,-60,277,-60,267,190,272,-60" /><INIT seed="2,1,0,2,2,1" ten="114,217,457,212" oya="2" hai0="57,42,74,77,9,107,115,129,95,11,61,131,38" hai1="111,18,53,116,50,48,135,34,31,85,84,102,54" hai2="97,58,19,20,7,16,93,17,71,119,75,96,79" hai3="55,117,69,12,113,8,32,98,60,10,64,123,27"/><V78/><F71/><W37/><G37/><T24/><D115/><U49/><E111/><V43/><F119/><W125/><G123/><T81/><D107/><U29/><E135/><V3/><F43/><W51/><G125/><T33/><D95/><U52/><E116/><V67/><F75/><W99/><G113/><T6/><D11/><U56/><E102/><V82/><F82/><W76/><G76/><N who="2" m="29225" /><F3/><W100/><G117/><T23/><D33/><U128/><E128/><V45/><F45/><W66/><G66/><T89/><D89/><U134/><E134/><V65/><F7/><W109/><G109/><T126/><D126/><U14/><E56/><V106/><F106/><W72/><G72/><T83/><D81/><U68/><E68/><V87/><F20/><W91/><G91/><T30/><D42/><U124/><E124/><V62/><F67/><W110/><G110/><T122/><D38/><U2/><E2/><V103/><F87/><W114/><G114/><T130/><D122/><U121/><E121/><V63/><F62/><W86/><G86/><N who="1" m="33386" /><E34/><V40/><F40/><W15/><G98/><AGARI ba="1,0" hai="16,17,19,58,63,65,93,96,97,98,103" m="29225" machi="98" ten="30,2900,0" yaku="8,1,54,1" doraHai="1" who="2" fromWho="3" sc="114,0,217,0,457,32,212,-32" /><INIT seed="2,2,0,3,2,41" ten="114,217,489,180" oya="2" hai0="131,59,97,78,121,9,38,80,19,35,29,17,95" hai1="23,77,105,27,62,16,128,37,4,116,30,6,81" hai2="115,2,73,122,112,33,102,82,32,11,72,61,103" hai3="31,83,39,75,12,86,93,68,55,108,8,0,124"/><V118/><F61/><W66/><G0/><T114/><D114/><U15/><E128/><V70/><F70/><W52/><G75/><T79/><D131/><U91/><E116/><V24/><F82/><W22/><G39/><T50/><D38/><U54/><E105/><V129/><F129/><W7/><G108/><T85/><D121/><U5/><E37/><V100/><F24/><W40/><G40/><T64/><D35/><N who="2" m="13386" /><F11/><W3/><G93/><T117/><D29/><U25/><E91/><V113/><F2/><W67/><G124/><T42/><D117/><U63/><E54/><N who="3" m="20522" /><G68/><T104/><D104/><U43/><E43/><V65/><F65/><N who="3" m="24587" /><G3/><T90/><D78/><U49/><E49/><V119/><F122/><W69/><G69/><T120/><D120/><U96/><E96/><V132/><F119/><W57/><G57/><T101/><D79/><U123/><E123/><V94/><F94/><W107/><G107/><T14/><D64/><U133/><E133/><V26/><F118/><W48/><G48/><T60/><D60/><U20/><REACH who="1" step="1"/><E27/><REACH who="1" ten="114,207,489,180" step="2"/><V47/><F26/><N who="3" m="16855" /><G83/><T135/><D42/><U18/><E18/><V89/><F132/><W84/><AGARI ba="2,1" hai="7,8,12,84,86" m="16855,24587,20522" machi="84" ten="30,2000,0" yaku="8,1,54,1" doraHai="41" who="3" fromWho="3" sc="114,-7,207,-7,489,-12,180,36" /><INIT seed="3,0,0,1,0,48" ten="107,200,477,216" oya="3" hai0="26,88,13,91,52,79,38,30,78,82,75,59,98" hai1="92,2,4,120,34,35,102,50,108,110,126,51,67" hai2="116,46,87,31,64,3,33,15,1,134,118,99,68" hai3="19,47,5,119,135,6,122,21,27,94,54,17,124"/><W43/><G122/><T28/><D38/><U85/><E120/><V72/><F87/><W80/><G135/><T55/><D75/><U130/><E130/><V107/><F15/><W123/><G123/><T131/><D131/><U106/><E106/><V36/><F134/><W20/><G124/><T109/><D109/><N who="1" m="42091" /><E126/><V11/><F72/><W113/><G113/><T44/><D13/><U32/><E67/><V105/><F46/><W83/><G119/><T114/><D114/><U8/><E102/><N who="2" m="62687" /><F36/><W121/><G121/><T133/><D133/><U129/><E129/><V71/><F107/><W16/><G94/><N who="0" m="56671" /><D44/><U7/><E4/><N who="3" m="1642" /><G43/><T0/><D0/><U70/><E70/><V63/><F68/><W112/><G112/><T62/><D55/><U61/><E61/><V24/><F11/><W25/><G19/><T40/><D40/><U69/><E69/><V9/><F9/><W65/><G65/><T23/><D30/><U76/><E92/><V57/><F57/><W42/><G42/><T56/><D56/><U132/><E132/><V95/><F95/><W22/><G22/><T53/><D53/><U39/><E39/><V127/><F127/><W14/><G14/><T73/><D73/><U111/><N who="1" m="42099" /><U58/><DORA hai="41" /><E58/><V89/><F1/><W115/><G115/><T74/><D74/><U60/><E60/><V103/><F3/><W81/><G81/><AGARI ba="0,0" hai="2,7,8,32,34,35,50,51,76,81,85" m="42099" machi="81" ten="50,1600,0" yaku="14,1" doraHai="48,41" who="1" fromWho="3" sc="107,0,200,16,477,0,216,-16" /><INIT seed="4,0,0,0,5,115" ten="107,216,477,200" oya="0" hai0="63,118,31,121,113,0,125,107,26,7,29,9,46" hai1="88,42,35,19,124,76,10,4,68,112,28,6,102" hai2="78,87,48,16,73,12,131,85,23,41,101,51,2" hai3="77,134,135,1,3,79,86,57,114,13,108,17,24"/><T33/><D107/><U56/><E68/><V105/><F2/><W132/><G108/><T84/><D118/><U65/><E4/><V106/><F73/><W59/><G24/><T69/><D121/><U60/><E19/><V127/><F127/><W67/><G114/><T126/><D46/><U36/><E112/><V122/><F131/><W66/><G86/><T75/><D113/><U40/><E124/><N who="0" m="47721" /><D75/><U20/><E35/><V11/><F101/><W25/><G25/><N who="0" m="18671" /><D84/><U94/><E36/><V97/><F106/><W14/><G134/><T21/><D63/><U27/><E76/><V30/><F78/><W39/><G17/><N who="0" m="12591" /><D69/><U49/><E49/><V53/><F97/><W116/><G39/><T96/><D96/><N who="1" m="59671" /><E88/><V93/><F105/><W117/><AGARI ba="0,0" hai="1,3,13,14,57,59,66,67,77,79,116,117,132,135" machi="117" ten="25,8000,1" yaku="0,1,22,2,52,2" doraHai="115" who="3" fromWho="3" sc="107,-40,216,-20,477,-20,200,80" /><INIT seed="5,0,0,5,0,6" ten="67,196,457,280" oya="1" hai0="119,50,75,39,133,131,69,77,106,46,89,62,21" hai1="124,35,98,57,4,102,27,95,105,109,38,13,72" hai2="114,20,7,96,28,24,15,9,88,118,76,12,79" hai3="71,135,43,99,87,128,90,40,48,68,65,78,70"/><U47/><E124/><V115/><F118/><W36/><G78/><T22/><D119/><U66/><E109/><V86/><F96/><W45/><G99/><T113/><D106/><U103/><E72/><V29/><F29/><W101/><G101/><T19/><D113/><N who="2" m="43018" /><F12/><W1/><G1/><T41/><D131/><U53/><E66/><V0/><F15/><W108/><G108/><T126/><D133/><U82/><E82/><AGARI ba="0,0" hai="0,7,9,20,24,28,76,79,82,86,88" m="43018" machi="82" ten="30,7700,0" yaku="15,1,11,1,52,1,54,1" doraHai="6" who="2" fromWho="1" sc="67,0,196,-77,457,77,280,0" /><INIT seed="6,0,0,4,2,9" ten="67,119,534,280" oya="2" hai0="70,75,29,120,31,12,30,77,68,57,62,14,39" hai1="22,42,108,119,55,93,122,2,20,104,91,83,17" hai2="58,38,129,116,127,4,114,37,109,103,15,40,101" hai3="6,50,64,35,47,0,135,95,81,88,66,23,110"/><V92/><F92/><W87/><G35/><T76/><D120/><U49/><E108/><V100/><F116/><W27/><G135/><T90/><D39/><U61/><E119/><V54/><F109/><W115/><G115/><T53/><D90/><U44/><E104/><V125/><F114/><W24/><G110/><T126/><D126/><N who="2" m="48138" /><F40/><W121/><G121/><T134/><D134/><U28/><E2/><V102/><F102/><W3/><G3/><T1/><D1/><U96/><E122/><V84/><F84/><W128/><G128/><T16/><D75/><U72/><E28/><V59/><F59/><W19/><G27/><T26/><D70/><U89/><E22/><V73/><F73/><W107/><G107/><T56/><D68/><U8/><E8/><N who="2" m="4487" /><F129/><W67/><G81/><T21/><D56/><U18/><E72/><V51/><AGARI ba="0,0" hai="37,38,51,54,58,100,101,103" m="4487,48138" machi="51" ten="30,3000,0" yaku="18,1,52,1" doraHai="9" who="2" fromWho="2" sc="67,-10,119,-10,534,30,280,-10" /><INIT seed="6,1,0,2,1,23" ten="57,109,564,270" oya="2" hai0="8,28,65,126,118,91,116,49,80,105,68,36,3" hai1="31,52,35,51,18,115,110,135,74,95,66,90,24" hai2="55,42,14,11,39,109,5,67,125,72,88,37,122" hai3="69,63,78,84,56,93,129,1,114,97,124,127,107"/><V87/><F122/><W46/><G1/><T13/><D36/><U121/><E110/><V0/><F72/><W21/><G69/><T22/><D126/><U10/><E74/><V134/><F125/><W117/><G117/><T92/><D105/><U25/><E115/><V54/><F134/><W73/><G129/><T2/><D68/><U96/><E135/><V103/><F103/><W113/><G46/><T76/><D65/><U45/><E121/><V89/><F67/><W32/><G32/><T26/><D49/><U70/><E70/><V48/><F42/><W100/><G21/><T38/><D38/><U59/><E35/><V128/><F128/><W6/><G6/><T99/><D116/><U98/><E31/><V61/><F89/><N who="3" m="53415" /><G56/><T123/><D123/><U53/><E66/><V77/><F0/><W15/><G15/><T40/><D40/><U85/><E10/><V119/><F119/><W71/><G63/><T57/><D57/><U120/><E18/><V4/><F4/><W108/><G108/><T7/><REACH who="0" step="1"/><D118/><REACH who="0" ten="47,109,564,270" step="2"/><U17/><E120/><V111/><F111/><W20/><G71/><T33/><D33/><U58/><E58/><N who="2" m="35039" /><F37/><W83/><G127/><T101/><D101/><U64/><E64/><V81/><F39/><W75/><G124/><T79/><D79/><U27/><E59/><N who="2" m="33223" /><F109/><W34/><G34/><T44/><D44/><U106/><E53/><V47/><F77/><W104/><G107/><T29/><D29/><U62/><E106/><V60/><F47/><W102/><G104/><T131/><D131/><U130/><E130/><V16/><F60/><RYUUKYOKU ba="1,1" sc="47,15,109,-15,564,15,270,-15" hai0="2,3,7,8,13,22,26,28,76,80,91,92,99" hai2="5,11,14,16,81,87,88" /><INIT seed="6,2,1,0,2,54" ten="62,94,579,255" oya="2" hai0="119,86,69,109,36,94,126,84,19,40,7,21,92" hai1="134,25,90,44,113,16,127,56,87,89,71,0,105" hai2="101,38,99,112,1,23,11,58,75,77,35,55,121" hai3="120,29,130,26,4,22,30,24,96,3,8,50,135"/><V60/><F121/><W61/><G120/><T59/><D109/><U118/><E118/><V12/><F35/><W42/><G130/><T83/><D69/><U57/><E71/><V28/><F38/><W133/><G96/><T53/><D126/><U78/><E0/><V34/><F112/><W37/><G37/><T66/><D119/><U31/><E105/><V98/><F75/><W125/><G125/><T132/><D132/><N who="3" m="50761" /><G61/><N who="0" m="38207" /><D36/><U18/><E134/><V20/><F77/><W95/><G95/><N who="0" m="36395" /><D40/><U67/><E127/><V65/><F1/><W129/><G129/><T108/><D108/><U68/><E113/><V6/><F98/><W102/><G102/><T52/><D7/><U33/><E68/><V103/><F103/><W106/><G106/><T14/><D86/><U46/><E78/><AGARI ba="2,1" hai="14,19,21,52,53,78,83,84" m="36395,38207" machi="78" ten="30,3900,0" yaku="8,1,52,1,54,1" doraHai="54" who="0" fromWho="1" sc="62,55,94,-45,579,0,255,0" /><INIT seed="7,0,0,3,3,22" ten="117,49,579,255" oya="3" hai0="39,8,85,68,19,122,12,44,131,31,128,9,37" hai1="109,60,42,23,65,124,127,71,59,47,6,90,3" hai2="61,120,1,30,2,133,130,77,135,74,15,75,57" hai3="10,13,79,94,105,58,92,49,118,114,134,16,7"/><W99/><G114/><T35/><D122/><U18/><E109/><V55/><F120/><W116/><G134/><T126/><D68/><U106/><E106/><V82/><F130/><N who="0" m="49706" /><D126/><U20/><E20/><V14/><F75/><W52/><G79/><T97/><D97/><U93/><E3/><N who="2" m="1035" /><F30/><W73/><G73/><T66/><D66/><U110/><E110/><V40/><F40/><W34/><G34/><T103/><D103/><U5/><E71/><V108/><F108/><W64/><G64/><T56/><D56/><U111/><E111/><V78/><F78/><W50/><G105/><T91/><D44/><U46/><E46/><V104/><F104/><W117/><G50/><T4/><D31/><U96/><E127/><V0/><F0/><W51/><G49/><T45/><D45/><U26/><REACH who="1" step="1"/><E124/><REACH who="1" ten="117,39,579,255" step="2"/><V38/><F38/><AGARI ba="0,1" hai="5,6,18,23,26,38,42,47,59,60,65,90,93,96" machi="38" ten="30,8000,1" yaku="1,1,2,1,7,1,52,1,53,1" doraHai="22" doraHaiUra="53" who="1" fromWho="2" sc="117,0,39,90,579,-80,255,0" owari="117,-38.0,129,-27.0,499,59.0,255,6.0" /></mjloggm>