<mjloggm ver="2.3"><GO type="169" lobby="0"/><UN n0="%E5%91%AA%E3%81%84%E3%81%AE%E5%A1%8A" n1="%E7%9F%9B%E7%9B%BE" n2="%E8%A3%8F%E3%83%89%E3%83%A9%E3%81%AF%E6%81%8B%E4%BA%BA" n3="%40%6B%6B%6B" dan="17,16,16,16" rate="2112.93,2076.16,2127.92,2137.41" sx="M,M,F,M"/><TAIKYOKU oya="0"/><INIT seed="0,0,0,5,1,23" ten="250,250,250,250" oya="0" hai0="103,20,76,42,108,107,112,39,9,80,52,79,75" hai1="66,26,37,64,118,44,115,8,29,95,54,62,114" hai2="48,30,97,128,28,0,17,125,127,1,84,33,3" hai3="123,134,22,68,53,82,6,133,94,60,117,36,49"/><T73/><D112/><N who="1" m="43051" /><E118/><V90/><F97/><W92/><G117/><T135/><D135/><U86/><E8/><V83/><F128/><W102/><G6/><T77/><D107/><U4/><E4/><V19/><F48/><W63/><G36/><T124/><D103/><U46/><E37/><V65/><F65/><N who="1" m="25193" /><E62/><V70/><F70/><W10/><G82/><T2/><D124/><N who="2" m="47690" /><F30/><W56/><G10/><T105/><D105/><U55/><E95/><V113/><F113/><W131/><G94/><T59/><D73/><U120/><E86/><V41/><F33/><W47/><G123/><T24/><D108/><U5/><E5/><V15/><F28/><W40/><G131/><T89/><D9/><U93/><E93/><V13/><F17/><W132/><G68/><T14/><D2/><U38/><E120/><V126/><F126/><W57/><G92/><T69/><D69/><U32/><E46/><V74/><F74/><W109/><G102/><T122/><D122/><U71/><E71/><V110/><F0/><W31/><G109/><T61/><D75/><U58/><E58/><V100/><F110/><W50/><REACH who="3" step="1"/><G57/><REACH who="3" ten="250,250,250,240" step="2"/><N who="0" m="34983" /><D80/><U78/><E78/><V16/><F100/><W67/><G67/><T25/><D59/><U12/><E12/><V98/><F13/><W21/><G21/><T129/><D129/><U27/><E27/><AGARI ba="0,1" hai="22,27,31,40,47,49,50,53,56,60,63,132,133,134" machi="27" ten="40,5200,0" yaku="1,1,20,1,52,1,53,0" doraHai="23" doraHaiUra="88" who="3" fromWho="1" sc="250,0,250,-52,250,0,240,62" /><INIT seed="1,0,0,2,0,37" ten="250,198,250,302" oya="1" hai0="28,32,50,81,26,127,3,78,100,117,42,63,89" hai1="58,29,131,109,90,104,53,95,99,36,14,65,51" hai2="0,86,105,73,74,52,33,94,56,30,79,43,1" hai3="7,75,80,57,122,61,66,68,25,72,129,120,64"/><U98/><E131/><V87/><F105/><W67/><G7/><T135/><D117/><U132/><E132/><V118/><F118/><W6/><G6/><T10/><D135/><U70/><E36/><V47/><F33/><W119/><G129/><T38/><D100/><U16/><E29/><V91/><F30/><W85/><G119/><T133/><D133/><U121/><E109/><V34/><F34/><W134/><G134/><T113/><D50/><U82/><E82/><V77/><F74/><W92/><G92/><T88/><D113/><U24/><E24/><V83/><F77/><W76/><G25/><T103/><D103/><U126/><E126/><V40/><F73/><W125/><G125/><T102/><D102/><U128/><E128/><V101/><F101/><W97/><G97/><T114/><D63/><U11/><E121/><V13/><F13/><W62/><G67/><T71/><D71/><U27/><E27/><V55/><F1/><W111/><G111/><T54/><D54/><U17/><E104/><V123/><F0/><W59/><G68/><T116/><D114/><U130/><E130/><V96/><F96/><W23/><G23/><T31/><D31/><U9/><E99/><V39/><F123/><AGARI ba="0,0" hai="57,59,61,62,64,66,72,75,76,80,85,120,122,123" machi="123" ten="40,1300,0" yaku="9,1" doraHai="37" who="3" fromWho="2" sc="250,0,198,0,250,-13,302,13" /><INIT seed="2,0,0,4,0,88" ten="250,198,237,315" oya="2" hai0="128,132,130,83,117,99,53,70,14,125,18,32,107" hai1="35,5,98,133,77,120,103,63,67,52,85,124,65" hai2="110,46,96,12,29,81,68,94,43,55,64,42,49" hai3="78,4,10,100,114,11,1,9,93,15,135,75,92"/><V3/><F3/><W61/><G135/><T37/><D132/><U19/><E124/><V25/><F110/><W116/><G116/><T8/><D125/><U97/><E120/><V129/><F129/><N who="0" m="49770" /><D32/><U16/><E35/><V86/><F68/><W106/><G114/><T73/><D70/><U20/><E5/><V23/><F64/><N who="1" m="24649" /><E133/><V72/><F72/><W115/><G115/><T89/><D37/><U28/><E28/><V80/><F12/><W112/><G112/><T134/><D134/><U36/><E36/><V87/><F87/><W62/><G106/><T31/><D31/><U41/><E41/><V33/><F33/><W50/><G100/><N who="0" m="62879" /><D53/><U69/><E69/><V123/><F123/><W57/><G50/><T79/><D89/><U45/><E19/><V58/><F86/><W66/><G62/><T101/><D101/><U34/><E34/><V108/><F43/><W2/><G2/><T38/><D38/><U60/><E85/><V84/><F84/><W71/><G71/><T7/><D117/><U104/><E104/><V6/><F6/><AGARI ba="0,0" hai="6,7,8,14,18,73,79,83" m="62879,49770" machi="6" ten="30,1000,0" yaku="19,1" doraHai="88" who="0" fromWho="2" sc="250,10,198,0,237,-10,315,0" /><INIT seed="3,0,0,1,4,108" ten="260,198,227,315" oya="3" hai0="64,53,58,14,66,2,52,32,55,10,123,61,82" hai1="76,23,37,133,41,89,62,51,44,31,98,100,99" hai2="92,19,16,117,120,81,121,25,107,38,36,47,106" hai3="29,24,4,101,3,60,110,131,134,87,22,73,126"/><W109/><G73/><T72/><D123/><N who="2" m="47178" /><F117/><W27/><G101/><T57/><D32/><U115/><E133/><V7/><F7/><W103/><G103/><T97/><D2/><U96/><E76/><V90/><F81/><W34/><G87/><T111/><D111/><N who="3" m="42505" /><G60/><T93/><D82/><U33/><E33/><V13/><F25/><W21/><G134/><T15/><D72/><U18/><E31/><V128/><F128/><W79/><G79/><T45/><D45/><U5/><E5/><V118/><F118/><W83/><G83/><T114/><D10/><U80/><E100/><V40/><F36/><W75/><G75/><T119/><D119/><U125/><E125/><V77/><F77/><W11/><G126/><T0/><D0/><U127/><E127/><V102/><F19/><N who="3" m="12383" /><G131/><T8/><D8/><U130/><E130/><V17/><F102/><W122/><G122/><T116/><D116/><U129/><E129/><V43/><F43/><W59/><G59/><T88/><D114/><U84/><E62/><AGARI ba="0,0" hai="14,15,52,53,55,57,58,61,62,64,66,88,93,97" machi="62" ten="40,8000,1" yaku="9,1,8,1,54,2" doraHai="108" who="0" fromWho="1" sc="260,80,198,-80,227,0,315,0" /><INIT seed="4,0,0,3,1,12" ten="340,118,227,315" oya="0" hai0="19,65,31,29,95,70,57,54,91,55,129,40,24" hai1="15,10,66,13,14,109,103,43,93,61,88,125,21" hai2="106,80,77,36,49,25,46,20,107,83,22,78,73" hai3="8,92,97,76,59,45,114,52,63,60,86,16,64"/><T99/><D129/><U75/><E125/><V32/><F36/><W9/><G114/><T62/><D40/><U50/><E109/><V90/><F32/><W87/><G76/><T135/><D135/><U33/><E33/><V98/><F90/><W11/><G45/><T117/><D117/><U94/><E75/><V71/><F71/><W30/><G30/><T7/><D7/><U85/><E21/><V56/><F56/><W124/><G124/><T102/><D102/><U101/><E94/><V132/><F98/><W112/><G112/><T133/><D133/><U5/><E103/><V41/><F20/><W119/><G119/><T42/><D42/><U113/><E101/><V3/><F3/><W51/><G63/><N who="0" m="36279" /><D55/><U84/><E84/><V116/><F132/><W79/><G79/><T127/><D127/><U122/><E122/><V111/><F111/><W118/><G118/><T6/><D6/><U128/><E128/><V2/><F2/><W69/><REACH who="3" step="1"/><G16/><REACH who="3" ten="340,118,227,305" step="2"/><T134/><D134/><U120/><E120/><V1/><F116/><W108/><G108/><T89/><D89/><AGARI ba="0,1" hai="8,9,11,51,52,59,60,64,69,86,87,89,92,97" machi="89" ten="40,5200,0" yaku="1,1,54,1,53,1" doraHai="12" doraHaiUra="47" who="3" fromWho="0" sc="340,-52,118,0,227,0,305,62" /><INIT seed="5,0,0,5,1,85" ten="288,118,227,367" oya="1" hai0="25,128,53,34,1,14,109,112,110,35,32,4,131" hai1="98,57,83,7,118,126,17,108,87,70,133,29,28" hai2="80,78,95,76,89,96,94,5,44,40,18,46,55" hai3="20,111,129,68,21,66,122,58,102,49,61,12,45"/><U54/><E118/><V10/><F18/><W113/><G122/><T71/><D71/><U84/><E133/><V75/><F78/><W39/><G102/><T127/><D53/><U48/><E126/><V135/><F135/><W6/><G113/><T43/><D43/><U82/><E70/><V36/><F46/><W104/><G104/><T23/><D127/><U50/><E7/><V27/><F55/><N who="3" m="32111" /><G111/><T42/><D42/><U99/><E54/><V13/><F27/><W134/><G129/><N who="0" m="49739" /><D1/><U100/><E17/><V90/><REACH who="2" step="1"/><F95/><REACH who="2" ten="288,118,217,367" step="2"/><W30/><G134/><T73/><D112/><U62/><E108/><V74/><F74/><W132/><G132/><T9/><D73/><U67/><E28/><AGARI ba="0,1" hai="4,9,14,23,25,28,32,34,35,109,110" m="49739" machi="28" ten="40,5200,0" yaku="19,1,34,2" doraHai="85" who="0" fromWho="1" sc="288,62,118,-52,217,0,367,0" /><INIT seed="6,0,0,3,3,23" ten="350,66,217,367" oya="2" hai0="18,115,104,126,37,74,131,57,105,10,63,70,71" hai1="2,82,120,41,34,97,48,5,75,121,27,91,31" hai2="13,60,106,40,117,78,87,77,79,58,113,4,90" hai3="44,3,26,7,1,51,76,107,125,15,43,93,17"/><V50/><F117/><W130/><G107/><T65/><D74/><U108/><E108/><V45/><F106/><W86/><G130/><T102/><D104/><U39/><E48/><V42/><F113/><W72/><G72/><T103/><D37/><U32/><E91/><V73/><F73/><W16/><G125/><T30/><D126/><U99/><E97/><V67/><F40/><W20/><G7/><T88/><D131/><U83/><E99/><V61/><F61/><W101/><G101/><T14/><D115/><U9/><E83/><V69/><F69/><W59/><G59/><T96/><D102/><U35/><E120/><V110/><F110/><W11/><REACH who="3" step="1"/><G76/><REACH who="3" ten="350,66,217,357" step="2"/><T68/><D88/><AGARI ba="0,1" hai="1,3,11,15,16,17,20,26,43,44,51,86,88,93" machi="88" ten="40,8000,1" yaku="1,1,2,1,52,1,54,2,53,0" doraHai="23" doraHaiUra="28" who="3" fromWho="0" sc="350,-80,66,0,217,0,357,90" /><INIT seed="7,0,0,2,0,100" ten="270,66,217,447" oya="3" hai0="83,102,86,132,125,95,116,65,108,43,13,135,104" hai1="107,59,133,46,90,72,103,20,97,81,4,61,105" hai2="101,64,114,113,70,38,1,17,60,121,15,3,9" hai3="33,5,10,80,55,84,93,8,63,53,12,50,30"/><W40/><G40/><T78/><D108/><U18/><E133/><N who="0" m="51273" /><D116/><U21/><E4/><V123/><F38/><W129/><G129/><T119/><D119/><U134/><E134/><V42/><F42/><W118/><G93/><T62/><D43/><U47/><E21/><V0/><REACH who="2" step="1"/><F101/><REACH who="2" ten="270,66,207,447" step="2"/><W79/><G118/><T69/><D125/><U111/><E111/><V98/><F98/><W39/><G39/><T7/><D104/><U51/><E97/><V24/><F24/><W122/><G122/><AGARI ba="0,1" hai="0,1,3,9,15,17,60,64,70,113,114,121,122,123" machi="122" ten="50,3200,0" yaku="1,1,13,1,53,0" doraHai="100" doraHaiUra="89" who="2" fromWho="3" sc="270,0,66,0,207,42,447,-32" owari="270,7.0,66,-43.0,249,-15.0,415,51.0" /></mjloggm>