<mjloggm ver="2.3"><GO type="185" lobby="0"/><UN n0="%E3%81%A0%E3%81%83" n1="%62%75%73%79" n2="%E9%BA%BB%E7%94%9F%E9%9B%80%E5%AD%90" n3="" dan="16,16,16,0" rate="2186.56,2052.04,2144.63,1500.00" sx="M,M,F,C"/><TAIKYOKU oya="0"/><INIT seed="0,0,0,5,4,39" ten="350,350,350,0" oya="0" hai0="58,116,125,59,133,43,107,103,96,100,81,121,77" hai1="57,75,42,118,72,122,65,47,70,74,97,0,38" hai2="85,119,32,35,98,60,104,95,88,87,53,76,69" hai3=""/><T66/><N who="0" m="31008" /><T63/><D116/><U135/><N who="1" m="31264" /><U102/><E135/><V110/><F119/><T48/><D133/><U113/><E113/><V114/><F114/><T55/><D125/><U3/><E118/><V62/><F104/><T50/><D103/><U33/><E33/><V67/><F110/><T127/><D127/><U89/><E89/><V82/><F62/><T34/><D34/><U120/><N who="1" m="30752" /><U41/><E57/><V134/><F134/><T84/><D43/><U44/><E65/><V99/><F99/><T1/><D1/><U112/><E70/><V111/><F111/><T79/><D50/><U80/><E80/><V64/><F64/><T91/><AGARI ba="0,0" hai="48,55,58,59,63,66,77,79,81,84,91,96,100,107" m="31008" machi="91" ten="20,2600,0" yaku="0,1,7,1,52,1" doraHai="39" who="0" fromWho="0" sc="350,26,350,-13,350,-13,0,0" /><INIT seed="0,1,0,2,2,102" ten="376,337,337,0" oya="0" hai0="131,97,50,32,108,83,42,109,85,127,53,44,73" hai1="52,118,80,88,86,96,112,115,113,114,134,81,122" hai2="106,79,43,126,68,76,94,100,84,124,123,33,75" hai3=""/><T39/><D73/><U107/><N who="1" m="31264" /><U91/><E118/><V116/><N who="2" m="31520" /><V0/><F0/><T93/><D32/><U37/><E37/><V120/><N who="2" m="30752" /><V54/><F33/><T101/><D131/><U128/><E128/><V132/><F116/><T105/><D127/><N who="2" m="48682" /><F68/><T3/><D3/><U110/><E110/><N who="0" m="42601" /><D39/><U36/><E36/><V51/><F43/><T66/><D66/><U125/><E125/><V95/><F75/><T2/><D2/><U92/><E134/><V57/><F132/><T65/><D65/><U104/><N who="1" m="28672" /><DORA hai="89" /><U133/><E133/><V40/><F40/><T56/><D42/><U38/><E38/><V59/><F59/><T64/><D64/><U130/><E130/><V117/><F117/><T129/><D129/><U61/><E81/><V119/><F119/><T71/><D71/><U55/><REACH who="1" step="1"/><E61/><REACH who="1" ten="376,327,337,0" step="2"/><V78/><F84/><T1/><D1/><U62/><E62/><V74/><F74/><T99/><D83/><U69/><E69/><V103/><F103/><T90/><D85/><U63/><E63/><V49/><F49/><T47/><AGARI ba="1,1" hai="44,47,50,53,56,90,93,97,99,101,105" m="42601" machi="47" ten="30,7800,0" yaku="14,1,10,1,52,2" doraHai="102,89" who="0" fromWho="0" sc="376,90,327,-40,337,-40,0,0" /><INIT seed="0,2,0,1,3,93" ten="466,287,297,0" oya="0" hai0="64,112,99,74,123,118,70,83,49,88,127,78,115" hai1="95,94,35,54,86,80,55,107,116,113,60,58,36" hai2="56,59,44,119,129,32,120,51,125,98,81,40,76" hai3=""/><T106/><N who="0" m="31520" /><T100/><D118/><U84/><E116/><V0/><N who="2" m="30752" /><V45/><F119/><T110/><D70/><U109/><E109/><V67/><F32/><T90/><D64/><U41/><E113/><N who="0" m="43593" /><D49/><U47/><E107/><V103/><F0/><T134/><D134/><U101/><E35/><V117/><F117/><T63/><D63/><U77/><E101/><V79/><F79/><T50/><D50/><U133/><E133/><V37/><F125/><T71/><D71/><U42/><E42/><V66/><F129/><T33/><D33/><U62/><E86/><V3/><F3/><T135/><D135/><U1/><E1/><V131/><F131/><T130/><D130/><U91/><E77/><V122/><N who="2" m="31264" /><V111/><F111/><T85/><D127/><U73/><E73/><V75/><F67/><T124/><D124/><U97/><E97/><V52/><F66/><T46/><D46/><U39/><E39/><V43/><F43/><T104/><D110/><U92/><E80/><V82/><F82/><T105/><D74/><U48/><E60/><V34/><F34/><T102/><D106/><AGARI ba="2,0" hai="37,40,44,45,51,52,56,59,75,76,81,98,103,106" m="31264,30752" machi="106" ten="30,8000,1" yaku="7,1,52,3,54,1" doraHai="93" who="2" fromWho="0" sc="466,-84,287,0,297,84,0,0" /><INIT seed="1,0,0,0,1,76" ten="382,287,381,0" oya="1" hai0="88,118,63,126,93,55,122,33,135,107,98,103,40" hai1="69,43,100,108,37,68,49,89,35,61,104,111,53" hai2="99,56,74,71,34,116,70,66,84,3,48,124,134" hai3=""/><U73/><E73/><V123/><N who="2" m="31520" /><V36/><F36/><T128/><N who="0" m="31264" /><T81/><D128/><U79/><E35/><V110/><F74/><T59/><D33/><U113/><E79/><V82/><F116/><T91/><D118/><U87/><E113/><V109/><F3/><T72/><D135/><U75/><E75/><V54/><F134/><T95/><D126/><U112/><E112/><V60/><F124/><T132/><D132/><U127/><E127/><V130/><F99/><T90/><D40/><U58/><E100/><V39/><F39/><T41/><D41/><U101/><E101/><V50/><F130/><T51/><D72/><U129/><E104/><V105/><F105/><T120/><N who="0" m="30752" /><T131/><D131/><U94/><E129/><V42/><F34/><T119/><D119/><U65/><REACH who="1" step="1"/><E68/><REACH who="1" ten="382,277,381,0" step="2"/><V106/><F106/><T64/><REACH who="0" step="1"/><D81/><REACH who="0" ten="372,277,381,0" step="2"/><U85/><E85/><V52/><F84/><T133/><D133/><U78/><E78/><V67/><F82/><T117/><D117/><U44/><AGARI ba="0,2" hai="37,43,44,49,53,58,61,65,69,87,89,94,108,111" machi="44" ten="30,8000,1" yaku="1,1,0,1,24,2,53,1" doraHai="76" doraHaiUra="46" who="1" fromWho="1" sc="372,-40,277,100,381,-40,0,0" /><INIT seed="1,1,0,4,0,38" ten="332,377,341,0" oya="1" hai0="104,57,2,44,134,98,35,46,74,41,76,78,43" hai1="127,106,47,109,67,61,70,114,124,3,63,119,39" hai2="108,51,105,117,120,73,85,53,101,69,91,123,125" hai3=""/><U87/><E3/><V49/><N who="2" m="30752" /><V48/><N who="2" m="31520" /><V52/><F73/><T80/><D2/><U66/><E106/><V88/><F117/><T81/><D134/><U107/><E107/><V86/><F69/><T40/><D35/><U68/><E119/><V64/><F64/><T75/><D57/><U115/><E87/><V118/><F118/><T45/><D104/><U50/><E109/><V59/><F108/><T94/><REACH who="0" step="1"/><D46/><REACH who="0" ten="322,377,341,0" step="2"/><U77/><E77/><V89/><F59/><T42/><N who="0" m="10752" /><DORA hai="60" /><T97/><D97/><U79/><E79/><V72/><F72/><T84/><D84/><U96/><E96/><V90/><F86/><T116/><D116/><U111/><E111/><V99/><REACH who="2" step="1"/><F125/><REACH who="2" ten="322,377,331,0" step="2"/><N who="1" m="48201" /><E39/><V54/><F54/><AGARI ba="1,2" hai="47,50,54,61,63,66,67,68,70,114,115" m="48201" machi="54" ten="30,12000,1" yaku="18,1,34,2,52,2" doraHai="38,60" who="1" fromWho="2" sc="322,0,377,142,331,-122,0,0" /><INIT seed="1,2,0,0,4,66" ten="322,519,209,0" oya="1" hai0="48,3,121,49,39,67,52,72,123,102,42,92,56" hai1="33,36,82,73,130,83,34,32,118,112,128,127,101" hai2="53,61,37,133,110,77,113,86,95,55,57,115,62" hai3=""/><U116/><E36/><V124/><F110/><T97/><N who="0" m="31008" /><T99/><N who="0" m="31520" /><T0/><D72/><U94/><E112/><V88/><F133/><T132/><D132/><U76/><E127/><V93/><F124/><T96/><D39/><U90/><E101/><V69/><F37/><T64/><D0/><U91/><E83/><V103/><F77/><T117/><D117/><U119/><REACH who="1" step="1"/><E94/><REACH who="1" ten="322,509,209,0" step="2"/><V71/><F113/><T40/><D3/><U134/><E134/><V46/><F115/><T125/><D125/><U84/><E84/><V135/><F135/><T81/><D81/><U79/><E79/><V100/><F100/><T107/><D92/><U106/><E106/><V129/><F129/><AGARI ba="2,1" hai="32,33,34,73,76,82,90,91,116,118,119,128,129,130" machi="129" ten="50,4800,0" yaku="1,1,19,1,53,0" doraHai="66" doraHaiUra="50" who="1" fromWho="2" sc="322,0,509,62,209,-52,0,0" /><INIT seed="1,3,0,3,2,61" ten="322,571,157,0" oya="1" hai0="33,62,90,44,94,54,41,36,110,124,69,93,80" hai1="56,32,68,0,134,53,55,132,92,104,37,67,42" hai2="71,99,77,34,3,106,48,118,78,128,103,39,115" hai3=""/><U70/><E0/><V85/><F34/><T107/><D110/><U2/><E2/><V79/><F39/><T76/><D124/><U57/><E104/><V131/><F71/><N who="1" m="27177" /><E32/><V63/><F63/><T108/><D107/><U129/><E92/><V50/><F50/><T120/><N who="0" m="30752" /><T121/><N who="0" m="31008" /><T72/><D108/><U125/><E125/><V1/><F48/><T43/><D43/><U45/><E129/><N who="2" m="49739" /><F3/><T86/><D33/><U102/><E102/><V100/><F118/><T133/><D133/><N who="1" m="51307" /><E67/><V82/><F1/><T47/><D69/><U84/><E84/><V96/><F115/><T64/><D64/><U59/><AGARI ba="3,0" hai="37,42,45,53,55,56,57,59" m="51307,27177" machi="59" ten="40,5200,0" yaku="20,1,34,2" doraHai="61" who="1" fromWho="1" sc="322,-29,571,58,157,-29,0,0" /><INIT seed="1,4,0,5,4,123" ten="293,629,128,0" oya="1" hai0="58,125,131,0,1,94,47,93,62,111,51,133,89" hai1="48,75,83,113,35,124,74,112,77,39,103,87,56" hai2="67,64,63,88,129,104,3,86,70,59,96,46,100" hai3=""/><U122/><N who="1" m="31264" /><U119/><E35/><V50/><F3/><T32/><D131/><U118/><E39/><V127/><F127/><T107/><D107/><U116/><E48/><V80/><F129/><T97/><D125/><U92/><E56/><V91/><F70/><T126/><D126/><U78/><E124/><V2/><F2/><T121/><N who="0" m="31008" /><T45/><D32/><U43/><E43/><V117/><F117/><T108/><D133/><U41/><E41/><V37/><F37/><T61/><D1/><U105/><E92/><V44/><F67/><T84/><D0/><U71/><E71/><V106/><F106/><T135/><D135/><U82/><E87/><V65/><F65/><T40/><D47/><U115/><E103/><V60/><F60/><T120/><N who="0" m="30752" /><T42/><D42/><U130/><E105/><V90/><REACH who="2" step="1"/><F44/><REACH who="2" ten="293,629,118,0" step="2"/><T102/><REACH who="0" step="1"/><D62/><REACH who="0" ten="283,629,118,0" step="2"/><U33/><E33/><V128/><F128/><AGARI ba="4,2" hai="74,75,77,78,82,83,112,113,115,116,118,119,128,130" m="31264" machi="128" ten="50,18000,2" yaku="9,1,23,2,34,3,52,1" doraHai="123" who="1" fromWho="2" sc="283,0,629,208,118,-188,0,0" owari="283,-12.0,837,79.0,-70,-67.0,0,0.0" /></mjloggm>