<mjloggm ver="2.3"><GO type="169" lobby="0"/><UN n0="%74%61%6B%65%2D%79%6F%75" n1="%E9%BB%92%E8%A1%A3%E3%81%AE%E3%82%A4%E3%83%8A%E3%82%B8%E3%82%A7%E3%82%A4" n2="%E5%8F%A4%E5%8F%82%E5%B8%AB%E5%8C%A0" n3="%41%53%41%4B%41%57%41" dan="17,16,16,16" rate="2204.03,2124.72,2046.24,2156.63" sx="M,M,M,M"/><TAIKYOKU oya="0"/><INIT seed="0,0,0,2,1,70" ten="250,250,250,250" oya="0" hai0="30,102,7,82,83,125,105,46,124,135,64,117,51" hai1="126,71,22,5,134,35,32,41,77,91,131,49,12" hai2="130,111,101,89,50,58,121,72,53,47,110,132,11" hai3="38,92,25,10,69,80,112,122,18,103,13,28,66"/><T123/><D117/><U6/><E71/><V129/><F72/><W4/><G112/><T93/><D123/><U114/><E114/><V113/><F101/><W78/><G122/><T133/><D64/><U76/><E22/><V16/><F121/><W60/><G103/><T27/><D105/><U68/><E68/><V36/><F113/><W67/><G67/><T55/><D7/><U127/><E12/><V57/><F89/><W43/><G92/><T104/><D104/><U73/><E91/><V61/><F11/><W87/><G43/><T120/><D120/><U17/><E41/><N who="2" m="22951" /><F132/><N who="0" m="50762" /><D93/><U45/><E134/><V24/><F16/><W34/><REACH who="3" step="1"/><G4/><REACH who="3" ten="250,250,250,240" step="2"/><T3/><D102/><U128/><E5/><V40/><F40/><W109/><G109/><N who="2" m="41481" /><F24/><W79/><G79/><T90/><D27/><U48/><E6/><V31/><F31/><W96/><G96/><T106/><D106/><U14/><E77/><V94/><F94/><W29/><G29/><T65/><D30/><U26/><E76/><V9/><F9/><W118/><G118/><T86/><D90/><U0/><E127/><V15/><F15/><W119/><G119/><T59/><D125/><U115/><E126/><V63/><F63/><W100/><G100/><T98/><D124/><U20/><E14/><V56/><F61/><W108/><G108/><T88/><D98/><U19/><E115/><V2/><F2/><W75/><G75/><T116/><D116/><U37/><E73/><V85/><F85/><W1/><G1/><T107/><D107/><U95/><E0/><V42/><F42/><W44/><G44/><AGARI ba="0,1" hai="44,50,53,56,57,58,129,130" m="41481,22951" machi="44" ten="30,8000,1" yaku="6,1,14,1,34,2,52,1" doraHai="70" who="2" fromWho="3" sc="250,0,250,0,250,90,240,-80" /><INIT seed="1,0,0,5,4,27" ten="250,250,340,160" oya="1" hai0="4,78,26,49,128,18,6,39,102,69,131,74,22" hai1="56,58,21,11,90,5,19,70,25,121,51,54,44" hai2="42,65,135,55,85,1,100,20,97,73,95,112,57" hai3="67,40,48,32,84,47,104,127,116,61,16,45,126"/><U59/><E121/><V83/><F1/><W29/><G104/><T91/><D39/><U129/><E129/><N who="0" m="49737" /><D69/><U119/><E119/><V30/><F135/><W94/><G116/><T77/><D102/><U31/><E70/><V12/><F112/><W43/><G67/><T88/><D49/><U41/><E90/><N who="0" m="34345" /><D74/><U37/><REACH who="1" step="1"/><E19/><REACH who="1" ten="250,240,340,160" step="2"/><N who="2" m="10343" /><F73/><W2/><G16/><T134/><D134/><U13/><AGARI ba="0,1" hai="5,11,13,21,25,31,37,41,44,51,54,56,58,59" machi="13" ten="20,7800,0" yaku="1,1,0,1,7,1,52,1,53,0" doraHai="27" doraHaiUra="76" who="1" fromWho="1" sc="250,-26,240,88,340,-26,160,-26" /><INIT seed="1,1,0,4,0,60" ten="224,328,314,134" oya="1" hai0="85,35,65,104,77,61,108,87,1,122,123,29,118" hai1="125,103,78,129,102,57,105,115,100,130,95,124,2" hai2="64,30,24,16,92,8,38,22,93,79,27,106,18" hai3="117,71,11,73,37,3,33,17,119,39,36,19,120"/><U45/><E2/><V83/><F38/><N who="3" m="9731" /><W81/><DORA hai="127" /><G33/><T5/><D118/><N who="3" m="45065" /><G71/><T126/><D104/><U49/><E57/><V51/><F106/><W70/><G70/><T109/><D126/><N who="1" m="48747" /><E115/><V86/><F64/><W76/><G120/><N who="0" m="46123" /><D29/><U89/><E78/><V80/><F51/><W116/><N who="3" m="45073" /><W134/><DORA hai="82" /><G134/><T14/><D1/><U54/><E105/><V97/><F97/><AGARI ba="1,0" hai="45,49,54,89,95,97,100,102,103,129,130" m="48747" machi="97" ten="30,5800,0" yaku="18,1,52,2" doraHai="60,127,82" who="1" fromWho="2" sc="224,0,328,61,314,-61,134,0" /><INIT seed="1,2,0,2,1,94" ten="224,389,253,134" oya="1" hai0="129,110,19,105,130,49,41,82,77,5,8,50,34" hai1="36,47,29,60,3,81,25,90,92,122,2,20,13" hai2="11,44,97,80,45,84,38,66,73,14,126,83,24" hai3="68,0,87,135,89,37,21,26,131,43,16,51,39"/><U134/><E134/><V64/><F126/><W70/><G135/><T102/><D34/><U125/><E125/><V101/><F24/><W132/><G132/><T58/><D110/><U17/><E122/><V46/><F38/><W120/><G0/><T95/><D105/><U88/><E60/><V35/><F35/><W112/><G112/><T48/><D19/><U86/><E47/><V133/><F133/><W12/><G120/><T85/><D58/><U55/><E55/><V10/><F10/><W107/><G107/><T23/><D23/><U121/><E36/><V114/><F114/><W109/><G109/><T111/><D111/><U4/><E4/><V32/><F32/><W104/><G131/><N who="0" m="50187" /><D41/><U57/><E57/><V63/><F63/><W30/><G104/><T72/><D72/><U96/><REACH who="1" step="1"/><E121/><REACH who="1" ten="224,379,253,134" step="2"/><V42/><F45/><N who="3" m="26047" /><G37/><T117/><D5/><U67/><E67/><V31/><F46/><W75/><G39/><T54/><D54/><U98/><E98/><V116/><F64/><W76/><G68/><T124/><D124/><U115/><E115/><V7/><F66/><W108/><G70/><T123/><D123/><U52/><E52/><V100/><F44/><W128/><G128/><T79/><D49/><U103/><E103/><V62/><F100/><W27/><G108/><T113/><D113/><U61/><E61/><V65/><F62/><W6/><G6/><T91/><D102/><U99/><E99/><V28/><F65/><W118/><G118/><T74/><D117/><U18/><E18/><V1/><F116/><W15/><G16/><T119/><D119/><RYUUKYOKU ba="2,1" sc="224,-10,379,30,253,-10,134,-10" hai1="2,3,13,17,20,25,29,81,86,88,90,92,96" /><INIT seed="1,3,1,1,3,129" ten="214,409,243,124" oya="1" hai0="82,135,5,60,115,110,38,46,96,87,97,3,74" hai1="50,90,102,100,7,42,120,31,16,67,68,91,123" hai2="25,21,109,128,75,79,40,107,78,26,94,9,20" hai3="111,17,112,114,24,61,44,33,106,51,56,88,108"/><U47/><E31/><V36/><F107/><W122/><G106/><T28/><D115/><N who="3" m="44073" /><G33/><T66/><D110/><N who="3" m="42025" /><G24/><T130/><D130/><U103/><E7/><V92/><F128/><W1/><G1/><T63/><D28/><U35/><E35/><V80/><F109/><W93/><G17/><T59/><D74/><U132/><E67/><V29/><F9/><W118/><G122/><T77/><D3/><U41/><E68/><V14/><F14/><W131/><G131/><T101/><D5/><U48/><E103/><V76/><F80/><W71/><G71/><T70/><D101/><U81/><E81/><V86/><F86/><N who="3" m="52375" /><G118/><T34/><D34/><U57/><E16/><V4/><F4/><W10/><G10/><T49/><D70/><U18/><E18/><V126/><F75/><W22/><G22/><T37/><D82/><U53/><E47/><V39/><F29/><W58/><G61/><T104/><D63/><U83/><E83/><V134/><F78/><W124/><G124/><T54/><D60/><U117/><E117/><V19/><F19/><W69/><G69/><T12/><D104/><U15/><E15/><V8/><F8/><W2/><G2/><T99/><D12/><U45/><E45/><V125/><F40/><AGARI ba="3,1" hai="40,44,51,56,58" m="52375,42025,44073" machi="40" ten="30,2000,0" yaku="14,1,54,1" doraHai="129" who="3" fromWho="2" sc="214,0,409,0,243,-29,124,39" /><INIT seed="2,0,0,1,5,90" ten="214,409,214,163" oya="2" hai0="87,41,35,50,11,107,94,57,20,26,34,62,96" hai1="38,22,128,1,85,12,33,100,59,76,10,92,4" hai2="133,43,105,52,55,53,98,91,84,77,13,111,3" hai3="7,117,29,18,97,19,102,60,63,88,9,74,64"/><V80/><F3/><W68/><G117/><T54/><D107/><U71/><E71/><V16/><F133/><W48/><G74/><T46/><D11/><U104/><E128/><V30/><F111/><W95/><G29/><T32/><D87/><U110/><E38/><V5/><F30/><W130/><G130/><T66/><D66/><U40/><E40/><V44/><F105/><W0/><G48/><T56/><D56/><U24/><E59/><V69/><F69/><W21/><G63/><T103/><REACH who="0" step="1"/><D35/><REACH who="0" ten="204,409,214,163" step="2"/><U14/><E104/><V78/><F5/><W122/><G122/><T101/><D101/><U45/><E33/><V61/><F61/><W25/><REACH who="3" step="1"/><G19/><AGARI ba="0,1" hai="19,20,26,32,34,41,46,50,54,57,62,94,96,103" machi="19" ten="30,7700,0" yaku="1,1,7,1,52,1,53,1" doraHai="90" doraHaiUra="47" who="0" fromWho="3" sc="204,87,409,0,214,0,163,-77" /><INIT seed="3,0,0,0,0,122" ten="291,409,214,86" oya="3" hai0="32,3,8,85,75,35,55,83,5,125,27,101,86" hai1="128,46,51,69,113,30,72,84,80,4,52,127,102" hai2="33,37,132,92,53,15,88,106,26,42,56,64,63" hai3="110,135,67,36,10,73,34,66,104,119,90,133,14"/><W97/><G119/><T129/><D129/><U131/><E113/><V65/><F132/><N who="3" m="50763" /><G36/><T20/><D125/><U19/><E127/><V60/><F106/><W87/><G34/><T39/><D101/><U93/><E72/><V6/><F42/><W7/><G73/><T25/><D39/><U29/><E4/><V126/><F126/><W31/><G31/><T62/><D75/><U47/><E69/><V18/><F37/><W123/><G123/><T21/><D55/><U120/><E46/><V57/><F33/><W74/><G74/><T59/><D59/><U89/><E120/><V116/><F116/><W68/><G68/><T105/><D105/><U58/><E58/><V44/><F44/><W41/><G41/><T82/><D5/><U23/><E131/><V2/><F2/><W24/><G24/><T11/><REACH who="0" step="1"/><D62/><REACH who="0" ten="281,409,214,86" step="2"/><U99/><REACH who="1" step="1"/><E128/><REACH who="1" ten="281,399,214,86" step="2"/><V115/><F115/><W38/><G38/><T40/><D40/><U76/><E76/><V112/><F112/><W124/><G124/><T70/><D70/><U45/><E45/><V121/><F121/><W0/><G7/><T71/><D71/><U16/><E16/><V111/><F6/><N who="3" m="3415" /><G0/><AGARI ba="0,2" hai="0,3,8,11,20,21,25,27,32,35,82,83,85,86" machi="0" ten="25,3200,0" yaku="1,1,22,2,53,0" doraHai="122" doraHaiUra="94" who="0" fromWho="3" sc="281,52,399,0,214,0,86,-32" /><INIT seed="4,0,0,4,3,128" ten="333,399,214,54" oya="0" hai0="100,103,90,97,12,69,135,112,120,14,115,74,77" hai1="124,80,129,101,21,133,108,130,109,20,116,102,110" hai2="32,1,64,39,33,85,123,44,127,93,43,28,3" hai3="89,31,41,70,121,4,6,5,132,79,24,92,117"/><T10/><D120/><U45/><E116/><V55/><F123/><W73/><G121/><T71/><D74/><U98/><E45/><V60/><F127/><W63/><G117/><T46/><D77/><U91/><E124/><V52/><F85/><W76/><G41/><T22/><D46/><U48/><E48/><V16/><F93/><W27/><G73/><T122/><D122/><U75/><E20/><V0/><F32/><W67/><G132/><T29/><D90/><U65/><E21/><V86/><F86/><W96/><REACH who="3" step="1"/><G27/><REACH who="3" ten="333,399,214,44" step="2"/><T105/><D135/><U19/><E133/><V83/><F43/><W25/><G25/><T47/><D115/><U49/><E75/><V59/><F39/><W88/><G88/><T111/><D112/><U35/><E91/><V11/><F33/><AGARI ba="0,1" hai="4,5,6,24,31,33,63,67,70,76,79,89,92,96" machi="33" ten="40,8000,1" yaku="1,1,53,3" doraHai="128" doraHaiUra="2" who="3" fromWho="2" sc="333,0,399,0,214,-80,44,90" /><INIT seed="5,0,0,1,1,80" ten="333,399,134,134" oya="1" hai0="85,129,133,91,27,114,75,44,46,96,50,118,42" hai1="51,22,28,115,38,17,63,71,25,12,102,1,103" hai2="84,26,72,101,127,104,65,67,134,64,52,98,112" hai3="86,6,97,60,40,99,39,29,49,10,37,88,2"/><U125/><E38/><V33/><F72/><W108/><G108/><T20/><D118/><U66/><E115/><V81/><F134/><W43/><G29/><T32/><D75/><U74/><E125/><V109/><F127/><W111/><G111/><T135/><D32/><U62/><E62/><V68/><F109/><W119/><G119/><T131/><D96/><U0/><E74/><V122/><F122/><W9/><G60/><T113/><D20/><U124/><E51/><V69/><F112/><N who="0" m="43114" /><D27/><U83/><E83/><V19/><F19/><W77/><G77/><T92/><D44/><U132/><E132/><AGARI ba="0,0" hai="42,46,50,85,91,92,129,131,132,133,135" m="43114" machi="132" ten="30,3900,0" yaku="20,1,15,1,52,1" doraHai="80" who="0" fromWho="1" sc="333,39,399,-39,134,0,134,0" /><INIT seed="6,0,0,4,0,36" ten="372,360,134,134" oya="2" hai0="69,30,82,71,34,43,135,107,15,60,37,77,44" hai1="13,73,90,35,49,94,50,72,118,53,80,75,78" hai2="66,121,17,20,32,91,111,124,27,88,9,8,29" hai3="92,116,16,87,101,86,108,67,89,79,99,14,22"/><V47/><F121/><W133/><G108/><T106/><D15/><U129/><E129/><V95/><F111/><W2/><G116/><T81/><D135/><U93/><E118/><V125/><F66/><W62/><G133/><T120/><D120/><U98/><E35/><V46/><F46/><W126/><G2/><T112/><D112/><U23/><E49/><V114/><F114/><W0/><G0/><T122/><D122/><U64/><E64/><V103/><F103/><W56/><G126/><N who="2" m="48745" /><F47/><W61/><G79/><T134/><D134/><U54/><E54/><V40/><F40/><W45/><G62/><T113/><D113/><U65/><E65/><V97/><F91/><W83/><G87/><T127/><D127/><U58/><E94/><V55/><F55/><W21/><REACH who="3" step="1"/><G45/><REACH who="3" ten="372,360,134,124" step="2"/><T7/><D44/><U4/><E75/><V48/><F48/><W110/><G110/><T128/><D60/><U63/><E73/><V104/><F104/><W76/><G76/><T1/><D77/><U3/><E63/><V115/><F115/><W5/><G5/><T42/><D7/><U51/><E3/><V10/><F32/><W19/><G19/><AGARI ba="0,1" hai="8,9,10,17,19,20,27,29,88,95,97" m="48745" machi="19" ten="30,2900,0" yaku="18,1,54,1" doraHai="36" who="2" fromWho="3" sc="372,0,360,0,134,39,124,-29" /><INIT seed="6,1,0,0,1,35" ten="372,360,173,95" oya="2" hai0="117,68,99,49,56,89,78,83,30,2,42,61,127" hai1="71,130,47,14,95,5,114,87,113,62,51,45,91" hai2="112,23,101,10,58,131,92,93,24,66,63,110,52" hai3="72,13,50,124,70,12,40,67,88,60,65,84,77"/><V22/><F110/><W17/><G124/><T29/><D2/><U0/><E0/><V59/><F131/><W96/><G67/><N who="0" m="39335" /><D68/><U116/><E116/><V102/><F112/><N who="1" m="43113" /><E130/><V86/><F10/><W82/><G96/><T8/><D127/><U15/><E5/><V44/><F44/><N who="1" m="16969" /><E51/><N who="2" m="31007" /><F86/><W48/><G40/><T79/><D49/><U122/><E122/><V57/><F59/><W85/><G12/><T129/><D42/><U20/><E20/><N who="2" m="7723" /><F24/><W64/><G64/><AGARI ba="1,0" hai="14,15,62,64,71,87,91,95" m="16969,43113" machi="64" ten="30,1000,0" yaku="15,1" doraHai="35" who="1" fromWho="3" sc="372,0,360,13,173,0,95,-13" /><INIT seed="7,0,0,2,4,44" ten="372,373,173,82" oya="3" hai0="72,70,1,16,19,112,106,102,92,123,47,93,15" hai1="78,94,38,122,108,67,75,114,17,41,126,43,33" hai2="65,71,79,23,120,82,2,54,6,58,133,103,7" hai3="66,111,97,84,121,42,69,107,100,37,110,27,130"/><W0/><G121/><T62/><D123/><U20/><E122/><V48/><F120/><RYUUKYOKU type="kaze4" ba="0,0" sc="372,0,373,0,173,0,82,0" /><INIT seed="7,1,0,1,1,35" ten="372,373,173,82" oya="3" hai0="5,95,57,49,134,62,83,7,48,54,24,106,38" hai1="37,103,58,113,70,42,32,56,89,17,72,132,109" hai2="52,96,4,65,84,69,11,66,26,73,75,127,3" hai3="36,23,87,15,59,61,80,100,77,25,126,40,20"/><W78/><G126/><T81/><D106/><U115/><E109/><V85/><F127/><W45/><G100/><T86/><D38/><U22/><E32/><V21/><F96/><W128/><G128/><T133/><D95/><U64/><E132/><N who="0" m="50793" /><D24/><N who="1" m="14415" /><E72/><V44/><F73/><W19/><G77/><N who="0" m="46383" /><D83/><U53/><E103/><V47/><F75/><W97/><G97/><T92/><D92/><U94/><E53/><V27/><F27/><W30/><REACH who="3" step="1"/><G61/><REACH who="3" ten="372,373,173,72" step="2"/><T130/><D130/><U104/><E104/><V91/><F84/><W79/><G79/><T13/><D5/><U41/><E115/><V2/><F85/><W71/><G71/><T76/><D76/><U55/><E70/><V124/><F69/><W46/><G46/><T122/><D122/><U90/><E113/><V120/><F124/><W121/><G121/><T8/><AGARI ba="1,1" hai="7,8,13,48,49,54,57,62" m="46383,50793" machi="8" ten="30,1100,0" yaku="20,1" doraHai="35" who="0" fromWho="0" sc="372,24,373,-4,173,-4,72,-6" owari="396,49.0,369,17.0,169,-23.0,66,-43.0" /></mjloggm>