<mjloggm ver="2.3"><GO type="185" lobby="0"/><UN n0="%7A%6B%75%72%74" n1="%4E%61%72%69%72%69%6E" n2="%50%42%33%2D%50" n3="" dan="18,16,18,0" rate="2274.22,2118.40,2270.39,1500.00" sx="M,M,F,C"/><TAIKYOKU oya="0"/><INIT seed="0,0,0,4,0,67" ten="350,350,350,0" oya="0" hai0="108,66,32,135,37,47,81,132,3,43,89,54,50" hai1="117,34,119,76,65,70,42,80,133,56,125,73,96" hai2="83,63,85,112,39,97,0,110,95,77,103,131,57" hai3=""/><T72/><D32/><U116/><E34/><V121/><N who="2" m="31008" /><V92/><F0/><T106/><D3/><U2/><E2/><V46/><F112/><T41/><D106/><U60/><E125/><V90/><F131/><T52/><D108/><U58/><E133/><N who="0" m="51273" /><D66/><U105/><REACH who="1" step="1"/><E42/><REACH who="1" ten="350,340,350,0" step="2"/><V113/><F110/><T75/><D43/><U114/><E114/><V87/><F113/><T123/><N who="0" m="31520" /><T78/><D75/><U129/><E129/><V124/><F124/><T51/><D89/><U122/><N who="1" m="31264" /><U53/><E53/><AGARI ba="0,1" hai="37,41,47,50,51,52,53,54,72,78,81" m="31520,51273" machi="53" ten="30,5800,0" yaku="20,1,52,1,54,1" doraHai="67" who="0" fromWho="1" sc="350,68,340,-58,350,0,0,0" /><INIT seed="0,1,0,1,1,72" ten="418,282,350,0" oya="0" hai0="35,127,125,81,132,71,55,105,112,41,94,109,108" hai1="131,39,59,88,102,33,56,70,38,82,51,111,93" hai2="99,79,76,86,121,124,57,103,128,77,47,2,54" hai3=""/><T83/><D105/><U3/><E3/><V1/><N who="2" m="31008" /><V69/><F69/><T107/><D107/><U65/><E33/><V78/><F128/><T40/><D35/><U133/><E131/><V68/><F68/><T80/><D112/><U96/><E133/><V49/><F124/><N who="0" m="47690" /><D71/><U75/><E111/><N who="0" m="42569" /><D132/><U64/><E70/><V73/><F73/><T135/><D135/><U100/><E75/><V120/><N who="2" m="30752" /><V123/><N who="2" m="31520" /><V116/><N who="2" m="19456" /><DORA hai="117" /><V50/><F86/><T95/><D55/><U90/><E96/><V97/><F116/><T34/><D34/><U113/><E51/><V74/><F74/><T87/><D87/><U134/><E82/><V92/><REACH who="2" step="1"/><F99/><REACH who="2" ten="418,282,340,0" step="2"/><T45/><D41/><AGARI ba="1,1" hai="1,2,41,47,49,50,54,57,92,97,103" m="19456,31520,30752,31008" machi="41" ten="50,32000,5" yaku="1,1,2,1,52,10,53,2" doraHai="72,117" doraHaiUra="44,62" who="2" fromWho="0" sc="418,-322,282,0,340,332,0,0" /><INIT seed="1,0,0,0,5,63" ten="96,282,672,0" oya="1" hai0="39,65,52,36,102,48,88,100,53,112,55,128,107" hai1="40,41,34,108,125,133,79,77,80,54,99,45,87" hai2="115,83,81,114,119,91,70,3,104,75,46,109,97" hai3=""/><U90/><E34/><V74/><F3/><T73/><D112/><N who="2" m="43050" /><F70/><T68/><D73/><N who="2" m="27658" /><F119/><T32/><D32/><U58/><E108/><V61/><F109/><T123/><N who="0" m="31520" /><T106/><D128/><U47/><E125/><V67/><F46/><N who="1" m="17417" /><E133/><V42/><F42/><N who="1" m="16489" /><E99/><V129/><F129/><T122/><N who="0" m="31264" /><T130/><D130/><U60/><AGARI ba="0,0" hai="54,58,60,77,79,80,87,90" m="16489,17417" machi="60" ten="30,1000,0" yaku="8,1" doraHai="63" who="1" fromWho="1" sc="96,-5,282,10,672,-5,0,0" /><INIT seed="1,1,0,2,5,0" ten="91,292,667,0" oya="1" hai0="131,72,109,54,86,84,85,2,59,127,94,78,113" hai1="41,135,34,74,44,129,96,105,80,64,93,45,65" hai2="99,57,61,56,46,92,55,112,60,128,111,133,126" hai3=""/><U32/><E105/><V89/><F112/><T63/><D2/><U50/><E129/><V77/><F128/><T40/><D131/><U42/><E135/><V1/><F1/><T33/><D113/><U116/><E116/><V107/><F107/><T100/><D109/><U88/><E74/><V118/><F118/><T125/><D40/><U39/><E80/><V87/><F111/><T117/><D117/><U79/><E79/><V134/><F134/><T49/><D63/><U43/><E43/><V71/><F133/><T104/><D104/><U122/><N who="1" m="31264" /><U97/><E97/><V132/><F132/><T95/><D33/><U119/><E119/><V37/><F77/><T101/><D72/><U62/><E65/><V67/><F67/><T82/><D82/><U73/><E73/><V110/><F110/><T103/><REACH who="0" step="1"/><D78/><REACH who="0" ten="81,292,667,0" step="2"/><U91/><E91/><V53/><F89/><T114/><D114/><U120/><N who="1" m="30752" /><U66/><E66/><V81/><F81/><T3/><D3/><U35/><E35/><V121/><F121/><T52/><D52/><U130/><E130/><V38/><F53/><T106/><D106/><U58/><AGARI ba="1,1" hai="32,34,39,41,42,44,45,50,58,62,64,88,93,96" m="30752,31264" machi="58" ten="20,12000,2" yaku="0,1,7,1,52,4,54,1" doraHai="0" who="1" fromWho="1" sc="81,-61,292,132,667,-61,0,0" /><INIT seed="1,2,0,3,3,67" ten="20,424,606,0" oya="1" hai0="99,71,33,81,56,122,76,123,107,32,70,38,55" hai1="87,116,126,97,79,73,51,59,80,91,108,111,95" hai2="42,60,46,100,48,127,105,112,65,85,35,119,90" hai3=""/><U82/><E59/><V106/><F35/><T72/><N who="0" m="31264" /><T114/><N who="0" m="31520" /><T94/><D114/><U96/><E51/><V49/><F112/><T43/><D107/><U113/><E113/><V78/><F119/><T118/><D118/><U63/><E63/><V54/><F127/><T2/><D2/><U134/><E116/><V135/><F100/><T129/><D129/><U120/><N who="1" m="30752" /><U45/><E45/><V109/><F135/><T68/><D43/><U58/><E58/><V39/><F78/><T64/><D64/><U3/><E3/><V34/><F34/><T124/><D38/><U98/><E126/><V104/><F54/><T69/><N who="0" m="17408" /><DORA hai="121" /><T1/><D1/><U101/><E134/><V132/><F132/><T74/><D74/><U40/><E40/><V83/><F60/><T93/><D124/><U57/><E57/><V47/><F65/><T0/><D0/><U50/><E50/><V61/><F61/><T41/><D41/><U133/><E133/><V88/><F42/><T53/><D53/><U44/><E44/><V84/><F47/><T66/><D66/><U103/><E97/><V117/><F46/><T36/><D99/><U128/><E128/><V52/><F117/><T130/><D130/><RYUUKYOKU ba="2,0" sc="20,-10,424,20,606,-10,0,0" hai1="73,79,80,82,87,91,95,96,98,101,103,108,111" /><INIT seed="1,3,0,1,4,51" ten="10,444,596,0" oya="1" hai0="81,50,66,100,107,118,82,44,123,76,57,42,59" hai1="103,102,88,95,65,84,97,37,56,48,68,61,126" hai2="78,33,58,117,110,94,72,47,64,96,45,133,108" hai3=""/><U114/><E37/><V35/><F117/><T60/><N who="0" m="31520" /><T54/><D118/><U3/><E3/><V74/><F133/><T87/><D107/><U111/><E114/><V124/><F124/><T39/><D100/><U92/><E126/><V109/><F58/><T40/><D82/><U32/><E32/><N who="2" m="12363" /><F64/><T77/><REACH who="0" step="1"/><D42/><REACH who="0" ten="0,444,596,0" step="2"/><U134/><E134/><V36/><F109/><T120/><N who="0" m="30752" /><T104/><D104/><U86/><E111/><V34/><F108/><T1/><D1/><U115/><E115/><V101/><F110/><T135/><D135/><U2/><E2/><V129/><F101/><T132/><D132/><U41/><E103/><V71/><F34/><T89/><AGARI ba="3,1" hai="39,40,44,50,54,57,59,60,66,76,77,81,87,89" m="30752,31520" machi="89" ten="20,9000,2" yaku="1,1,0,1,7,1,52,3,53,1" doraHai="51" doraHaiUra="49" who="0" fromWho="0" sc="0,106,444,-63,596,-33,0,0" /><INIT seed="2,0,0,2,3,129" ten="106,381,563,0" oya="2" hai0="50,120,62,3,88,97,55,123,107,116,80,104,46" hai1="78,105,33,72,77,119,44,115,86,124,58,56,73" hai2="79,135,127,42,1,112,134,45,125,71,100,132,36" hai3=""/><V61/><F1/><T114/><N who="0" m="30752" /><T91/><N who="0" m="31520" /><T117/><D3/><U126/><E33/><V106/><F79/><T113/><D62/><U38/><E105/><V40/><F40/><T65/><D65/><U84/><E119/><V41/><F41/><T32/><D32/><U54/><E38/><V102/><F112/><N who="0" m="43114" /><D80/><U51/><E115/><V59/><F71/><T93/><D91/><U39/><E39/><V89/><F89/><T67/><D67/><U99/><E99/><V121/><N who="2" m="31008" /><V37/><F37/><T85/><D107/><U101/><E101/><AGARI ba="0,0" hai="46,50,55,85,88,93,97,101,104,116,117" m="43114,31520,30752" machi="101" ten="30,7700,0" yaku="11,1,52,2,54,1" doraHai="129" who="0" fromWho="1" sc="106,77,381,-77,563,0,0,0" /><INIT seed="4,0,0,1,4,54" ten="183,304,563,0" oya="0" hai0="58,53,89,68,82,104,135,103,77,129,133,81,115" hai1="0,91,43,93,67,42,73,119,2,66,52,101,45" hai2="36,116,95,3,121,126,110,127,39,128,94,40,46" hai3=""/><T113/><D68/><U61/><E119/><V44/><N who="2" m="31008" /><V55/><F3/><T86/><D129/><U92/><E73/><V74/><F74/><T72/><D103/><U65/><E101/><V122/><N who="2" m="31264" /><V48/><F128/><T57/><D104/><U37/><E42/><V108/><F116/><T114/><REACH who="0" step="1"/><D57/><REACH who="0" ten="173,304,563,0" step="2"/><U99/><REACH who="1" step="1"/><E93/><REACH who="1" ten="173,294,563,0" step="2"/><V125/><F95/><T112/><N who="0" m="28672" /><DORA hai="62" /><T120/><N who="0" m="30752" /><T105/><D105/><U79/><E79/><V78/><F78/><T84/><D84/><U85/><E85/><V34/><F94/><T98/><D98/><U130/><E130/><V80/><F125/><T38/><D38/><U131/><E131/><V35/><F127/><T90/><D90/><U59/><AGARI ba="0,2" hai="0,2,37,43,45,52,59,61,65,66,67,91,92,99" machi="59" ten="30,12000,3" yaku="1,1,0,1,52,4,54,1,53,1" doraHai="54,62" doraHaiUra="117,88" who="1" fromWho="1" sc="173,-80,294,140,563,-40,0,0" /><INIT seed="5,0,0,0,0,88" ten="93,434,523,0" oya="1" hai0="95,131,47,118,58,117,89,122,50,135,114,41,91" hai1="39,128,45,104,124,93,134,1,94,52,119,83,55" hai2="121,107,133,81,63,57,73,0,59,108,48,109,66" hai3=""/><U90/><E1/><V54/><N who="2" m="31008" /><V97/><F0/><T98/><N who="0" m="31264" /><T130/><D114/><U129/><E104/><V120/><N who="2" m="30752" /><V46/><F133/><T115/><D115/><U44/><E119/><V96/><F107/><T80/><D135/><U74/><E134/><V49/><F73/><T3/><D3/><U37/><E124/><V62/><F81/><T51/><D58/><U126/><E126/><V84/><F84/><T34/><D34/><U127/><E127/><V113/><F113/><T132/><D132/><U103/><E103/><V77/><F77/><T92/><D80/><U111/><E111/><V72/><F72/><T86/><REACH who="0" step="1"/><D50/><REACH who="0" ten="83,434,523,0" step="2"/><U102/><E83/><V79/><F49/><T42/><D42/><U35/><E35/><V76/><F109/><T68/><D68/><U32/><E32/><V61/><F108/><T71/><D71/><U64/><E74/><V65/><F63/><T125/><D125/><U75/><E75/><V69/><F69/><T70/><D70/><U2/><E2/><V82/><F82/><T36/><D36/><U60/><E60/><V85/><F79/><T38/><D38/><U43/><E43/><V105/><F62/><T116/><AGARI ba="0,1" hai="41,47,51,86,89,91,92,95,98,116,117,118,130,131" m="31264" machi="116" ten="40,12000,3" yaku="1,1,0,1,12,1,52,3,53,2" doraHai="88" doraHaiUra="87" who="0" fromWho="0" sc="83,130,434,-80,523,-40,0,0" /><INIT seed="6,0,0,1,2,113" ten="213,354,483,0" oya="2" hai0="58,129,74,86,126,131,62,110,119,32,124,103,45" hai1="132,37,77,55,122,51,48,65,68,130,104,96,92" hai2="111,76,78,134,121,64,83,81,71,42,66,120,69" hai3=""/><V108/><F42/><T94/><D32/><U73/><N who="1" m="31264" /><U0/><E0/><V116/><F116/><T57/><D74/><U72/><E37/><V34/><F134/><T123/><N who="0" m="31520" /><T82/><D110/><U59/><E132/><V53/><F53/><T117/><D45/><U60/><E104/><V50/><F50/><T114/><D114/><U67/><E130/><V61/><F61/><T47/><D47/><U127/><E127/><N who="0" m="48681" /><D94/><U56/><E77/><V54/><F54/><T41/><D103/><U93/><E93/><V107/><F107/><T75/><D75/><U33/><E33/><AGARI ba="0,0" hai="33,34,64,66,69,71,76,78,81,83,108,111,120,121" machi="33" ten="25,2400,0" yaku="22,2" doraHai="113" who="2" fromWho="1" sc="213,0,354,-24,483,24,0,0" owari="213,-39.0,330,-7.0,507,46.0,0,0.0" /></mjloggm>