<mjloggm ver="2.3"><GO type="169" lobby="0"/><UN n0="%E3%83%90%E3%83%84%EF%BC%86%E3%83%86%E3%83%B3" n1="%75%66%6F%5F" n2="%E9%A6%AC%E9%BE%8D%6C%65%66%74" n3="%E3%81%A8%E3%82%82%E3%81%BE%E3%81%95" dan="17,18,16,16" rate="2224.10,2252.89,2059.23,2170.02" sx="M,M,M,M"/><TAIKYOKU oya="0"/><INIT seed="0,0,0,1,4,81" ten="250,250,250,250" oya="0" hai0="7,1,116,2,88,49,90,93,78,52,121,40,14" hai1="15,23,74,75,102,60,69,134,63,54,59,34,9" hai2="51,0,8,31,13,76,25,18,10,37,114,108,132" hai3="53,28,65,3,64,92,22,83,120,73,47,117,124"/><T106/><D121/><U119/><E119/><V98/><F37/><W5/><G3/><T95/><D116/><U84/><E34/><V61/><F114/><W104/><G104/><T29/><D106/><U57/><E69/><V33/><F108/><W113/><G5/><T66/><D78/><U86/><E134/><V123/><F132/><W4/><G4/><T21/><D66/><U94/><E23/><V42/><F98/><W118/><G73/><T32/><D40/><U129/><E129/><V103/><F103/><W44/><G83/><T67/><D67/><N who="3" m="25673" /><G92/><N who="0" m="35403" /><D2/><U122/><E122/><V112/><F76/><W125/><G22/><T89/><D32/><U35/><E35/><V46/><F112/><W96/><G96/><T38/><D38/><U27/><E27/><V71/><F71/><W20/><G53/><T55/><D1/><U87/><E59/><V50/><F123/><W128/><G128/><T79/><D79/><U85/><N who="1" m="21504" /><DORA hai="48" /><U36/><E36/><V126/><F0/><W135/><G135/><T56/><D55/><U45/><E45/><N who="3" m="17482" /><G113/><T26/><D90/><U130/><E130/><V109/><F42/><W62/><G120/><T80/><D80/><U111/><E111/><V115/><F109/><W127/><G20/><T24/><D24/><U99/><REACH who="1" step="1"/><E63/><REACH who="1" ten="250,240,250,250" step="2"/><V68/><F61/><W105/><G118/><T97/><D97/><U72/><E72/><V16/><F68/><W110/><G117/><T58/><D56/><U12/><E12/><V77/><F13/><W17/><G110/><T39/><D39/><U43/><E43/><V30/><F33/><RYUUKYOKU ba="0,1" sc="250,15,240,15,250,-15,250,-15" hai0="7,14,21,26,29,49,52,58,88,89" hai1="9,15,54,57,60,74,75,94,99,102" /><INIT seed="0,1,1,5,1,133" ten="265,255,235,235" oya="0" hai0="46,81,38,49,33,135,56,34,74,30,73,42,114" hai1="18,8,128,115,11,59,48,87,55,39,131,1,21" hai2="134,53,40,4,107,60,67,103,90,132,106,47,91" hai3="3,25,121,101,124,130,12,61,77,9,27,75,43"/><T79/><D135/><N who="2" m="51754" /><F4/><W116/><G101/><T6/><D114/><U41/><E115/><V120/><F53/><W99/><G99/><T68/><D68/><U32/><E32/><V89/><F103/><W100/><G100/><T57/><D73/><U15/><E39/><N who="2" m="21919" /><F120/><W84/><G43/><T26/><D34/><U108/><E41/><V29/><F29/><W76/><G3/><T118/><D118/><U85/><E108/><V5/><F5/><W111/><G121/><T19/><D6/><U31/><E31/><V122/><F122/><W22/><G111/><T97/><D38/><U113/><E113/><V80/><F80/><W66/><G75/><T86/><D74/><U14/><E1/><V44/><F44/><W127/><G130/><N who="1" m="49706" /><E21/><V10/><F10/><W13/><G22/><T0/><D0/><U54/><E54/><V71/><AGARI ba="1,1" hai="60,67,71,89,90,91,106,107" m="21919,51754" machi="71" ten="30,1100,0" yaku="20,1" doraHai="133" who="2" fromWho="2" sc="265,-6,255,-4,235,24,235,-4" /><INIT seed="1,0,0,2,1,0" ten="259,251,259,231" oya="1" hai0="48,29,82,89,61,43,60,22,13,125,11,54,71" hai1="106,34,126,10,70,128,49,87,131,32,84,40,19" hai2="130,118,68,76,66,28,98,95,107,64,55,114,46" hai3="39,81,132,120,44,53,91,72,111,117,110,35,133"/><U119/><E119/><V105/><F118/><W100/><G35/><N who="1" m="13354" /><E70/><V1/><F28/><W30/><G30/><T77/><D71/><U36/><E106/><V6/><F114/><W109/><G117/><T27/><D125/><U58/><E36/><V41/><F76/><N who="3" m="44167" /><G53/><T92/><D43/><U129/><E126/><V31/><F31/><W2/><G2/><T123/><D123/><U57/><E19/><V69/><F55/><W3/><G3/><T78/><D82/><U52/><E10/><V73/><F73/><W99/><G44/><N who="0" m="27911" /><D78/><U23/><E23/><V127/><F127/><W124/><G39/><T103/><D103/><U85/><E40/><V38/><F69/><W83/><G124/><T45/><D45/><AGARI ba="0,0" hai="45,49,52,57,58,84,85,87,128,129,131" m="13354" machi="45" ten="40,3900,0" yaku="19,1,54,1" doraHai="0" who="1" fromWho="0" sc="259,-39,251,39,259,0,231,0" /><INIT seed="1,1,0,4,4,59" ten="220,290,259,231" oya="1" hai0="17,55,54,124,1,97,31,18,78,69,56,85,20" hai1="35,12,39,130,63,120,129,46,81,9,99,101,8" hai2="107,30,135,84,132,110,0,60,96,67,42,103,126" hai3="68,75,91,112,65,40,122,79,16,50,2,41,108"/><U123/><E35/><V37/><F0/><W93/><G2/><T105/><D69/><U28/><E28/><V76/><F110/><W24/><G79/><T90/><D124/><U113/><E113/><V125/><F30/><W87/><G75/><T83/><D1/><U102/><E81/><N who="2" m="47143" /><F42/><W62/><G122/><N who="1" m="46634" /><E39/><V109/><F37/><W73/><G73/><T11/><D11/><N who="1" m="4171" /><E46/><V49/><F49/><W111/><G112/><T100/><D55/><U7/><E12/><V74/><F109/><N who="3" m="42059" /><G50/><T127/><D127/><N who="2" m="48650" /><F74/><W38/><G38/><T86/><D31/><U27/><E7/><V71/><AGARI ba="1,0" hai="60,67,71,96,103,107,132,135" m="48650,47143" machi="71" ten="30,2000,0" yaku="18,1,52,1" doraHai="59" who="2" fromWho="2" sc="220,-6,290,-11,259,23,231,-6" /><INIT seed="2,0,0,1,1,94" ten="214,279,282,225" oya="2" hai0="128,9,21,29,19,14,125,122,24,124,47,27,129" hai1="57,18,35,85,13,52,60,3,97,114,96,135,72" hai2="41,38,51,30,80,26,61,90,102,34,36,11,0" hai3="107,48,28,133,49,45,69,42,64,71,75,33,17"/><V134/><F134/><W81/><G107/><T53/><D47/><U16/><E72/><V127/><F127/><N who="0" m="48714" /><D53/><U20/><E35/><V1/><F1/><W4/><G4/><N who="0" m="3367" /><D122/><U121/><E3/><V32/><F32/><AGARI ba="0,0" hai="19,21,24,27,29,32,128,129" m="3367,48714" machi="32" ten="30,3900,0" yaku="18,1,34,2" doraHai="94" who="0" fromWho="2" sc="214,39,279,0,282,-39,225,0" /><INIT seed="3,0,0,1,0,36" ten="253,279,243,225" oya="3" hai0="31,70,93,100,119,46,87,61,51,130,44,21,78" hai1="109,123,19,24,88,27,10,4,86,53,25,118,85" hai2="80,112,111,59,125,84,29,92,3,131,94,35,134" hai3="49,8,41,79,81,115,5,33,64,108,50,104,6"/><W62/><G115/><T42/><D119/><U105/><E109/><V45/><F112/><W23/><G33/><T117/><D117/><U2/><E118/><V99/><F3/><W103/><G23/><T13/><D130/><U96/><E123/><V73/><F73/><W11/><G103/><T48/><D70/><U83/><E53/><V67/><F111/><W52/><G104/><T22/><D61/><U17/><REACH who="1" step="1"/><E86/><REACH who="1" ten="253,269,243,225" step="2"/><V30/><F84/><W127/><G108/><T20/><D31/><U97/><E97/><V7/><F99/><W38/><G52/><N who="0" m="29703" /><D100/><AGARI ba="0,1" hai="2,4,10,17,19,24,25,27,83,85,88,96,100,105" machi="100" ten="40,8000,1" yaku="1,1,54,1,53,2" doraHai="36" doraHaiUra="14" who="1" fromWho="0" sc="253,-80,269,90,243,0,225,0" /><INIT seed="4,0,0,2,0,75" ten="173,359,243,225" oya="0" hai0="74,77,130,63,100,12,22,116,37,108,2,35,14" hai1="4,18,93,53,10,96,54,99,121,49,102,133,82" hai2="34,80,104,62,60,13,31,112,70,57,39,110,78" hai3="3,107,29,38,84,8,94,65,81,92,73,44,30"/><T90/><D2/><U41/><E133/><V1/><F1/><W50/><G107/><T61/><D37/><U128/><E128/><V114/><F104/><W101/><G65/><T117/><D35/><U123/><E123/><V19/><F39/><W86/><G38/><T64/><D130/><U51/><E121/><V15/><F110/><W66/><G66/><T40/><D108/><U42/><E18/><V7/><F70/><W55/><G73/><T98/><D40/><U103/><E82/><V72/><F7/><W23/><G23/><T97/><D90/><U124/><E93/><V20/><F13/><N who="0" m="5226" /><D22/><U25/><E124/><V85/><F72/><W21/><G21/><T16/><D100/><U69/><E69/><V28/><F62/><N who="0" m="23562" /><D16/><U125/><E125/><V36/><F36/><W120/><G8/><T126/><D126/><U58/><E10/><V71/><F71/><W115/><G3/><T127/><D127/><U33/><E33/><V27/><REACH who="2" step="1"/><F31/><REACH who="2" ten="173,359,233,225" step="2"/><W129/><G29/><T95/><D64/><AGARI ba="0,1" hai="15,19,20,27,28,34,57,60,64,78,80,85,112,114" machi="64" ten="40,8000,1" yaku="1,1,2,1,52,1,53,1" doraHai="75" doraHaiUra="11" who="2" fromWho="0" sc="173,-80,359,0,233,90,225,0" /><INIT seed="5,0,0,2,2,56" ten="93,359,323,225" oya="1" hai0="126,6,102,77,80,2,4,105,47,50,117,119,57" hai1="19,128,69,112,78,24,20,118,44,25,16,62,91" hai2="13,15,48,9,70,63,98,75,41,38,14,107,132" hai3="79,45,130,95,22,92,52,31,83,64,88,121,129"/><U29/><E118/><V37/><F132/><W3/><G3/><T122/><D126/><U100/><E112/><V39/><F75/><W113/><G121/><T32/><D122/><U1/><E1/><V93/><F107/><W124/><G124/><T89/><D32/><U12/><E128/><N who="3" m="49258" /><G64/><T55/><D89/><U66/><E78/><V81/><F81/><W5/><G5/><T99/><D2/><U74/><E74/><V84/><F84/><N who="3" m="50207" /><G79/><T90/><D90/><U82/><E100/><V101/><F41/><W103/><G103/><T0/><D0/><U133/><E133/><V127/><F127/><W104/><G104/><T49/><D119/><U51/><E25/><V10/><F48/><N who="3" m="28687" /><G113/><T42/><REACH who="0" step="1"/><D117/><REACH who="0" ten="83,359,323,225" step="2"/><U87/><REACH who="1" step="1"/><E12/><REACH who="1" ten="83,349,323,225" step="2"/><V115/><F115/><W11/><G11/><T59/><D59/><U135/><E135/><V26/><F26/><AGARI ba="0,2" hai="22,26,31,92,95" m="28687,50207,49258" machi="26" ten="30,3900,0" yaku="19,1,54,2" doraHai="56" who="3" fromWho="2" sc="83,0,349,0,323,-39,225,59" /><INIT seed="6,0,0,2,0,111" ten="83,349,284,284" oya="2" hai0="14,88,72,76,100,98,82,134,87,105,43,24,21" hai1="27,121,3,68,122,18,95,133,50,32,116,83,6" hai2="11,125,132,115,0,127,52,70,81,64,54,13,29" hai3="36,33,49,110,126,135,40,67,113,37,22,99,30"/><V94/><F0/><W20/><G110/><T119/><D43/><U91/><E68/><V120/><F120/><N who="1" m="46185" /><E116/><V48/><F132/><W80/><G33/><T69/><D119/><U47/><E83/><V28/><F81/><W1/><G1/><T17/><D69/><U77/><E77/><V118/><F118/><W86/><G99/><T107/><D134/><U102/><E102/><V42/><F42/><W114/><G126/><N who="2" m="48137" /><F94/><W25/><G67/><T55/><D55/><N who="2" m="21034" /><F48/><W5/><G135/><T93/><REACH who="0" step="1"/><D24/><REACH who="0" ten="73,349,284,284" step="2"/><U35/><E133/><V89/><F70/><W26/><G40/><T128/><D128/><U16/><E27/><V56/><F64/><W108/><G108/><T8/><D8/><U75/><E47/><V2/><F56/><W65/><G65/><T101/><D101/><U90/><E50/><V84/><F2/><W74/><G49/><T71/><D71/><U46/><E46/><V78/><F11/><W129/><G129/><T97/><D97/><U112/><E3/><V44/><F44/><W7/><G37/><T62/><D62/><U15/><E15/><V59/><F59/><W10/><G36/><T92/><AGARI ba="0,1" hai="14,17,21,72,76,82,87,88,92,93,98,100,105,107" machi="92" ten="20,8000,1" yaku="1,1,0,1,7,1,54,1,53,1" doraHai="111" doraHaiUra="79" who="0" fromWho="0" sc="73,90,349,-20,284,-40,284,-20" /><INIT seed="7,0,0,0,2,102" ten="163,329,244,264" oya="3" hai0="120,132,121,99,101,131,0,57,27,59,17,23,112" hai1="43,20,71,40,38,65,94,83,110,8,1,61,78" hai2="31,25,87,12,72,58,127,9,28,88,29,36,50" hai3="7,2,73,124,126,81,70,64,21,55,119,82,96"/><W42/><G42/><T67/><D0/><U69/><E110/><V63/><F72/><W51/><G64/><T6/><D6/><N who="1" m="1103" /><E43/><V123/><F36/><W18/><G70/><T10/><D10/><U104/><E104/><V80/><F50/><W52/><G119/><T75/><D75/><N who="1" m="43487" /><E94/><V90/><F90/><W47/><G55/><T105/><D112/><U100/><E100/><V26/><F127/><N who="3" m="48683" /><G73/><T4/><D4/><U85/><E85/><V86/><F86/><W66/><G66/><T108/><D108/><U125/><E20/><V84/><F84/><W35/><G35/><T34/><D34/><U62/><E125/><V41/><F41/><W46/><G46/><T107/><D107/><U130/><E130/><V37/><F37/><W33/><G96/><T95/><D131/><U14/><E14/><V68/><F68/><N who="1" m="26185" /><E65/><N who="2" m="39159" /><F123/><W129/><G129/><T45/><D67/><U60/><E60/><V128/><F128/><W5/><G33/><T134/><D45/><AGARI ba="0,0" hai="38,40,45,61,62" m="26185,43487,1103" machi="45" ten="30,1000,0" yaku="25,1" doraHai="102" who="1" fromWho="0" sc="163,-10,329,10,244,0,264,0" owari="153,-35.0,339,45.0,244,-16.0,264,6.0" /></mjloggm>