<mjloggm ver="2.3"><GO type="169" lobby="0"/><UN n0="%E3%81%A1%E3%81%A3%E3%81%93%E3%82%8C%40" n1="%E3%81%AE%E3%81%B3%E3%81%97%E3%82%8D%E2%99%82" n2="%E5%AE%9D%E5%90%8A%E5%AE%9D" n3="%E3%81%B8%E3%82%80%E3%81%B8%E3%82%80%EF%BC%92%E5%8F%B7" dan="16,16,16,17" rate="2107.08,2105.94,2127.57,2156.27" sx="M,M,M,M"/><TAIKYOKU oya="0"/><INIT seed="0,0,0,0,1,29" ten="250,250,250,250" oya="0" hai0="114,30,85,18,25,55,33,20,86,101,51,50,72" hai1="52,124,43,3,74,46,12,134,0,58,1,59,115" hai2="90,32,128,107,44,80,122,13,41,104,39,120,88" hai3="76,54,92,105,4,119,23,24,125,67,97,28,126"/><T133/><D114/><U69/><E134/><V91/><F128/><W40/><G119/><T110/><D72/><U9/><E124/><N who="3" m="47722" /><G105/><T130/><D133/><U121/><E121/><V131/><F131/><W71/><BYE who="2" /><G76/><T53/><D130/><U19/><E69/><V89/><F89/><N who="3" m="55439" /><G54/><T108/><D101/><U57/><E74/><UN n2="%E5%AE%9D%E5%90%8A%E5%AE%9D" /><V78/><F107/><W31/><G40/><T82/><D51/><U64/><E64/><V17/><F104/><W83/><G83/><T81/><D81/><U75/><E115/><V95/><F95/><W93/><G93/><T26/><D85/><U109/><E109/><N who="0" m="42089" /><D50/><U21/><E75/><V118/><F32/><W106/><G4/><T129/><D129/><U11/><REACH who="1" step="1"/><E52/><REACH who="1" ten="250,240,250,250" step="2"/><V49/><F118/><W48/><G67/><T117/><D117/><U42/><E42/><V8/><REACH who="2" step="1"/><F39/><AGARI ba="0,1" hai="0,1,3,9,11,12,19,21,39,43,46,57,58,59" machi="39" ten="50,3200,0" yaku="1,1,53,1" doraHai="29" doraHaiUra="10" who="1" fromWho="2" sc="250,0,240,42,250,-32,250,0" /><INIT seed="1,0,0,0,5,121" ten="250,282,218,250" oya="1" hai0="119,4,93,70,63,128,104,72,39,125,73,64,78" hai1="9,28,135,40,58,110,106,96,102,15,6,53,49" hai2="0,38,111,77,24,37,109,21,76,132,35,79,11" hai3="42,88,25,69,60,65,130,101,92,14,91,99,87"/><U19/><E135/><V62/><F132/><W59/><G130/><T13/><D119/><U112/><E112/><V113/><F35/><W33/><G42/><T95/><D104/><U85/><E110/><N who="2" m="41995" /><F113/><W10/><G33/><T82/><D128/><U54/><E28/><N who="2" m="17423" /><F62/><W68/><G25/><T97/><D125/><U115/><E115/><V27/><F27/><W12/><G91/><T117/><D117/><U89/><E54/><V7/><AGARI ba="0,0" hai="0,7,11,37,38,76,77,79" m="17423,41995" machi="7" ten="40,8000,1" yaku="14,1,52,3" doraHai="121" who="2" fromWho="2" sc="250,-20,282,-40,218,80,250,-20" /><INIT seed="2,0,0,5,3,33" ten="230,242,298,230" oya="2" hai0="116,7,8,30,94,56,3,31,17,26,54,38,66" hai1="79,120,19,69,16,70,13,110,51,36,65,44,63" hai2="97,41,43,6,127,99,134,35,98,18,49,82,121" hai3="128,93,67,123,47,75,28,105,29,74,135,37,100"/><V9/><F121/><W119/><G93/><T109/><D109/><U95/><E110/><V25/><F127/><W48/><G119/><T103/><D116/><U0/><E120/><V58/><F134/><W68/><G123/><T62/><D38/><U132/><E132/><V45/><F82/><W114/><G135/><T115/><D115/><U34/><E0/><V39/><F18/><W87/><G87/><T50/><D17/><U88/><E36/><V40/><F58/><W42/><G128/><T113/><D113/><U23/><E34/><V104/><F104/><W22/><G114/><T2/><D2/><U133/><E133/><V5/><F39/><W101/><G48/><T83/><D83/><U60/><E79/><V15/><REACH who="2" step="1"/><F5/><REACH who="2" ten="230,242,288,230" step="2"/><W91/><G105/><T125/><D125/><U4/><E19/><V118/><F118/><W21/><G37/><T126/><D126/><U84/><E4/><V24/><F24/><W32/><G29/><AGARI ba="0,1" hai="6,9,15,25,29,35,40,41,43,45,49,97,98,99" machi="29" ten="40,2000,0" yaku="1,1,53,0" doraHai="33" doraHaiUra="72" who="2" fromWho="3" sc="230,0,242,0,288,30,230,-20" /><INIT seed="2,1,0,0,4,118" ten="230,242,318,210" oya="2" hai0="111,21,132,114,117,0,22,108,77,63,85,126,101" hai1="37,31,39,65,91,42,105,14,83,128,104,46,4" hai2="107,2,96,41,32,82,50,79,28,121,16,33,119" hai3="71,40,17,25,67,89,29,100,112,10,54,35,1"/><V24/><F119/><W12/><G112/><T94/><D114/><U93/><E128/><V131/><F131/><W58/><G40/><T90/><D117/><U55/><E37/><V69/><F2/><W49/><G100/><T7/><D132/><U68/><E83/><V38/><F38/><W15/><G89/><T61/><D126/><U30/><E30/><V43/><F33/><W115/><G115/><T88/><D101/><U73/><E73/><V36/><F36/><W20/><G71/><T80/><D7/><U56/><E65/><V134/><F134/><W110/><G110/><N who="0" m="42027" /><D90/><U98/><E68/><V97/><F69/><W99/><G99/><N who="0" m="57799" /><D0/><U76/><E76/><V6/><F6/><W11/><G67/><T26/><D22/><U120/><E120/><V13/><F121/><W81/><G81/><T51/><D51/><U78/><E78/><V129/><F107/><W66/><G66/><T75/><D75/><U124/><E124/><V127/><F129/><W123/><G123/><T3/><D3/><U106/><E4/><V23/><F127/><W44/><G1/><T57/><D57/><U59/><E59/><V133/><F133/><W52/><REACH who="3" step="1"/><G12/><REACH who="3" ten="230,242,318,200" step="2"/><T60/><D60/><AGARI ba="1,1" hai="10,11,15,17,20,25,29,35,44,49,52,54,58,60" machi="60" ten="30,7700,0" yaku="1,1,2,1,7,1,54,1,53,0" doraHai="118" doraHaiUra="130" who="3" fromWho="0" sc="230,-80,242,0,318,0,200,90" /><INIT seed="3,0,0,1,0,17" ten="150,242,318,290" oya="3" hai0="109,85,59,44,93,14,75,103,98,60,100,81,90" hai1="92,49,88,125,34,129,111,135,80,101,74,106,128" hai2="33,21,29,46,94,113,18,62,132,133,122,134,43" hai3="115,120,76,104,95,70,8,91,53,66,107,48,26"/><W67/><G120/><T102/><D109/><U1/><E34/><V38/><F113/><W77/><G115/><T51/><D75/><U27/><E1/><V9/><F122/><W42/><G42/><T50/><D14/><U35/><E27/><N who="2" m="18623" /><F94/><W47/><G8/><T54/><REACH who="0" step="1"/><D51/><REACH who="0" ten="140,242,318,290" step="2"/><U87/><E49/><V5/><F62/><W96/><G48/><T11/><D11/><U83/><E111/><V39/><F9/><W31/><G107/><T55/><AGARI ba="0,1" hai="44,50,54,55,59,60,81,85,90,93,98,100,102,103" machi="55" ten="20,8000,1" yaku="1,1,0,1,7,1,8,1,53,1" doraHai="17" doraHaiUra="40" who="0" fromWho="0" sc="140,90,242,-20,318,-20,290,-40" /><INIT seed="4,0,0,4,4,95" ten="230,222,298,250" oya="0" hai0="133,113,6,90,49,69,80,98,8,19,131,120,44" hai1="101,54,55,57,109,97,66,100,107,135,47,70,11" hai2="94,3,105,26,25,12,89,35,64,62,128,129,14" hai3="68,39,134,63,119,116,106,51,124,33,15,92,79"/><T43/><D120/><U130/><E109/><V103/><F3/><W2/><G92/><T34/><D113/><U32/><E135/><V87/><F25/><W61/><G79/><T5/><D133/><U56/><E130/><V76/><F76/><W112/><G15/><T30/><D69/><U50/><E32/><V0/><F0/><W24/><G24/><T114/><D114/><U22/><E70/><V115/><F115/><W117/><G51/><T31/><D131/><U84/><E66/><V91/><F91/><W45/><G45/><T48/><D34/><U96/><E84/><V59/><F128/><W81/><G81/><T29/><D49/><U85/><E85/><V42/><F42/><W125/><G112/><T82/><D19/><U16/><E11/><V52/><F129/><W71/><G134/><T10/><D98/><U13/><REACH who="1" step="1"/><E54/><REACH who="1" ten="230,212,298,250" step="2"/><V60/><F64/><W1/><G33/><T102/><D10/><U73/><E73/><V122/><F52/><W104/><G117/><T126/><D8/><U77/><E77/><V9/><F9/><W121/><G121/><T53/><D53/><U123/><E123/><V74/><F122/><W72/><G72/><T17/><D6/><U21/><E21/><V111/><F74/><W40/><G40/><T20/><D43/><U93/><AGARI ba="0,1" hai="13,16,22,47,50,55,56,57,93,96,97,100,101,107" machi="93" ten="20,12000,2" yaku="1,1,0,1,7,1,52,2,54,1,53,0" doraHai="95" doraHaiUra="65" who="1" fromWho="1" sc="230,-60,212,130,298,-30,250,-30" /><INIT seed="5,0,0,5,0,36" ten="170,342,268,220" oya="1" hai0="110,42,98,6,12,38,56,81,109,65,80,126,28" hai1="16,134,13,21,24,106,124,73,55,118,82,101,26" hai2="117,54,27,30,84,43,69,50,53,39,76,61,51" hai3="86,120,111,17,79,40,4,113,45,92,94,23,123"/><U83/><E134/><V108/><F76/><W95/><G111/><T112/><D112/><U47/><E124/><V96/><F84/><W119/><G119/><T18/><D126/><U72/><E118/><V10/><F10/><W77/><G113/><T78/><D28/><U102/><E47/><N who="2" m="24063" /><F96/><W115/><G115/><T100/><D6/><U97/><E55/><V125/><F27/><W68/><G68/><T44/><D56/><U35/><E102/><V8/><F8/><W34/><G34/><T37/><D65/><U132/><E132/><V121/><F30/><W22/><G4/><T135/><D37/><U122/><E122/><V128/><F117/><W129/><G129/><T62/><D62/><U48/><E48/><V2/><F2/><W107/><G107/><T60/><D60/><U71/><E71/><V19/><F19/><W85/><G17/><T49/><D38/><U46/><E46/><N who="2" m="27863" /><F125/><W90/><G90/><T9/><D135/><U57/><E73/><V5/><F5/><W104/><G104/><T127/><D127/><U70/><E72/><V91/><F91/><W63/><G95/><T31/><D31/><U33/><E33/><V58/><F108/><W14/><G120/><T89/><D89/><U64/><E26/><V130/><F121/><W88/><G14/><T3/><D3/><U11/><E35/><V114/><F114/><W75/><G123/><T99/><D81/><U105/><E105/><V133/><F133/><W116/><G116/><T103/><D99/><U59/><E83/><V25/><F25/><W66/><G75/><N who="0" m="43103" /><D98/><U20/><E82/><RYUUKYOKU ba="0,0" sc="170,15,342,-15,268,15,220,-15" hai0="9,12,18,42,44,49,100,103,109,110" hai2="51,54,58,61,69,128,130" /><INIT seed="6,1,0,0,3,6" ten="185,327,283,205" oya="2" hai0="64,118,17,23,70,94,87,15,103,76,134,107,119" hai1="55,33,117,24,108,121,30,84,95,72,58,100,2" hai2="21,50,26,32,75,46,4,131,73,80,49,54,83" hai3="65,91,9,129,5,41,16,52,47,113,67,8,63"/><V71/><F32/><W122/><G122/><T57/><D70/><U68/><E108/><V99/><F71/><W25/><G129/><T101/><D107/><U133/><E72/><V19/><F131/><W28/><G113/><T1/><D134/><U3/><E68/><V39/><F39/><W35/><G91/><T127/><D127/><U135/><E117/><N who="0" m="44553" /><D1/><U97/><E121/><V120/><F120/><W14/><G63/><N who="0" m="37999" /><D76/><U43/><E43/><V78/><F99/><W81/><G81/><T53/><D53/><U18/><E18/><V96/><F96/><W60/><G60/><T34/><D34/><U92/><E92/><V123/><F4/><W93/><G93/><T37/><D37/><U82/><E133/><V7/><F7/><W77/><G77/><T86/><D86/><U89/><E135/><V31/><F123/><W45/><G52/><T109/><D109/><U38/><E38/><V128/><F128/><W104/><G104/><T112/><D112/><U126/><E126/><V42/><F80/><W110/><G110/><T20/><D20/><U40/><E40/><V12/><F73/><W98/><G98/><T22/><D22/><U61/><AGARI ba="1,0" hai="2,3,24,30,33,55,58,61,82,84,89,95,97,100" machi="61" ten="20,1500,0" yaku="0,1,7,1" doraHai="6" who="1" fromWho="1" sc="185,-5,327,18,283,-8,205,-5" /><INIT seed="7,0,0,1,0,84" ten="180,345,275,200" oya="3" hai0="14,13,77,36,39,57,94,109,24,59,48,21,117" hai1="133,122,113,89,17,63,114,76,37,131,112,5,23" hai2="107,102,32,53,129,124,90,54,67,55,34,69,28" hai3="79,97,116,35,40,15,45,18,125,73,99,82,22"/><W100/><G116/><T111/><D117/><U104/><E133/><V115/><F115/><W27/><G125/><T123/><D123/><U0/><E131/><V86/><F124/><W119/><G119/><T4/><D77/><U31/><E122/><V92/><F129/><W7/><G100/><T103/><D39/><U58/><E31/><V29/><F69/><W11/><REACH who="3" step="1"/><G35/><REACH who="3" ten="180,345,275,190" step="2"/><T106/><D111/><U68/><E113/><V98/><F34/><W41/><G41/><T42/><D109/><U132/><E114/><V80/><F32/><W85/><G85/><T2/><D103/><U19/><E112/><V1/><F107/><W8/><G8/><T130/><D106/><U43/><E104/><V47/><F47/><W62/><G62/><T88/><D130/><U46/><E63/><V118/><F118/><W120/><G120/><T135/><D42/><U64/><E43/><V74/><F74/><W70/><G70/><T105/><D105/><U127/><E46/><V25/><F102/><W95/><G95/><T16/><D94/><U38/><E68/><V3/><F92/><W44/><G44/><T83/><D36/><AGARI ba="0,1" hai="7,11,15,18,22,27,36,40,45,73,79,82,97,99" machi="36" ten="30,2900,0" yaku="1,1,7,1,53,0" doraHai="84" doraHaiUra="96" who="3" fromWho="0" sc="180,-29,345,0,275,0,190,39" /><INIT seed="7,1,0,4,2,28" ten="151,345,275,229" oya="3" hai0="131,77,13,91,115,33,46,57,84,72,122,59,113" hai1="7,87,44,97,5,133,117,48,37,125,64,4,1" hai2="42,24,65,66,110,129,105,78,26,32,132,114,100" hai3="38,54,40,106,120,58,98,135,67,109,71,116,94"/><W89/><G116/><T111/><D111/><U25/><E37/><V60/><F110/><W41/><G120/><T93/><D122/><U107/><E133/><V12/><F132/><W92/><G109/><T35/><D131/><U123/><E123/><V6/><F66/><W74/><G74/><T95/><D46/><U0/><E125/><V45/><F114/><N who="0" m="43530" /><D13/><U15/><E117/><V62/><F62/><W130/><G135/><T121/><D121/><U27/><E64/><V86/><F32/><N who="0" m="12362" /><D95/><U36/><E36/><V124/><F124/><W23/><G92/><T103/><D103/><U31/><E15/><V82/><F129/><W75/><G94/><T83/><AGARI ba="1,0" hai="57,59,72,77,83,84,91,93" m="12362,43530" machi="83" ten="40,8000,1" yaku="15,1,11,1,52,3" doraHai="28" who="0" fromWho="0" sc="151,83,345,-21,275,-21,229,-41" owari="234,-17.0,324,43.0,254,5.0,188,-31.0" /></mjloggm>