<mjloggm ver="2.3"><GO type="169" lobby="0"/><UN n0="%E4%B8%83%E3%83%84%E6%98%9F%E3%83%9B%E3%82%AF%E3%82%B5%E3%82%A4" n1="%E3%82%B1%E3%82%A4%E3%83%AD%E3%83%B3" n2="%E3%82%82%E3%81%93%E3%81%BF" n3="%41%47%72%64%6E" dan="17,16,16,16" rate="2169.59,2163.25,2093.06,2138.18" sx="M,F,M,M"/><TAIKYOKU oya="0"/><INIT seed="0,0,0,2,1,128" ten="250,250,250,250" oya="0" hai0="72,10,86,21,74,65,51,85,68,122,16,97,109" hai1="107,55,22,108,102,133,14,105,100,119,46,95,90" hai2="112,3,134,129,127,26,62,73,96,70,99,110,38" hai3="54,43,59,30,113,56,50,101,61,114,23,116,76"/><T12/><D122/><U92/><E119/><V5/><RYUUKYOKU type="yao9" ba="0,0" sc="250,0,250,0,250,0,250,0" hai2="3,5,26,38,62,70,73,96,99,110,112,127,129,134" /><INIT seed="0,1,0,1,4,67" ten="250,250,250,250" oya="0" hai0="46,34,114,79,4,28,45,48,99,82,54,43,59" hai1="121,122,1,94,30,33,125,63,93,10,83,64,58" hai2="112,40,35,50,91,41,90,56,123,97,126,92,55" hai3="77,107,3,96,49,31,26,8,11,18,108,22,73"/><T131/><D114/><U84/><E125/><V60/><F123/><W36/><G36/><T68/><D131/><U134/><E134/><V103/><F126/><W21/><G108/><T37/><D4/><U86/><E33/><V27/><F112/><W23/><G73/><T15/><D15/><U104/><E104/><V129/><F129/><W52/><G77/><T70/><D99/><U78/><E30/><V19/><F35/><W120/><G120/><T124/><D124/><U75/><E75/><V130/><F130/><W72/><G72/><T95/><D95/><U117/><E93/><V71/><F71/><W101/><G3/><T119/><D119/><U16/><E1/><V127/><F127/><W111/><G111/><T32/><D32/><U65/><E117/><V9/><F50/><W66/><G66/><T105/><D105/><U89/><REACH who="1" step="1"/><E65/><REACH who="1" ten="250,240,250,250" step="2"/><V20/><F9/><W44/><REACH who="3" step="1"/><G23/><REACH who="3" ten="250,240,250,240" step="2"/><T106/><D34/><U0/><E0/><V100/><REACH who="2" step="1"/><F91/><REACH who="2" ten="250,240,240,240" step="2"/><W85/><G85/><T51/><D79/><U25/><E25/><AGARI ba="1,3" hai="8,11,18,21,22,25,26,31,44,49,52,96,101,107" machi="25" ten="30,7700,0" yaku="1,1,7,1,54,1,53,1" doraHai="67" doraHaiUra="42" who="3" fromWho="1" sc="250,0,240,-80,240,0,240,110" /><INIT seed="1,0,0,5,0,3" ten="250,160,240,350" oya="1" hai0="33,50,34,75,103,47,54,84,73,23,116,9,56" hai1="96,107,122,81,55,117,66,2,27,131,45,110,21" hai2="18,70,97,112,42,88,41,124,76,95,60,51,7" hai3="128,100,19,32,119,121,129,67,91,134,64,82,39"/><U6/><E122/><V102/><F124/><W109/><G39/><T57/><D116/><U104/><E117/><V63/><F112/><W22/><G32/><T120/><D120/><U77/><E66/><V111/><F111/><W62/><G119/><T99/><D33/><U16/><E131/><V36/><F36/><W101/><G109/><T79/><D34/><U26/><E110/><V52/><F76/><W35/><G35/><T5/><D23/><U126/><E126/><V48/><F70/><W69/><G64/><T61/><D84/><U86/><E96/><V40/><F48/><W44/><G44/><T135/><D135/><U59/><E27/><V53/><F53/><W130/><G134/><T133/><D133/><U132/><E45/><V83/><F18/><W4/><G4/><T14/><D79/><U20/><E20/><V1/><F83/><W125/><G125/><T43/><REACH who="0" step="1"/><D57/><REACH who="0" ten="240,160,240,350" step="2"/><U30/><E132/><V38/><F38/><W106/><G121/><T12/><D12/><U115/><E115/><V74/><F74/><W58/><G58/><T46/><D46/><U87/><E86/><V37/><F37/><W68/><G68/><T123/><D123/><U0/><E30/><V80/><F1/><W24/><G106/><AGARI ba="0,1" hai="5,9,14,43,47,50,54,56,61,73,75,99,103,106" machi="106" ten="30,7700,0" yaku="1,1,7,1,52,1,53,1" doraHai="3" doraHaiUra="11" who="0" fromWho="3" sc="240,87,160,0,240,0,350,-77" /><INIT seed="2,0,0,1,2,7" ten="327,160,240,273" oya="2" hai0="105,71,65,98,128,123,121,44,110,0,41,21,111" hai1="20,80,69,102,38,56,131,36,106,45,32,126,53" hai2="18,83,133,49,122,9,68,26,1,109,63,64,77" hai3="88,127,87,76,93,39,84,31,75,58,117,37,30"/><V6/><F133/><W46/><G117/><T11/><D21/><U19/><E32/><V66/><F122/><W60/><G75/><T28/><D28/><U24/><E69/><V99/><F109/><N who="0" m="41482" /><D128/><U112/><E112/><V78/><F66/><W34/><G127/><T135/><D135/><U124/><E131/><V132/><F132/><W48/><G37/><N who="0" m="21551" /><D98/><N who="1" m="61783" /><E45/><V113/><F113/><W61/><G39/><T119/><D105/><U103/><E103/><V33/><F49/><W72/><G72/><T8/><D119/><U73/><E80/><V70/><F70/><W86/><G34/><T57/><D71/><U16/><E19/><V82/><F99/><N who="3" m="57767" /><G76/><T116/><D0/><U22/><E22/><V101/><F101/><W2/><G2/><T47/><D47/><U108/><E73/><V125/><F125/><N who="1" m="48233" /><E108/><V95/><F95/><W79/><G79/><T5/><D116/><U51/><AGARI ba="0,0" hai="16,20,24,36,38,51,53,56" m="48233,61783" machi="51" ten="30,2000,0" yaku="18,1,54,1" doraHai="7" who="1" fromWho="1" sc="327,-5,160,20,240,-10,273,-5" /><INIT seed="3,0,0,5,1,38" ten="322,180,230,268" oya="3" hai0="12,130,78,107,97,90,34,135,21,73,54,71,13" hai1="114,95,26,43,81,82,5,104,105,83,123,42,122" hai2="57,46,127,69,36,40,47,53,98,67,75,27,7" hai3="133,33,93,108,126,79,39,128,0,59,131,1,101"/><W32/><G79/><T62/><D34/><N who="3" m="13417" /><G59/><T41/><D135/><U64/><E26/><V45/><F127/><W112/><G93/><T111/><D111/><U30/><E95/><V35/><F75/><W51/><G51/><T58/><D130/><N who="3" m="49705" /><G112/><T11/><D71/><U50/><E5/><V68/><F7/><W20/><G101/><T61/><D78/><U132/><E50/><N who="2" m="30903" /><F98/><W115/><G115/><T31/><D73/><U76/><E114/><V8/><F8/><W72/><G72/><T110/><D107/><N who="1" m="41035" /><E76/><V74/><F74/><W89/><G89/><T121/><D90/><U66/><E30/><N who="2" m="19935" /><F69/><W134/><G39/><T18/><D97/><U10/><E10/><V103/><F103/><W52/><G52/><T85/><D54/><U17/><E17/><V84/><F84/><W91/><G91/><T56/><D18/><U88/><E88/><V9/><F9/><W96/><G96/><T22/><D11/><U23/><E23/><V106/><F106/><W124/><G20/><T14/><D85/><U24/><E132/><N who="3" m="50794" /><G108/><T117/><D110/><U113/><E113/><V125/><F68/><W87/><G87/><T16/><D22/><U55/><E55/><V129/><F129/><W80/><G80/><T92/><D21/><U28/><E28/><V102/><F102/><W99/><G99/><T15/><D31/><U6/><E6/><V63/><F36/><W19/><G19/><T48/><D16/><U116/><E82/><V49/><F49/><W65/><G65/><T70/><N who="0" m="3072" /><DORA hai="29" /><T4/><D48/><U37/><E37/><V94/><F94/><RYUUKYOKU ba="0,0" sc="322,-10,180,-10,230,-10,268,30" hai3="0,1,124,126" /><INIT seed="3,1,0,1,3,62" ten="312,170,220,298" oya="3" hai0="25,41,53,114,32,19,100,103,30,90,52,116,119" hai1="0,12,99,88,102,21,115,34,69,26,111,131,92" hai2="107,101,48,98,1,45,96,77,125,134,33,113,40" hai3="50,110,121,49,29,72,70,79,8,65,37,46,35"/><W112/><G112/><T11/><D41/><U5/><E115/><V13/><F125/><W3/><G121/><T91/><D114/><U22/><E111/><V2/><F134/><W16/><G37/><T105/><D11/><U14/><E131/><V24/><F113/><W74/><G110/><T80/><D19/><U118/><E118/><V132/><F132/><W67/><G70/><T17/><D17/><U73/><E73/><V84/><F98/><W36/><G36/><T87/><D91/><U64/><E0/><V54/><F33/><W93/><G93/><T129/><D129/><U126/><E126/><V9/><F24/><W44/><G79/><T127/><D127/><U122/><E122/><V120/><F54/><W38/><G38/><T76/><D105/><U94/><E34/><V28/><F28/><W18/><G35/><T104/><D104/><U47/><E47/><V109/><F109/><W39/><G39/><T61/><D76/><U31/><E5/><N who="2" m="3247" /><F120/><W56/><G56/><T55/><REACH who="0" step="1"/><D61/><REACH who="0" ten="302,170,220,298" step="2"/><U108/><E108/><V128/><F128/><W81/><G8/><T15/><D15/><U71/><E12/><V95/><F107/><W58/><G29/><T133/><D133/><U7/><E14/><V117/><F117/><AGARI ba="1,1" hai="25,30,32,52,53,55,80,87,90,100,103,116,117,119" machi="117" ten="40,5200,0" yaku="1,1,54,1,53,1" doraHai="62" doraHaiUra="23" who="0" fromWho="2" sc="302,65,170,0,220,-55,298,0" /><INIT seed="4,0,0,5,0,89" ten="367,170,165,298" oya="0" hai0="13,106,119,23,93,39,73,21,108,36,17,110,40" hai1="105,29,84,80,58,70,69,41,127,104,25,135,109" hai2="118,63,86,114,37,64,56,68,85,91,26,52,120" hai3="128,134,44,72,102,24,75,33,101,123,103,66,32"/><T54/><D106/><U8/><E109/><V77/><F114/><W98/><G66/><T46/><D73/><U81/><E41/><V20/><F120/><W133/><G98/><T0/><D0/><U28/><E8/><V57/><F118/><W112/><G24/><T107/><D107/><U7/><E7/><V96/><F37/><W100/><G112/><T15/><D119/><U12/><E12/><V18/><F68/><W60/><G60/><T19/><D54/><U2/><E58/><V67/><F77/><W53/><G123/><T117/><D117/><U130/><E25/><V94/><F64/><W125/><N who="3" m="25600" /><DORA hai="82" /><W121/><G121/><T34/><D34/><N who="3" m="13417" /><G44/><T74/><D74/><N who="3" m="28201" /><G53/><T61/><D61/><AGARI ba="0,0" hai="18,20,26,52,56,57,61,63,67,85,86,91,94,96" machi="61" ten="30,16000,3" yaku="7,1,25,2,8,1,52,3,54,1" doraHai="89,82" who="2" fromWho="0" sc="367,-160,170,0,165,160,298,0" /><INIT seed="5,0,0,4,0,2" ten="207,170,325,298" oya="1" hai0="93,94,12,21,6,43,8,23,132,87,86,85,129" hai1="92,135,38,14,56,103,82,13,25,122,84,64,49" hai2="124,18,63,114,112,123,72,0,81,10,65,45,36" hai3="16,90,24,80,131,109,22,70,33,39,37,27,88"/><U3/><E38/><V126/><F123/><W51/><G70/><T47/><D132/><U41/><E122/><V61/><F72/><W111/><G131/><T9/><D129/><U125/><E125/><N who="2" m="48235" /><F81/><W68/><G68/><T96/><D9/><U15/><E3/><V66/><F18/><W73/><G73/><T89/><REACH who="0" step="1"/><D94/><REACH who="0" ten="197,170,325,298" step="2"/><U99/><E135/><V110/><F10/><W50/><G80/><T115/><D115/><N who="2" m="44074" /><F110/><W71/><G109/><T35/><D35/><U53/><E25/><V28/><F0/><W108/><G33/><T11/><D11/><U30/><E30/><V105/><F105/><W17/><G71/><T5/><D5/><U75/><E75/><V117/><F28/><W95/><G95/><T42/><D42/><U106/><E41/><N who="2" m="22695" /><F117/><W128/><G128/><T119/><D119/><U98/><E106/><V67/><AGARI ba="0,1" hai="61,63,65,66,67" m="22695,44074,48235" machi="67" ten="40,8000,1" yaku="18,1,15,1,11,1,34,2" doraHai="2" who="2" fromWho="2" sc="197,-20,170,-40,325,90,298,-20" /><INIT seed="6,0,0,5,2,61" ten="177,130,415,278" oya="2" hai0="5,115,26,14,70,79,45,74,81,104,17,111,99" hai1="78,42,64,23,68,114,15,20,107,28,7,18,27" hai2="92,125,30,119,122,96,83,105,36,108,19,100,52" hai3="95,66,131,55,58,121,44,97,47,29,4,132,56"/><V90/><F36/><W116/><G121/><T106/><D111/><U113/><E107/><V34/><F119/><W25/><G116/><T133/><D115/><N who="1" m="44043" /><E42/><V62/><F122/><W127/><G127/><T6/><D106/><U93/><E78/><V80/><F125/><W126/><G131/><T128/><D133/><U120/><E93/><V51/><F62/><N who="3" m="38215" /><G4/><T124/><D128/><U38/><E38/><V53/><F53/><W43/><G43/><T117/><D117/><U33/><E120/><V103/><F103/><N who="3" m="60863" /><G132/><T112/><D124/><U65/><E68/><V46/><F108/><W110/><G110/><T50/><D70/><U73/><E73/><V41/><F41/><W13/><G13/><T12/><D112/><U59/><E59/><V85/><REACH who="2" step="1"/><F19/><REACH who="2" ten="177,130,405,278" step="2"/><W101/><G126/><T129/><D129/><U86/><E7/><V9/><F9/><W11/><G11/><T76/><D5/><U109/><E109/><V60/><F60/><N who="3" m="35935" /><G101/><T69/><D6/><U32/><E86/><V71/><F71/><W135/><G135/><T75/><D69/><U94/><E94/><V22/><F22/><AGARI ba="0,1" hai="22,25,29,44,47" m="35935,60863,38215" machi="22" ten="30,3900,0" yaku="25,1,8,1,52,1" doraHai="61" who="3" fromWho="2" sc="177,0,130,0,405,-39,278,49" /><INIT seed="7,0,0,1,2,25" ten="177,130,366,327" oya="3" hai0="28,77,120,119,105,84,60,18,117,54,134,98,47" hai1="57,24,8,104,43,23,132,73,83,31,126,51,61" hai2="9,26,39,110,99,40,7,16,107,75,88,124,97" hai3="37,69,103,109,86,112,19,14,48,66,78,44,74"/><W38/><G74/><T80/><D120/><U87/><E104/><V36/><F110/><W62/><G109/><T22/><D134/><U13/><E73/><V35/><F75/><W17/><G112/><T82/><D28/><U52/><E132/><V27/><F40/><W2/><G2/><T12/><D82/><U94/><E126/><V89/><F124/><W116/><G103/><T130/><D130/><U81/><E94/><V21/><F35/><W11/><G116/><T41/><D54/><U33/><E33/><V121/><F121/><W70/><G69/><T92/><D60/><U128/><E128/><V42/><F42/><W46/><G19/><T55/><D55/><U108/><E108/><V101/><F27/><W118/><G118/><T20/><D20/><U76/><E83/><V113/><F113/><W111/><G111/><T90/><D105/><U95/><E95/><V72/><F72/><W71/><G71/><T129/><D129/><U3/><E3/><V79/><F79/><W32/><G32/><T131/><D131/><U6/><E43/><V5/><F5/><W64/><G64/><T122/><D122/><U1/><E1/><V34/><F34/><W30/><G30/><T123/><D123/><U50/><AGARI ba="0,0" hai="6,8,13,23,24,31,50,51,52,57,61,76,81,87" machi="50" ten="30,7900,0" yaku="0,1,8,1,52,1,54,1" doraHai="25" who="1" fromWho="1" sc="177,-20,130,79,366,-20,327,-39" owari="157,-34.0,209,-19.0,346,44.0,288,9.0" /></mjloggm>