<mjloggm ver="2.3"><GO type="185" lobby="0"/><UN n0="%E3%83%93%E3%83%83%E3%82%B0%E3%83%9E%E3%83%A1" n1="%E9%9B%AA%E6%9D%91%E5%8D%83%E7%B5%B5%E8%8E%89" n2="%43%68%75%65%6C" n3="" dan="17,17,16,0" rate="2185.45,2243.44,2218.40,1500.00" sx="M,F,F,C"/><TAIKYOKU oya="0"/><INIT seed="0,0,0,2,4,135" ten="350,350,350,0" oya="0" hai0="108,93,105,72,127,124,2,52,125,67,66,130,86" hai1="56,131,99,95,65,58,123,103,92,47,63,98,50" hai2="109,94,62,113,134,100,53,51,1,43,55,54,115" hai3=""/><T59/><D2/><U84/><N who="1" m="31520" /><U81/><E131/><V114/><F1/><T119/><D119/><U133/><E133/><V89/><F134/><T126/><D130/><U101/><E56/><V34/><F34/><T61/><D105/><U112/><E112/><V42/><F100/><T38/><D72/><U121/><N who="1" m="31008" /><U83/><REACH who="1" step="1"/><E84/><REACH who="1" ten="350,340,350,0" step="2"/><V116/><F113/><T91/><N who="0" m="32256" /><DORA hai="78" /><T120/><N who="0" m="30752" /><T76/><D108/><U60/><E60/><V40/><F62/><T75/><D38/><U3/><E3/><V36/><F109/><T104/><D104/><U80/><E80/><AGARI ba="0,1" hai="52,59,61,66,67,75,76,80,86,91,93" m="30752,32256" machi="80" ten="70,24000,3" yaku="18,1,52,6,54,1" doraHai="135,78" who="0" fromWho="1" sc="350,250,340,-240,350,0,0,0" /><INIT seed="0,1,0,4,4,69" ten="600,100,350,0" oya="0" hai0="53,96,104,91,49,95,61,48,68,124,71,35,81" hai1="112,72,120,113,134,46,85,87,92,86,90,41,70" hai2="54,59,80,97,47,130,36,0,67,55,114,1,98" hai3=""/><T51/><D35/><U94/><N who="1" m="30752" /><U116/><E116/><V117/><F114/><N who="1" m="44137" /><E134/><V76/><F117/><T131/><D124/><U82/><E70/><V121/><N who="2" m="31008" /><V125/><F125/><T102/><D131/><U135/><E135/><V106/><F67/><T77/><D61/><U42/><E42/><V133/><F133/><T127/><D127/><U110/><E110/><V43/><F55/><T123/><N who="0" m="31520" /><T111/><D111/><U115/><N who="1" m="44145" /><U75/><DORA hai="33" /><E82/><V62/><F130/><T44/><D71/><U58/><E58/><V83/><F83/><T40/><D40/><U101/><E101/><V84/><REACH who="2" step="1"/><F106/><REACH who="2" ten="600,100,340,0" step="2"/><T63/><D68/><U103/><E103/><V109/><F109/><T56/><D104/><U57/><E57/><V52/><F52/><T79/><D44/><U126/><E126/><V3/><AGARI ba="1,1" hai="0,1,3,36,43,47,54,59,62,76,80,84,97,98" m="31008" machi="3" ten="30,9000,2" yaku="1,1,0,1,52,5,53,0" doraHai="69,33" doraHaiUra="128,2" who="2" fromWho="2" sc="600,-61,100,-31,340,102,0,0" /><INIT seed="1,0,0,0,2,114" ten="539,69,442,0" oya="1" hai0="105,49,113,46,68,47,99,72,54,3,125,38,61" hai1="117,77,59,52,85,121,95,80,65,0,56,82,50" hai2="60,78,40,111,53,102,83,116,35,110,101,119,43" hai3=""/><U128/><N who="1" m="31008" /><U34/><E34/><V130/><F35/><T62/><D72/><U84/><E0/><V108/><F130/><T41/><D113/><U57/><E128/><V88/><F53/><T75/><D75/><U120/><N who="1" m="30752" /><U79/><E117/><N who="2" m="45131" /><F60/><T104/><D3/><U81/><E95/><V32/><F32/><T70/><D99/><U45/><E81/><V55/><F55/><T124/><D104/><U69/><E69/><N who="0" m="26729" /><D105/><U76/><E76/><V90/><F43/><T118/><D118/><U109/><E109/><V71/><F40/><T115/><D115/><U48/><E65/><V98/><F71/><T1/><D1/><U89/><E89/><N who="2" m="34411" /><F98/><T33/><D33/><U63/><E63/><AGARI ba="0,0" hai="38,41,46,47,49,54,61,62,63,124,125" m="26729" machi="63" ten="30,2000,0" yaku="34,2" doraHai="114" who="0" fromWho="1" sc="539,20,69,-20,442,0,0,0" /><INIT seed="2,0,0,4,4,121" ten="559,49,442,0" oya="2" hai0="46,128,40,135,49,113,50,116,58,80,48,53,112" hai1="129,108,60,0,83,45,89,115,35,3,102,90,37" hai2="100,103,42,64,107,87,66,104,61,38,92,111,123" hai3=""/><V119/><N who="2" m="31520" /><V78/><F119/><T59/><D116/><U131/><E35/><V65/><F61/><T52/><D128/><N who="1" m="49227" /><E115/><N who="0" m="44105" /><D135/><U54/><E102/><V95/><F42/><T117/><D117/><U72/><E108/><V120/><N who="2" m="30752" /><V77/><F38/><T118/><D118/><U56/><E72/><V76/><F111/><T75/><D80/><U79/><E79/><V96/><REACH who="2" step="1"/><F87/><REACH who="2" ten="559,49,432,0" step="2"/><T101/><D75/><U57/><E83/><V69/><F69/><T105/><D105/><U132/><E90/><V99/><AGARI ba="0,1" hai="64,65,66,76,77,78,92,95,96,99,100,103,104,107" m="30752,31520" machi="99" ten="40,8000,1" yaku="1,1,0,1,9,1,52,2,53,0" doraHai="121" doraHaiUra="85" who="2" fromWho="2" sc="559,-40,49,-40,432,90,0,0" /><INIT seed="2,1,0,5,1,87" ten="519,9,522,0" oya="2" hai0="91,134,103,93,106,84,40,120,61,34,73,78,135" hai1="70,110,68,35,43,90,130,82,62,64,52,125,96" hai2="67,49,113,123,108,54,104,74,47,60,101,37,36" hai3=""/><V132/><N who="2" m="31520" /><V83/><F113/><T41/><N who="0" m="30752" /><T116/><D116/><U114/><E114/><V72/><F132/><N who="0" m="50730" /><D34/><U85/><E110/><V48/><F108/><T76/><D61/><U42/><E35/><V56/><F101/><T77/><D73/><U81/><E130/><V129/><F104/><T107/><D107/><U124/><E68/><V45/><F129/><T98/><AGARI ba="1,0" hai="40,41,76,77,78,84,91,93,98,103,106" m="50730,30752" machi="98" ten="40,3900,0" yaku="20,1,52,2" doraHai="87" who="0" fromWho="0" sc="519,41,9,-14,522,-27,0,0" owari="560,51.0,-5,-61.0,495,10.0,0,0.0" /></mjloggm>