<mjloggm ver="2.3"><GO type="185" lobby="0"/><UN n0="%4E%45%47%49%54%53" n1="%4B%65%6E%74%4B%65%6E%74" n2="%62%69%74%74%65%72%74" n3="" dan="18,17,18,0" rate="2328.63,2267.22,2274.83,1500.00" sx="F,F,M,C"/><TAIKYOKU oya="0"/><INIT seed="0,0,0,3,3,73" ten="350,350,350,0" oya="0" hai0="118,33,84,0,66,3,45,83,56,81,72,93,99" hai1="87,134,110,120,50,125,101,113,86,116,123,117,47" hai2="2,135,78,127,130,32,128,122,46,108,119,60,69" hai3=""/><T126/><D33/><U68/><N who="1" m="30752" /><U44/><N who="1" m="31520" /><U104/><E68/><V59/><F46/><T52/><D118/><U51/><E134/><V115/><F59/><T49/><D126/><U42/><E125/><V34/><F60/><T98/><D72/><U54/><E110/><V58/><F58/><T94/><D83/><U132/><E132/><V124/><F78/><T63/><D94/><U64/><E64/><V41/><F41/><T36/><D36/><U114/><E104/><V112/><F34/><T62/><D62/><U97/><E97/><V37/><F115/><N who="1" m="44041" /><E101/><V103/><F103/><T111/><D111/><U131/><E131/><V55/><F128/><T92/><D92/><U71/><E71/><V67/><F67/><T90/><REACH who="0" step="1"/><D99/><REACH who="0" ten="340,350,350,0" step="2"/><U65/><E65/><V79/><F127/><T89/><AGARI ba="0,1" hai="0,3,45,49,52,56,63,66,81,84,89,90,93,98" machi="89" ten="20,12000,2" yaku="1,1,2,1,0,1,7,1,54,1,53,1" doraHai="73" doraHaiUra="48" who="0" fromWho="0" sc="340,130,350,-60,350,-60,0,0" /><INIT seed="0,1,0,2,3,53" ten="470,290,290,0" oya="0" hai0="41,69,44,45,115,58,37,79,125,121,106,71,105" hai1="131,118,78,63,40,111,116,39,89,68,54,43,86" hai2="56,66,74,65,101,95,107,91,35,117,126,87,130" hai3=""/><T55/><N who="0" m="31008" /><T33/><D33/><U51/><E111/><V94/><F35/><T90/><D115/><U92/><E131/><V0/><F0/><T108/><D125/><U103/><E103/><V3/><F74/><T93/><D108/><U47/><E78/><V104/><F3/><T97/><D45/><U60/><E60/><V119/><F66/><T132/><D132/><U112/><E112/><V61/><F126/><T46/><D46/><U72/><E72/><V36/><F36/><T80/><D106/><U81/><E81/><V38/><F38/><T2/><D105/><U50/><E50/><V122/><N who="2" m="31264" /><V129/><F104/><T98/><D98/><U99/><E99/><V82/><F107/><T113/><D113/><U48/><E48/><V77/><F101/><T59/><D2/><U88/><E89/><V83/><F83/><T120/><N who="0" m="30752" /><T110/><D110/><U64/><REACH who="1" step="1"/><E40/><REACH who="1" ten="470,280,290,0" step="2"/><V62/><F62/><T102/><D102/><U124/><E124/><V85/><REACH who="2" step="1"/><F95/><REACH who="2" ten="470,280,280,0" step="2"/><T32/><D32/><U133/><E133/><V128/><AGARI ba="1,2" hai="56,61,65,77,82,85,87,91,94,117,119,128,129,130" m="31264" machi="128" ten="40,9000,2" yaku="1,1,2,1,0,1,19,1,52,2,53,1" doraHai="53" doraHaiUra="73" who="2" fromWho="2" sc="470,-61,280,-31,280,112,0,0" /><INIT seed="1,0,0,0,2,35" ten="409,249,392,0" oya="1" hai0="67,113,74,37,106,80,54,51,69,84,86,3,83" hai1="119,97,50,122,64,98,44,60,1,55,134,39,59" hai2="101,82,90,71,58,93,103,125,65,114,104,121,100" hai3=""/><U0/><N who="1" m="31264" /><U36/><E119/><V63/><N who="2" m="31008" /><V102/><F125/><T91/><D113/><U112/><E112/><V105/><F114/><T42/><D106/><U128/><E128/><V111/><F111/><T135/><D135/><U99/><REACH who="1" step="1"/><E134/><REACH who="1" ten="409,239,392,0" step="2"/><V61/><N who="2" m="25600" /><DORA hai="117" /><V95/><F104/><T70/><D70/><U109/><E109/><V40/><F105/><T47/><D69/><U94/><E94/><V130/><F130/><T34/><D34/><U88/><E88/><V120/><N who="2" m="30752" /><V123/><N who="2" m="31520" /><V85/><REACH who="2" step="1"/><F40/><REACH who="2" ten="409,239,382,0" step="2"/><T131/><D42/><U77/><E77/><V53/><AGARI ba="0,2" hai="53,58,61,63,65,71,82,85,90,93,95" m="31520,30752,25600,31008" machi="53" ten="40,18000,4" yaku="1,1,2,1,0,1,52,6,53,2" doraHai="35,117" doraHaiUra="52,62" who="2" fromWho="2" sc="409,-60,239,-120,382,200,0,0" /><INIT seed="2,0,0,0,1,105" ten="349,119,582,0" oya="2" hai0="100,58,120,72,0,85,121,117,80,134,94,132,79" hai1="34,101,109,112,98,43,44,36,131,108,125,90,66" hai2="38,124,73,48,82,119,102,63,115,74,61,51,53" hai3=""/><V40/><F119/><T122/><N who="0" m="30752" /><T114/><N who="0" m="31008" /><T107/><N who="0" m="31264" /><T116/><D0/><U56/><E34/><V135/><F115/><T88/><D114/><U62/><E112/><V89/><F135/><N who="0" m="51754" /><D58/><U69/><E131/><V96/><F124/><T70/><D70/><U39/><E125/><V97/><F38/><T111/><D111/><U47/><E90/><V113/><F113/><T68/><D68/><U104/><REACH who="1" step="1"/><E56/><REACH who="1" ten="349,109,582,0" step="2"/><V123/><N who="2" m="31520" /><V83/><F89/><T1/><D1/><U78/><E78/><V75/><F40/><AGARI ba="0,1" hai="36,39,40,43,44,47,62,66,69,98,101,104,108,109" machi="40" ten="40,8000,1" yaku="1,1,9,1,23,2,53,0" doraHai="105" doraHaiUra="110" who="1" fromWho="2" sc="349,0,109,90,582,-80,0,0" /><INIT seed="4,0,0,5,2,44" ten="349,199,502,0" oya="0" hai0="82,77,133,129,107,96,32,79,93,120,81,85,90" hai1="99,50,80,124,121,3,68,125,131,63,135,112,88" hai2="40,60,73,103,62,84,38,130,106,128,116,54,115" hai3=""/><T119/><N who="0" m="30752" /><T109/><D32/><U71/><N who="1" m="31008" /><U43/><E3/><V98/><F73/><T111/><D119/><U37/><E112/><V45/><F115/><T123/><N who="0" m="31520" /><T0/><D0/><U46/><E135/><V105/><F116/><T58/><D133/><U87/><E131/><N who="2" m="50219" /><F106/><T91/><D129/><U42/><E42/><V101/><F101/><T118/><D118/><U55/><E99/><V35/><F35/><T1/><D1/><U97/><E97/><V132/><F132/><T65/><D107/><U64/><REACH who="1" step="1"/><E71/><REACH who="1" ten="349,189,502,0" step="2"/><V134/><F134/><T100/><D111/><U69/><E69/><V59/><F84/><T104/><D109/><U76/><E76/><V66/><F98/><T113/><D113/><U70/><E70/><V51/><F105/><T33/><D33/><U75/><E75/><V78/><F78/><N who="0" m="29706" /><D104/><U108/><E108/><V74/><F74/><T72/><D72/><U89/><E89/><N who="0" m="33801" /><D85/><U67/><E67/><V49/><F103/><T86/><D86/><U57/><AGARI ba="0,1" hai="37,43,46,50,55,57,63,64,68,80,87,88,124,125" m="31008" machi="57" ten="30,12000,3" yaku="1,1,0,1,24,2,52,2,54,1,53,1" doraHai="44" doraHaiUra="36" who="1" fromWho="1" sc="349,-80,189,130,502,-40,0,0" /><INIT seed="5,0,0,2,3,122" ten="269,319,462,0" oya="1" hai0="78,38,125,87,82,95,97,119,93,47,67,56,60" hai1="92,42,84,40,94,124,107,71,81,37,86,76,128" hai2="39,117,112,72,1,114,61,105,65,49,83,110,3" hai3=""/><U118/><E118/><V90/><F39/><T73/><D119/><U116/><E116/><V58/><F117/><T41/><D125/><U133/><E124/><V113/><F105/><T51/><D73/><U89/><E107/><V32/><F32/><T102/><D38/><U2/><E2/><V52/><F110/><T0/><D0/><U103/><E133/><V91/><F90/><T62/><D62/><U54/><E128/><V98/><F98/><T44/><D44/><U75/><E71/><V88/><F91/><T70/><REACH who="0" step="1"/><D70/><REACH who="0" ten="259,319,462,0" step="2"/><U131/><E131/><V79/><F88/><T99/><D99/><U106/><E75/><V50/><F50/><T111/><D111/><U68/><E68/><AGARI ba="0,1" hai="1,3,49,52,58,61,65,68,72,79,83,112,113,114" machi="68" ten="40,5200,0" yaku="15,1,11,1,54,1" doraHai="122" who="2" fromWho="1" sc="259,0,319,-52,462,62,0,0" /><INIT seed="6,0,0,4,4,129" ten="259,267,524,0" oya="2" hai0="95,104,37,114,50,42,48,112,3,128,59,34,105" hai1="103,87,33,116,76,134,108,85,58,57,1,81,127" hai2="88,56,117,69,97,40,79,73,126,47,101,111,110" hai3=""/><V55/><F117/><T130/><D3/><U61/><E1/><V62/><F69/><T77/><D34/><U66/><E33/><V135/><F135/><T118/><D118/><U83/><E134/><V106/><F126/><T63/><D77/><U43/><E108/><V132/><F132/><T99/><D37/><U119/><E127/><V74/><F88/><T93/><D105/><U60/><E43/><V109/><F79/><T35/><D104/><U98/><E98/><V120/><N who="2" m="30752" /><V123/><N who="2" m="31520" /><V92/><F106/><T70/><D70/><U115/><E115/><N who="0" m="44073" /><D35/><U122/><N who="1" m="31264" /><U44/><E76/><V121/><N who="2" m="31008" /><V125/><F125/><T68/><D68/><U82/><E116/><V39/><AGARI ba="0,0" hai="39,40,47,55,56,62,73,74,92,97,101,109,110,111" m="31008,31520,30752" machi="39" ten="30,8000,1" yaku="0,1,10,1,52,3" doraHai="129" who="2" fromWho="2" sc="259,-40,267,-40,524,80,0,0" owari="219,-38.0,227,-17.0,604,55.0,0,0.0" /></mjloggm>