<mjloggm ver="2.3"><GO type="225" lobby="0"/><UN n0="%E3%83%AF%E3%83%8B%54%41" n1="%69%70%73%E6%88%A6%E5%A3%AB" n2="%E3%81%93%E3%81%84%E3%82%8F%E3%81%84%E3%82%88%E3%81%A4%E3%81%B0" n3="%E3%81%AA%E3%82%81%E3%81%93%E9%9B%80%E5%A3%AB" dan="18,16,18,18" rate="2251.01,2125.78,2226.62,2201.50" sx="M,M,F,M"/><TAIKYOKU oya="0"/><INIT seed="0,0,0,2,5,57" ten="250,250,250,250" oya="0" hai0="102,122,79,134,116,21,38,19,9,87,118,99,23" hai1="43,75,91,51,85,81,24,108,67,129,121,14,52" hai2="47,30,101,60,106,88,45,17,36,0,65,40,13" hai3="11,124,128,70,113,16,4,1,95,135,71,114,111"/><T73/><D122/><U44/><E121/><V119/><F0/><W22/><G111/><T69/><D38/><U82/><E108/><V112/><F112/><W61/><G128/><T20/><D69/><U68/><E129/><V6/><F6/><W12/><G71/><T35/><D35/><U66/><E14/><V78/><F78/><W120/><G120/><T46/><D73/><U92/><E24/><V27/><F119/><W42/><G135/><T55/><D134/><U53/><E75/><V62/><F65/><N who="1" m="24585" /><E68/><V115/><F115/><W31/><G124/><T3/><D3/><U109/><E109/><V84/><F47/><W133/><G133/><T110/><D110/><U25/><E25/><V33/><F101/><W131/><G131/><T117/><D9/><U49/><E43/><V104/><F104/><W15/><G42/><T76/><D19/><U58/><AGARI ba="0,0" hai="44,49,51,52,53,58,81,82,85,91,92" m="24585" machi="58" ten="30,2000,0" yaku="8,1,54,1" doraHai="57" who="1" fromWho="1" sc="250,-10,250,20,250,-5,250,-5" /><INIT seed="1,0,0,0,5,17" ten="240,270,245,245" oya="1" hai0="83,124,44,113,122,89,16,34,108,2,118,49,59" hai1="4,51,88,48,97,129,117,126,90,29,7,130,135" hai2="20,1,33,81,19,61,10,109,107,91,6,121,111" hai3="31,60,67,63,43,128,132,21,123,84,104,53,78"/><U30/><E117/><V116/><F107/><W87/><G104/><T13/><D108/><N who="2" m="41546" /><F61/><W77/><G123/><T42/><D118/><U119/><E119/><V68/><F116/><W64/><G132/><T14/><D113/><U54/><E135/><V25/><F68/><W24/><G128/><N who="1" m="49258" /><E126/><V22/><F121/><W100/><G100/><T56/><D122/><U70/><E70/><V50/><F50/><N who="1" m="18985" /><E54/><V11/><F81/><W45/><G53/><T125/><D2/><U62/><E62/><N who="3" m="23594" /><G45/><T47/><D13/><U110/><E110/><V99/><F33/><W28/><G43/><T38/><D34/><U8/><E97/><V93/><F25/><W65/><G31/><N who="1" m="11786" /><E8/><V133/><F133/><W46/><G46/><T35/><D35/><U69/><E69/><V115/><F115/><W71/><G71/><T5/><D5/><AGARI ba="0,0" hai="4,5,7,88,90" m="11786,18985,49258" machi="5" ten="30,11600,0" yaku="28,2,19,1,54,1" doraHai="17" who="1" fromWho="0" sc="240,-116,270,116,245,0,245,0" /><INIT seed="1,1,0,3,4,16" ten="124,386,245,245" oya="1" hai0="76,44,57,60,114,68,10,65,40,46,38,2,27" hai1="112,131,109,9,0,88,89,67,30,6,64,132,113" hai2="58,5,99,22,81,126,97,52,51,111,124,101,63" hai3="70,104,130,36,3,43,32,117,93,84,134,48,29"/><U129/><E132/><V62/><F111/><W42/><G104/><T85/><D27/><U4/><E109/><V11/><F81/><W120/><G70/><T123/><D85/><U54/><E54/><V71/><F71/><W75/><G75/><T102/><D102/><U78/><E30/><V12/><F99/><W73/><G73/><T100/><D76/><U82/><E82/><V23/><F63/><W106/><G106/><T41/><D100/><U115/><E78/><V91/><F91/><N who="1" m="34889" /><E6/><V53/><F126/><W59/><G32/><T125/><D10/><U80/><E80/><V24/><F24/><W92/><G29/><T118/><D2/><U35/><E35/><V47/><F124/><W1/><G36/><N who="0" m="21511" /><D125/><U34/><E34/><V95/><AGARI ba="1,0" hai="5,11,12,22,23,47,51,52,53,58,62,95,97,101" machi="95" ten="20,12000,2" yaku="0,1,7,1,8,1,52,2,54,1" doraHai="16" who="2" fromWho="2" sc="124,-31,386,-61,245,123,245,-31" /><INIT seed="2,0,0,1,0,36" ten="93,325,368,214" oya="2" hai0="115,87,94,40,18,0,107,38,61,2,8,55,103" hai1="16,124,51,5,74,44,125,109,46,14,84,6,78" hai2="60,62,99,7,29,57,52,31,69,17,20,79,33" hai3="75,37,133,130,120,10,96,45,101,121,47,4,72"/><V102/><F7/><N who="1" m="2569" /><E74/><V32/><F79/><W3/><G47/><T28/><D115/><U30/><E30/><V128/><F128/><W48/><G130/><T53/><D107/><U19/><E109/><V26/><F69/><W95/><G133/><T25/><D8/><N who="1" m="6215" /><E19/><V42/><F42/><W59/><G75/><T110/><D18/><U106/><E106/><V67/><F33/><W119/><G119/><T56/><D55/><U88/><E78/><V15/><F31/><W98/><G72/><T50/><D38/><U112/><E112/><V24/><F24/><W73/><G73/><T27/><D110/><U66/><E66/><V123/><F67/><W76/><G76/><T43/><D0/><U63/><E63/><V70/><F70/><W23/><G23/><N who="0" m="15423" /><D27/><U134/><E134/><V82/><F62/><W39/><G39/><T129/><D2/><U116/><E116/><V83/><REACH who="2" step="1"/><F123/><REACH who="2" ten="93,325,358,214" step="2"/><W85/><G121/><T13/><D129/><U12/><E51/><V80/><F80/><W64/><G37/><T9/><D61/><U89/><E12/><V77/><F77/><W81/><G120/><T117/><D117/><U135/><E135/><V132/><F132/><W34/><G34/><T122/><D122/><U92/><E89/><V118/><F118/><W54/><G64/><T114/><D114/><U71/><E71/><V41/><F41/><N who="0" m="15946" /><D13/><U1/><E1/><V35/><F35/><W105/><G3/><T91/><D103/><U22/><E22/><V126/><F126/><AGARI ba="0,1" hai="44,46,84,88,92,124,125,126" m="6215,2569" machi="126" ten="30,3900,0" yaku="18,1,54,2" doraHai="36" who="1" fromWho="2" sc="93,0,325,49,358,-39,214,0" /><INIT seed="3,0,0,1,5,1" ten="93,374,319,214" oya="3" hai0="116,11,33,39,123,70,114,22,119,92,90,76,104" hai1="67,47,93,62,120,18,0,106,51,54,17,26,44" hai2="126,99,45,115,38,91,135,8,55,30,74,89,25" hai3="100,64,109,101,43,125,77,46,85,94,71,121,68"/><W42/><G121/><T56/><D56/><N who="1" m="37319" /><E106/><V36/><F115/><W35/><G35/><T113/><D33/><U124/><E0/><V103/><F74/><W31/><G31/><T65/><D39/><U57/><E120/><V53/><F135/><W59/><G125/><T131/><D123/><U7/><E7/><V81/><F126/><W66/><G77/><T15/><D104/><U9/><E124/><V49/><F55/><W23/><G23/><T6/><D76/><U52/><E93/><V96/><F96/><W72/><G72/><T27/><D131/><U129/><E129/><V86/><F89/><W107/><G107/><T12/><D70/><U110/><E110/><V130/><F130/><W20/><G20/><T32/><D65/><U21/><E54/><V75/><F75/><W3/><G3/><N who="0" m="479" /><D90/><U16/><E9/><V61/><F61/><W58/><G109/><T118/><D92/><U29/><AGARI ba="0,0" hai="16,17,18,21,26,29,44,47,51,52,57" m="37319" machi="29" ten="30,4000,0" yaku="8,1,54,2" doraHai="1" who="1" fromWho="1" sc="93,-10,374,40,319,-10,214,-20" owari="83,-42.0,414,52.0,309,11.0,194,-21.0" /></mjloggm>