<mjloggm ver="2.3"><GO type="185" lobby="0"/><UN n0="%73%74%72%65%67%69%73" n1="%EF%BC%88%E3%83%BB%EF%BC%88%E3%83%B1%EF%BC%89%E3%83%BB%EF%BC%89" n2="%E9%80%9F%E8%A6%8B%E5%B9%B8%E4%B8%80" n3="" dan="17,16,16,0" rate="2217.46,2150.58,2042.55,1500.00" sx="M,M,M,C"/><TAIKYOKU oya="0"/><INIT seed="0,0,0,3,1,113" ten="350,350,350,0" oya="0" hai0="110,73,65,78,88,105,96,132,79,133,1,43,50" hai1="46,116,36,126,51,3,124,109,106,71,42,39,32" hai2="67,0,95,115,77,97,108,40,94,101,64,102,128" hai3=""/><T85/><D1/><U2/><E32/><V84/><F115/><T111/><D65/><U100/><E109/><N who="0" m="41481" /><D50/><U56/><E71/><V117/><F67/><T76/><D73/><U92/><E116/><V82/><F40/><T34/><D43/><U130/><E130/><V118/><F64/><T62/><D62/><U91/><E100/><V125/><F0/><N who="1" m="41" /><E106/><V120/><N who="2" m="30752" /><V72/><F128/><T37/><D37/><N who="1" m="14411" /><E92/><V33/><F108/><T134/><D34/><U69/><E91/><V123/><N who="2" m="31520" /><V54/><F33/><T98/><D105/><U53/><E69/><V89/><F54/><T127/><D127/><N who="1" m="48683" /><E42/><V45/><F125/><T52/><D52/><U35/><E35/><V68/><F68/><T107/><D107/><U121/><N who="1" m="31008" /><U114/><E114/><V131/><F131/><T75/><D75/><U103/><E103/><V55/><F102/><T66/><D66/><U48/><E48/><V80/><F95/><AGARI ba="0,0" hai="76,78,79,85,88,95,96,98,132,133,134" m="41481" machi="95" ten="40,18000,2" yaku="20,1,14,1,10,1,34,2,54,1" doraHai="113" who="0" fromWho="2" sc="350,180,350,0,350,-180,0,0" /><INIT seed="0,1,0,3,0,52" ten="530,350,170,0" oya="0" hai0="106,118,75,109,53,48,32,126,54,111,59,74,79" hai1="40,135,129,69,80,66,78,39,76,2,73,98,102" hai2="107,115,82,56,47,117,65,119,49,89,81,77,44" hai3=""/><T120/><N who="0" m="30752" /><T58/><D118/><N who="2" m="45066" /><F115/><T68/><D68/><U36/><E2/><V51/><F107/><T130/><D106/><U127/><E129/><V93/><F65/><T114/><D130/><U110/><E110/><N who="0" m="41993" /><D114/><U91/><E135/><V108/><F108/><T0/><D0/><U104/><E127/><V128/><F128/><T64/><D64/><U57/><E78/><V123/><N who="2" m="31520" /><V70/><F70/><T101/><D101/><U45/><E91/><V34/><F77/><T83/><D32/><U88/><E88/><V55/><F34/><T105/><D105/><U116/><E116/><V103/><F103/><T41/><D41/><U38/><REACH who="1" step="1"/><E69/><REACH who="1" ten="530,340,170,0" step="2"/><V3/><F3/><T61/><D126/><U94/><E94/><V50/><F93/><T1/><D1/><U95/><E95/><V125/><F125/><T134/><D134/><U46/><E46/><N who="2" m="17451" /><F89/><T99/><D99/><U86/><E86/><AGARI ba="1,1" hai="48,53,54,58,59,61,74,75,79,83,86" m="41993,30752" machi="86" ten="30,12000,1" yaku="14,1,10,1,52,3" doraHai="52" who="0" fromWho="1" sc="530,132,340,-122,170,0,0,0" /><INIT seed="0,2,0,2,2,62" ten="662,218,170,0" oya="0" hai0="88,105,0,100,67,111,93,64,95,34,127,41,81" hai1="118,36,99,46,1,87,126,128,59,54,38,103,121" hai2="83,117,104,107,82,50,79,94,125,40,45,66,74" hai3=""/><T80/><D0/><U90/><N who="1" m="31008" /><U78/><E118/><V63/><F125/><T102/><D127/><U132/><E1/><V32/><F32/><T72/><D34/><U68/><E126/><V89/><F83/><T33/><D33/><U97/><E68/><V108/><F108/><T135/><D111/><U37/><E132/><V109/><F117/><T115/><D115/><U58/><E128/><V69/><REACH who="2" step="1"/><F109/><REACH who="2" ten="662,218,160,0" step="2"/><T42/><D81/><U77/><E77/><V101/><F101/><T48/><D80/><U76/><E78/><V86/><AGARI ba="2,1" hai="40,45,50,63,66,69,74,79,82,86,89,94,104,107" machi="86" ten="20,3900,0" yaku="1,1,0,1,7,1,52,1,53,0" doraHai="62" doraHaiUra="49" who="2" fromWho="2" sc="662,-28,218,-15,160,53,0,0" /><INIT seed="1,0,0,5,4,135" ten="634,203,213,0" oya="1" hai0="127,63,123,47,98,106,87,130,72,39,114,42,0" hai1="129,49,96,61,36,125,99,118,40,66,103,55,84" hai2="34,85,58,108,50,113,64,35,1,77,124,107,104" hai3=""/><U81/><E118/><V37/><F1/><T52/><N who="0" m="31520" /><T69/><D114/><U131/><E125/><V116/><F37/><T126/><D72/><U105/><E99/><V91/><F116/><T79/><D0/><U128/><E40/><V76/><F108/><T43/><D43/><U60/><E36/><V133/><F133/><T70/><D130/><U62/><E66/><V92/><F113/><T119/><D119/><U120/><N who="1" m="30752" /><U33/><E33/><V109/><F109/><T111/><D111/><U102/><E102/><V88/><F124/><N who="0" m="47658" /><D106/><U110/><E110/><V48/><F64/><T41/><D41/><U101/><E101/><V32/><F32/><T51/><D98/><U68/><E68/><V122/><N who="2" m="31264" /><V94/><F58/><T73/><D63/><U82/><REACH who="1" step="1"/><E84/><AGARI ba="0,0" hai="34,35,48,50,76,77,84,85,88,91,92,94,104,107" m="31264" machi="84" ten="25,6400,0" yaku="22,2,52,1,54,1" doraHai="135" who="2" fromWho="1" sc="634,0,203,-64,213,64,0,0" /><INIT seed="2,0,0,5,1,125" ten="634,139,277,0" oya="2" hai0="50,109,120,89,131,85,53,44,56,114,77,97,92" hai1="95,40,74,46,88,91,127,126,113,118,70,54,51" hai2="101,94,82,129,108,71,61,86,87,117,3,38,116" hai3=""/><V98/><F3/><T81/><N who="0" m="30752" /><T72/><D109/><U134/><E74/><V49/><F38/><T121/><N who="0" m="31008" /><T78/><D114/><U123/><N who="1" m="31520" /><U133/><E113/><V112/><F112/><T34/><D34/><U37/><E70/><V76/><F108/><T43/><D131/><U106/><E106/><V122/><N who="2" m="31264" /><V105/><F49/><T107/><D107/><U62/><E62/><V59/><F71/><T1/><D1/><U57/><E118/><V111/><F111/><T99/><REACH who="0" step="1"/><D78/><REACH who="0" ten="624,139,277,0" step="2"/><U41/><E41/><V128/><F117/><T102/><D102/><U64/><E64/><V33/><F116/><T55/><D55/><U119/><E119/><V2/><F2/><T130/><D130/><N who="2" m="50282" /><F33/><T132/><D132/><N who="1" m="50795" /><E91/><V35/><F35/><T83/><D83/><U39/><E39/><AGARI ba="0,1" hai="39,43,44,50,53,56,72,77,81,85,89,92,97,99" m="31008,30752" machi="39" ten="30,8000,1" yaku="1,1,7,1,52,2,53,1" doraHai="125" doraHaiUra="75" who="0" fromWho="1" sc="624,90,139,-80,277,0,0,0" /><INIT seed="4,0,0,2,4,47" ten="714,59,277,0" oya="0" hai0="104,100,52,93,66,88,46,109,77,105,113,124,42" hai1="121,87,83,131,97,70,75,111,65,126,133,69,117" hai2="98,3,82,78,102,2,103,43,67,107,33,125,51" hai3=""/><T84/><D113/><U119/><E65/><V81/><F33/><T89/><D124/><U60/><E87/><V96/><F67/><T38/><D109/><U90/><E90/><V59/><F125/><T54/><D66/><U71/><E97/><V68/><F68/><T62/><D100/><U72/><E83/><V49/><F107/><T122/><N who="0" m="31264" /><T36/><D77/><U134/><N who="1" m="31008" /><U63/><E126/><V50/><F43/><T92/><D38/><U80/><E80/><N who="2" m="30827" /><F59/><T64/><D105/><U0/><E0/><N who="2" m="43" /><F78/><T45/><D45/><U86/><E86/><V74/><F74/><N who="1" m="28201" /><E131/><V99/><AGARI ba="0,0" hai="49,50,51,96,98,99,102,103" m="43,30827" machi="99" ten="40,6000,1" yaku="28,2,52,3" doraHai="47" who="2" fromWho="2" sc="714,-40,59,-20,277,60,0,0" /><INIT seed="5,0,0,2,3,93" ten="674,39,337,0" oya="1" hai0="108,91,64,80,74,129,97,134,52,48,118,61,2" hai1="130,68,98,51,69,67,78,110,41,40,43,107,35" hai2="62,71,102,63,94,75,85,38,99,82,57,77,111" hai3=""/><U112/><E35/><V127/><F111/><T33/><D2/><U125/><E112/><V42/><F127/><T59/><D108/><U92/><E125/><V113/><F113/><T65/><D33/><U116/><E110/><V122/><N who="2" m="31264" /><V132/><F132/><T45/><D118/><U3/><E116/><V121/><N who="2" m="31008" /><V133/><F133/><T72/><D134/><U81/><E130/><V58/><F71/><T86/><D129/><U117/><E117/><V55/><F42/><T84/><D65/><U60/><E3/><V88/><F38/><T50/><D86/><U126/><E126/><V39/><F39/><T49/><D97/><U76/><E107/><V120/><N who="2" m="30752" /><V73/><F102/><T106/><D106/><U119/><E119/><V79/><F79/><T70/><REACH who="0" step="1"/><D45/><REACH who="0" ten="664,39,337,0" step="2"/><U47/><E69/><V95/><REACH who="2" step="1"/><F95/><REACH who="2" ten="664,39,327,0" step="2"/><T101/><D101/><U83/><E78/><V0/><F0/><T131/><D131/><U36/><E36/><V123/><N who="2" m="31520" /><V115/><F115/><T114/><D114/><U87/><REACH who="1" step="1"/><E83/><REACH who="1" ten="664,29,327,0" step="2"/><V96/><F96/><T1/><D1/><U100/><AGARI ba="0,3" hai="40,41,43,47,51,60,67,68,76,81,87,92,98,100" machi="100" ten="20,8000,1" yaku="1,1,2,1,0,1,7,1,52,1,53,0" doraHai="93" doraHaiUra="124" who="1" fromWho="1" sc="664,-40,29,110,327,-40,0,0" /><INIT seed="5,1,0,3,4,40" ten="624,139,287,0" oya="1" hai0="66,98,101,81,131,82,103,129,84,36,45,72,65" hai1="125,52,2,64,75,132,93,35,57,32,71,55,108" hai2="48,44,85,33,100,68,76,92,105,90,110,116,37" hai3=""/><U91/><E2/><V126/><F33/><T78/><D66/><U88/><E75/><V89/><F116/><T122/><N who="0" m="31264" /><T96/><D65/><U70/><E132/><V133/><F110/><T123/><N who="0" m="31520" /><T51/><D36/><U130/><E108/><V49/><F68/><T102/><D45/><U77/><E77/><V60/><F60/><T118/><D51/><U87/><E130/><N who="0" m="49673" /><D118/><U79/><E125/><V121/><F126/><T119/><D119/><U43/><E43/><V50/><F76/><AGARI ba="1,0" hai="72,76,78,81,82,84,96,98,101,102,103" m="49673,31520,31264" machi="76" ten="30,8000,1" yaku="19,1,34,2,52,2" doraHai="40" who="0" fromWho="2" sc="624,82,139,0,287,-82,0,0" /><INIT seed="6,0,0,0,2,97" ten="706,139,205,0" oya="2" hai0="64,41,81,68,39,91,132,130,96,52,45,48,99" hai1="110,62,2,108,100,53,105,70,120,57,75,101,88" hai2="59,133,86,113,94,112,76,35,109,46,128,40,121" hai3=""/><V104/><N who="2" m="31008" /><V33/><F104/><T69/><D130/><U111/><N who="1" m="30752" /><U55/><E2/><V107/><F107/><T83/><D132/><U84/><E75/><V118/><F118/><T60/><D69/><U135/><E135/><V127/><F133/><T43/><D43/><U47/><E70/><V116/><F116/><T124/><D124/><U1/><E1/><V36/><F109/><T85/><D83/><U103/><E105/><V74/><F128/><T80/><D81/><U92/><REACH who="1" step="1"/><E47/><AGARI ba="0,0" hai="39,41,45,47,48,52,60,64,68,80,85,91,96,99" machi="47" ten="30,2000,0" yaku="7,1,54,1" doraHai="97" who="0" fromWho="1" sc="706,20,139,-20,205,0,0,0" owari="726,67.0,119,-48.0,205,-19.0,0,0.0" /></mjloggm>