<mjloggm ver="2.3"><GO type="169" lobby="0"/><UN n0="%47%59%4F" n1="%E3%81%BE%E3%82%8B%E3%81%A8%E3%83%BC" n2="%E8%8B%B1%E5%9B%BD%E5%A3%B2%E5%8D%B4" n3="%6B%61%73%68%69%61" dan="16,17,17,16" rate="2065.94,2097.75,2132.54,2068.65" sx="M,M,M,M"/><TAIKYOKU oya="0"/><INIT seed="0,0,0,0,0,73" ten="250,250,250,250" oya="0" hai0="116,64,34,25,75,95,103,45,134,94,93,54,72" hai1="82,18,30,14,119,98,41,35,90,40,76,21,6" hai2="27,111,59,110,133,129,4,102,79,39,105,55,97" hai3="2,83,29,63,62,74,12,89,88,1,66,33,15"/><T65/><D116/><U71/><E119/><V124/><F39/><W48/><G33/><T43/><D103/><U13/><E71/><V61/><F124/><W0/><G29/><T22/><D34/><U99/><E35/><V42/><F42/><N who="1" m="16489" /><E30/><V10/><F129/><W69/><G48/><T67/><D54/><U68/><E68/><V122/><F122/><W36/><G36/><T9/><D9/><N who="1" m="4279" /><E90/><V131/><F131/><W106/><G63/><T101/><D101/><U91/><E91/><V3/><F133/><W117/><G106/><T47/><D134/><U51/><E51/><V20/><REACH who="2" step="1"/><F79/><REACH who="2" ten="250,250,240,250" step="2"/><W128/><G128/><T125/><D125/><U17/><E17/><AGARI ba="0,1" hai="3,4,10,17,20,27,55,59,61,97,102,105,110,111" machi="17" ten="40,5200,0" yaku="1,1,2,1,53,1" doraHai="73" doraHaiUra="16" who="2" fromWho="1" sc="250,0,250,-52,240,62,250,0" /><INIT seed="1,0,0,3,2,61" ten="250,198,302,250" oya="1" hai0="81,4,126,25,127,124,20,48,29,22,35,36,63" hai1="59,98,118,3,87,14,106,15,78,114,74,130,54" hai2="122,58,16,132,131,102,71,17,108,116,1,96,11" hai3="107,135,37,18,97,34,26,123,89,117,86,33,5"/><U134/><E118/><V57/><F71/><W105/><G123/><T115/><D36/><U83/><E114/><V88/><F116/><W38/><G117/><T52/><D115/><U112/><E112/><V119/><F119/><W6/><G26/><T39/><D39/><U12/><E130/><V46/><F122/><W76/><G76/><T13/><D81/><U90/><E134/><V84/><F132/><W0/><G18/><T8/><REACH who="0" step="1"/><D63/><REACH who="0" ten="240,198,302,250" step="2"/><U91/><E3/><V75/><F131/><W51/><G37/><T101/><D101/><U10/><E106/><V44/><F108/><W40/><G38/><T93/><D93/><U110/><E110/><V45/><F75/><W41/><G0/><T42/><D42/><U80/><E98/><V47/><F1/><W31/><G97/><T121/><D121/><U19/><REACH who="1" step="1"/><E90/><REACH who="1" ten="240,188,302,250" step="2"/><V128/><F128/><W85/><G89/><T66/><D66/><U95/><E95/><V32/><F96/><W100/><G107/><T72/><D72/><U24/><E24/><V7/><F102/><W30/><G100/><T2/><D2/><U82/><E82/><V129/><F129/><W94/><G94/><T92/><D92/><U109/><E109/><V111/><F111/><W60/><G105/><T99/><D99/><U77/><E77/><V50/><F88/><W27/><G135/><T104/><D104/><U67/><E67/><V49/><F84/><W23/><G86/><T55/><D55/><U21/><E21/><V120/><F32/><W70/><G23/><T103/><D103/><U65/><E65/><V69/><F120/><RYUUKYOKU ba="0,2" sc="240,15,188,15,302,-15,250,-15" hai0="4,8,13,20,22,25,29,35,48,52,124,126,127" hai1="10,12,14,15,19,54,59,74,78,80,83,87,91" /><INIT seed="1,1,2,3,0,46" ten="255,203,287,235" oya="1" hai0="93,18,15,43,86,49,58,97,111,54,68,4,90" hai1="108,6,21,8,124,110,80,12,116,85,34,122,20" hai2="19,76,26,70,106,3,81,44,60,82,73,55,107" hai3="63,128,47,134,109,69,10,79,2,92,114,125,9"/><U103/><E122/><V89/><F3/><W39/><G114/><T135/><D68/><U131/><E116/><V37/><F70/><W127/><G109/><N who="1" m="42090" /><E34/><V32/><F37/><W33/><G33/><T29/><D135/><U27/><E131/><V77/><F89/><W105/><G105/><T130/><D130/><U91/><E124/><N who="3" m="47690" /><G128/><T102/><D111/><U25/><E103/><V101/><F101/><W14/><G2/><T67/><D29/><U118/><E118/><V65/><F65/><N who="3" m="41151" /><G79/><T133/><D133/><U35/><E35/><V87/><F60/><W24/><G134/><T52/><D4/><U98/><E98/><V120/><F120/><W61/><G24/><AGARI ba="1,2" hai="6,8,12,20,21,24,25,27,80,85,91" m="42090" machi="24" ten="30,2900,0" yaku="14,1,10,1" doraHai="46" who="1" fromWho="3" sc="255,0,203,52,287,0,235,-32" /><INIT seed="1,2,0,1,4,74" ten="255,255,287,203" oya="1" hai0="30,41,120,71,70,33,25,75,103,112,130,92,79" hai1="65,91,59,68,126,125,76,82,95,104,13,1,14" hai2="7,24,49,85,61,8,98,110,135,45,34,28,122" hai3="81,87,93,10,15,26,99,35,106,4,64,47,0"/><U42/><E104/><V23/><F122/><W16/><G106/><T96/><D112/><U54/><E1/><V50/><F110/><W29/><G64/><T44/><D120/><U57/><E42/><V83/><F135/><W63/><G63/><T39/><REACH who="0" step="1"/><D130/><REACH who="0" ten="245,255,287,203" step="2"/><U101/><E68/><V80/><F34/><W37/><G37/><T55/><D55/><U66/><E65/><V86/><F61/><W119/><G119/><T121/><D121/><U116/><E66/><V88/><F98/><W115/><G115/><T89/><D89/><U36/><E36/><V9/><F50/><W113/><G113/><T6/><D6/><U43/><E43/><N who="2" m="24767" /><F7/><W27/><G4/><T78/><D78/><AGARI ba="2,1" hai="8,9,23,24,28,78,80,83,85,86,88" m="24767" machi="78" ten="30,3900,0" yaku="8,1,52,1,54,1" doraHai="74" who="2" fromWho="0" sc="245,-45,255,0,287,55,203,0" /><INIT seed="2,0,0,3,1,16" ten="200,255,342,203" oya="2" hai0="15,85,49,73,17,120,60,14,53,62,18,98,88" hai1="4,5,31,133,37,29,40,39,94,135,70,79,67" hai2="110,2,96,115,26,105,64,121,130,77,61,101,20" hai3="97,38,75,124,106,57,112,119,11,24,1,50,99"/><V13/><F115/><W93/><G119/><T76/><D120/><U131/><E79/><V117/><F117/><W109/><G38/><N who="1" m="14346" /><E40/><V56/><F121/><W113/><G109/><T19/><D73/><U8/><E94/><V28/><F110/><W95/><G124/><T116/><D116/><U48/><E48/><V86/><F130/><W127/><G75/><T35/><D35/><U134/><E131/><V126/><F126/><W27/><G127/><T41/><D41/><U51/><E51/><V34/><F2/><W108/><G108/><T59/><D76/><U128/><E128/><V43/><F43/><W125/><G125/><T69/><D98/><U89/><E89/><V25/><F13/><N who="0" m="4618" /><D69/><U132/><E132/><V123/><F123/><W80/><G80/><AGARI ba="0,0" hai="17,18,19,49,53,59,60,62,80,85,88" m="4618" machi="80" ten="30,2000,0" yaku="8,1,54,1" doraHai="16" who="0" fromWho="3" sc="200,20,255,0,342,0,203,-20" /><INIT seed="3,0,0,3,1,94" ten="220,255,342,183" oya="3" hai0="134,34,42,32,65,44,131,103,53,70,98,90,19" hai1="27,113,45,74,115,15,122,89,79,112,13,91,18" hai2="59,119,85,135,111,84,124,133,72,73,40,68,100" hai3="29,36,49,12,69,81,97,46,120,9,110,67,104"/><W25/><G120/><T127/><D127/><U78/><E122/><V41/><F59/><W37/><G110/><T0/><D131/><U39/><E74/><V130/><F100/><W117/><G117/><T35/><D134/><U101/><E101/><V3/><F68/><W6/><G104/><T82/><D0/><U31/><E39/><V33/><F3/><W47/><G47/><T116/><D116/><U38/><E38/><V71/><F71/><W87/><G97/><T24/><D53/><U56/><E56/><V2/><F2/><W7/><G7/><T4/><D4/><U54/><E45/><V129/><F33/><W48/><G48/><T102/><D65/><U96/><E96/><V63/><F63/><W8/><G8/><T11/><D70/><U20/><E54/><V10/><F10/><W26/><G67/><T50/><D82/><U75/><E75/><V118/><F124/><W93/><G93/><T51/><D51/><U17/><E79/><V114/><F114/><W23/><G26/><T16/><D24/><U107/><E78/><V95/><REACH who="2" step="1"/><F95/><REACH who="2" ten="220,255,332,183" step="2"/><W21/><G69/><T77/><D103/><U22/><E107/><V43/><F43/><N who="3" m="24799" /><G21/><AGARI ba="0,1" hai="13,15,17,18,20,21,22,27,31,89,91,112,113,115" machi="21" ten="40,1300,0" yaku="9,1" doraHai="94" who="1" fromWho="3" sc="220,0,255,23,332,0,183,-13" /><INIT seed="4,0,0,1,4,126" ten="220,278,332,170" oya="0" hai0="87,26,127,7,15,55,103,105,21,107,0,48,82" hai1="9,77,74,116,104,132,70,66,58,32,14,57,78" hai2="130,122,133,40,33,94,36,56,52,60,88,96,73" hai3="124,115,129,23,110,71,37,69,61,85,89,120,44"/><T108/><D127/><U102/><E32/><V11/><F122/><W86/><G110/><T18/><D0/><U30/><E116/><V41/><F133/><W20/><G124/><T51/><D108/><U10/><E70/><V27/><F73/><W34/><G34/><T81/><D81/><U38/><E74/><V98/><F36/><W47/><G120/><T117/><D117/><U25/><E38/><V28/><F130/><W123/><G123/><T79/><D103/><U29/><E104/><V2/><REACH who="2" step="1"/><F98/><REACH who="2" ten="220,278,322,170" step="2"/><W119/><G37/><T112/><D112/><U83/><E132/><V35/><F35/><W92/><G129/><T64/><D64/><U101/><E66/><V43/><F43/><W59/><G115/><T114/><D114/><U5/><E5/><AGARI ba="0,1" hai="2,5,11,27,28,33,40,41,52,56,60,88,94,96" machi="5" ten="40,5200,0" yaku="1,1,54,2,53,0" doraHai="126" doraHaiUra="19" who="2" fromWho="1" sc="220,0,278,-52,322,62,170,0" /><INIT seed="5,0,0,3,2,90" ten="220,226,384,170" oya="1" hai0="107,45,94,115,114,24,116,53,46,33,127,25,61" hai1="126,12,56,1,41,63,13,76,17,79,29,66,86" hai2="87,19,119,120,20,105,135,124,129,67,123,74,34" hai3="14,69,31,97,59,22,26,18,103,96,21,75,60"/><U62/><E126/><V57/><F57/><W108/><G108/><T93/><D107/><U55/><E1/><V72/><F20/><W43/><G69/><T130/><D116/><U84/><E29/><V44/><F44/><N who="0" m="17002" /><D127/><U117/><E117/><V4/><F19/><W118/><G75/><T111/><D111/><U35/><E35/><V77/><F4/><W104/><G118/><T89/><D89/><U64/><E41/><V11/><F11/><W30/><G97/><T80/><D80/><U16/><E56/><V36/><F67/><W110/><G110/><T121/><D33/><U85/><E85/><V81/><F36/><W58/><G43/><T50/><D61/><U15/><E15/><V65/><F65/><W109/><G59/><T73/><D73/><U0/><E0/><V28/><F28/><W2/><G2/><T5/><D5/><U98/><E98/><V49/><F34/><W39/><G39/><T131/><D121/><U122/><E122/><V32/><F32/><W134/><G109/><T7/><D7/><U38/><E38/><V99/><F72/><W88/><G31/><T68/><D68/><U92/><E55/><V40/><F119/><W101/><G104/><T37/><D37/><U23/><E23/><V113/><F124/><W9/><G22/><T52/><D53/><U78/><E78/><N who="2" m="46519" /><F120/><W91/><G9/><T42/><D42/><U6/><E6/><V82/><F74/><W125/><G125/><T100/><D52/><U112/><E112/><V70/><F113/><W8/><G60/><T132/><D115/><U106/><E106/><RYUUKYOKU ba="0,0" sc="220,-10,226,30,384,-10,170,-10" hai1="12,13,16,17,62,63,64,66,76,79,84,86,92" /><INIT seed="5,1,0,4,3,24" ten="210,256,374,160" oya="1" hai0="33,115,135,13,132,125,11,2,116,26,45,40,14" hai1="65,117,35,94,16,76,23,52,104,75,109,128,47" hai2="105,63,108,129,81,20,72,111,17,4,79,124,25" hai3="97,120,100,38,80,110,54,85,96,121,127,6,107"/><U84/><E117/><V69/><F105/><W15/><G38/><T60/><D116/><U22/><E104/><V102/><F102/><N who="3" m="62919" /><G54/><T51/><D2/><U64/><E35/><V21/><F124/><W87/><G15/><T8/><D125/><U119/><E119/><V88/><F129/><W71/><G71/><T9/><D60/><U0/><E128/><V91/><F4/><W39/><G6/><T30/><D115/><U1/><E75/><V58/><F69/><W19/><G19/><T99/><D99/><U37/><E37/><V29/><F108/><W55/><G55/><T41/><D41/><U130/><E130/><V48/><F48/><W89/><G39/><T126/><D126/><U7/><E0/><V46/><F46/><W83/><G127/><T62/><D62/><U3/><E3/><V12/><F111/><W114/><G110/><T73/><D73/><U18/><E109/><V103/><F103/><W49/><G49/><T113/><D113/><U112/><E112/><V70/><F70/><W28/><G28/><T67/><D67/><AGARI ba="1,0" hai="12,17,20,21,25,29,58,63,67,72,79,81,88,91" machi="67" ten="30,3900,0" yaku="7,1,52,1,54,1" doraHai="24" who="2" fromWho="0" sc="210,-42,256,0,374,42,160,0" /><INIT seed="6,0,0,3,3,73" ten="168,256,416,160" oya="2" hai0="85,93,8,70,94,77,109,54,50,25,38,80,114" hai1="56,16,12,76,41,125,124,40,22,23,34,122,55" hai2="121,78,90,20,29,59,53,98,36,88,33,11,39" hai3="117,0,129,62,103,69,75,47,135,118,31,30,82"/><V26/><F121/><W48/><G0/><T2/><D38/><U45/><E122/><V106/><F33/><W99/><G135/><T108/><D114/><U67/><E34/><V92/><F106/><W107/><G129/><T35/><D70/><U27/><E67/><V43/><F43/><W110/><G110/><T123/><D123/><U52/><E55/><V32/><F32/><W130/><G130/><T89/><D94/><U18/><E76/><V7/><F78/><W101/><G101/><T9/><D9/><U19/><E19/><V68/><F90/><W132/><G132/><T74/><D8/><U6/><E6/><V63/><REACH who="2" step="1"/><F68/><REACH who="2" ten="168,256,406,160" step="2"/><W112/><G69/><T3/><D109/><U86/><E41/><V58/><F58/><W104/><G104/><T49/><D108/><U42/><E40/><V116/><F116/><W44/><G107/><T61/><D2/><AGARI ba="0,1" hai="2,7,11,20,26,29,36,39,53,59,63,88,92,98" machi="2" ten="30,5800,0" yaku="1,1,7,1,54,1,53,0" doraHai="73" doraHaiUra="111" who="2" fromWho="0" sc="168,-58,256,0,406,68,160,0" /><INIT seed="6,1,0,3,5,30" ten="110,256,474,160" oya="2" hai0="60,49,106,110,74,119,125,14,82,95,44,127,85" hai1="41,21,6,20,16,101,17,90,63,120,132,31,93" hai2="109,116,118,52,0,55,51,53,123,12,47,107,8" hai3="24,64,96,38,28,3,32,103,108,50,7,62,75"/><V61/><F107/><W40/><G50/><T135/><D106/><U86/><E132/><V89/><F0/><W94/><G108/><T87/><D110/><U76/><E120/><V27/><F123/><W29/><G29/><T88/><D74/><U70/><E31/><V39/><F39/><W19/><G75/><T36/><D36/><U26/><E6/><V57/><F109/><W4/><G3/><T130/><D135/><U98/><E41/><V15/><F15/><W97/><G97/><T81/><D130/><U92/><E70/><V129/><F129/><W104/><G94/><T78/><D119/><U121/><E121/><V48/><F27/><W122/><G122/><T25/><D60/><U72/><E72/><V91/><F116/><W5/><G19/><T128/><D128/><U112/><E112/><V66/><F118/><W45/><REACH who="3" step="1"/><G5/><REACH who="3" ten="110,256,474,150" step="2"/><T10/><D95/><U133/><E133/><V33/><F51/><W84/><G84/><T77/><D25/><N who="1" m="14471" /><E63/><V35/><F48/><W59/><AGARI ba="1,1" hai="4,7,24,28,32,38,40,45,59,62,64,96,103,104" machi="59" ten="20,8000,1" yaku="1,1,0,1,7,1,52,1,53,1" doraHai="30" doraHaiUra="58" who="3" fromWho="3" sc="110,-21,256,-21,474,-41,150,93" /><INIT seed="7,0,0,3,4,35" ten="89,235,433,243" oya="3" hai0="56,97,119,130,6,31,126,110,70,90,7,53,124" hai1="8,116,16,9,88,57,2,5,51,13,62,73,111" hai2="42,30,125,134,0,54,55,109,135,50,106,113,67" hai3="74,59,45,71,100,104,4,1,24,107,132,115,29"/><W93/><G71/><T82/><D70/><U32/><E111/><V18/><F109/><W118/><G118/><T86/><D110/><U91/><E73/><V61/><F0/><W108/><G74/><T85/><D119/><U78/><E116/><V63/><F30/><W95/><G108/><T15/><D130/><U120/><E120/><V14/><F106/><W81/><G115/><T49/><D126/><U122/><E122/><V105/><F105/><W58/><G95/><T12/><D124/><U43/><E32/><V131/><F63/><W28/><G28/><T37/><D37/><U36/><E78/><V123/><F131/><W112/><G104/><T33/><D33/><U77/><E77/><V25/><F25/><W44/><G107/><T94/><D31/><U17/><E17/><V19/><F19/><W20/><G112/><T52/><D85/><U121/><E36/><V34/><F34/><W60/><G81/><T80/><D82/><U79/><E79/><V89/><F89/><W114/><G114/><T48/><D6/><U66/><E121/><V96/><F96/><N who="3" m="59407" /><G59/><T69/><D7/><U65/><E65/><V64/><F125/><W22/><G22/><T72/><D72/><U101/><E101/><V23/><F123/><W38/><G38/><T41/><D69/><U127/><E127/><V129/><F129/><W87/><G87/><T47/><REACH who="0" step="1"/><D41/><REACH who="0" ten="79,235,433,243" step="2"/><U133/><E133/><V11/><F113/><W40/><G132/><T68/><D68/><U102/><E102/><AGARI ba="0,1" hai="12,15,47,48,49,52,53,56,80,86,90,94,97,102" machi="102" ten="30,8000,1" yaku="1,1,7,1,8,1,54,1,53,1" doraHai="35" doraHaiUra="76" who="0" fromWho="1" sc="79,90,235,-80,433,0,243,0" owari="169,-23.0,155,-34.0,433,53.0,243,4.0" /></mjloggm>