<mjloggm ver="2.3"><GO type="169" lobby="0"/><UN n0="%74%61%6D%69%74%61%6D%69" n1="%E3%82%A6%E3%83%9E%E3%83%85%E3%83%A9%E3%83%8F%E3%82%B2" n2="%E9%BB%92%E8%A1%A3%E3%81%AE%E3%82%A4%E3%83%8A%E3%82%B8%E3%82%A7%E3%82%A4" n3="%E3%81%A1%E3%81%A3%E3%81%93%E3%82%8C%40" dan="16,16,16,16" rate="2093.85,2092.63,2130.84,2105.61" sx="M,F,M,M"/><TAIKYOKU oya="0"/><INIT seed="0,0,0,4,4,133" ten="250,250,250,250" oya="0" hai0="125,63,111,6,31,12,64,118,24,80,70,84,42" hai1="110,122,127,53,41,83,8,104,132,7,68,124,113" hai2="69,115,5,116,15,75,47,44,96,9,67,27,129" hai3="21,33,76,126,37,119,50,26,18,4,117,101,13"/><T34/><D118/><U58/><E122/><V38/><F115/><W32/><G37/><T14/><D42/><U99/><E68/><V85/><F75/><W123/><G101/><T72/><D72/><U93/><E104/><V120/><F120/><W39/><G39/><T62/><D111/><U61/><E132/><V25/><F129/><W88/><G123/><T103/><D103/><U81/><E41/><V57/><F69/><W114/><G76/><T66/><D6/><U35/><E35/><V109/><F96/><W59/><G114/><T130/><D130/><U128/><E110/><V135/><F38/><W92/><G32/><T22/><D34/><U30/><E30/><V0/><F0/><W95/><G95/><T3/><D3/><U51/><E51/><V98/><F98/><W36/><G36/><T52/><D52/><U11/><E113/><V79/><F116/><W16/><G4/><T100/><D100/><N who="1" m="60527" /><E128/><V10/><F135/><W43/><G33/><T54/><D54/><U49/><E49/><V94/><F9/><N who="1" m="3657" /><E7/><V97/><F109/><W20/><G43/><T106/><D106/><U87/><E87/><V48/><F48/><W46/><G117/><T23/><D70/><U121/><E121/><V73/><F73/><W29/><G119/><T91/><D62/><U60/><E60/><N who="2" m="38287" /><F47/><W107/><G107/><T82/><D63/><U89/><E89/><N who="2" m="55503" /><F44/><W19/><G46/><T102/><D102/><U77/><E77/><V2/><F2/><W131/><G131/><T56/><D84/><U90/><E90/><V108/><F108/><W17/><G88/><RYUUKYOKU ba="0,0" sc="250,-15,250,15,250,15,250,-15" hai1="53,58,61,81,83,124,127" hai2="5,10,15,25,27,79,85" /><INIT seed="1,1,0,0,3,110" ten="235,265,265,235" oya="1" hai0="59,44,60,37,108,14,92,13,63,61,42,131,43" hai1="56,82,97,80,20,24,116,114,106,104,19,75,98" hai2="134,94,54,12,93,67,100,47,66,38,101,72,30" hai3="52,40,5,118,27,6,103,33,135,73,51,25,10"/><U46/><E116/><V22/><F134/><W23/><G118/><T133/><D108/><U78/><E114/><V68/><F72/><W31/><G135/><T26/><D133/><U7/><E7/><V109/><F109/><W124/><G124/><T16/><D131/><U1/><E1/><V129/><F68/><W0/><G73/><T77/><D77/><U45/><E80/><V83/><F83/><W9/><G103/><N who="2" m="39497" /><F38/><W79/><G79/><T17/><D92/><N who="2" m="35434" /><F47/><W112/><G112/><T121/><D121/><U95/><E46/><V34/><F34/><W122/><G40/><T132/><D132/><U88/><E98/><V3/><F3/><W111/><G111/><T70/><D43/><U49/><REACH who="1" step="1"/><E56/><REACH who="1" ten="235,255,265,235" step="2"/><V58/><F129/><W64/><G0/><T113/><D113/><U32/><E32/><V21/><F21/><W35/><G33/><T76/><D70/><U84/><E84/><V127/><F127/><W69/><G69/><T62/><D76/><U41/><AGARI ba="1,1" hai="19,20,24,41,45,49,75,78,82,88,95,97,104,106" machi="41" ten="20,7800,0" yaku="1,1,0,1,7,1,54,1,53,0" doraHai="110" doraHaiUra="117" who="1" fromWho="1" sc="235,-27,255,91,265,-27,235,-27" /><INIT seed="1,2,0,1,4,83" ten="208,346,238,208" oya="1" hai0="113,112,20,132,6,109,35,123,67,49,21,63,122" hai1="105,85,41,24,39,45,22,125,82,44,1,107,27" hai2="51,110,62,0,97,68,71,88,124,14,11,47,94" hai3="79,13,25,16,61,130,56,40,36,31,52,115,114"/><U119/><E119/><V46/><F110/><W64/><G130/><T74/><D74/><U8/><E125/><V29/><F124/><W28/><G79/><T76/><D76/><U93/><E93/><V15/><F0/><W73/><G73/><T30/><D49/><U33/><E33/><V116/><F29/><W54/><G31/><T118/><D63/><U103/><E44/><V126/><F116/><W87/><G36/><T104/><D67/><U48/><E39/><V134/><F134/><W120/><G40/><T37/><D104/><U86/><E86/><V81/><F81/><W66/><G87/><T3/><D37/><U53/><E53/><V5/><F47/><W4/><G4/><T10/><D118/><U91/><E103/><V129/><F129/><W42/><G42/><T90/><D90/><U17/><REACH who="1" step="1"/><E27/><REACH who="1" ten="208,336,238,208" step="2"/><V106/><F126/><W58/><G54/><T127/><D127/><U18/><E18/><V7/><F106/><W78/><G16/><T43/><D43/><U121/><E121/><N who="0" m="46089" /><D132/><U38/><E38/><V69/><F5/><AGARI ba="2,1" hai="1,5,8,17,22,24,41,45,48,82,85,91,105,107" machi="5" ten="40,12000,1" yaku="1,1,52,1,53,2" doraHai="83" doraHaiUra="101" who="1" fromWho="2" sc="208,0,336,136,238,-126,208,0" /><INIT seed="1,3,0,2,1,21" ten="208,472,112,208" oya="1" hai0="66,1,51,23,105,79,69,47,130,103,53,98,26" hai1="63,104,80,85,14,134,133,65,114,62,41,4,93" hai2="83,13,67,106,32,132,94,60,10,76,101,3,111" hai3="135,84,112,0,43,19,34,122,118,48,36,92,72"/><U116/><E114/><V120/><F120/><W9/><G112/><T59/><D1/><U121/><E116/><V115/><F115/><W50/><G34/><T75/><D130/><U110/><E121/><V129/><F129/><W68/><G84/><T25/><D69/><U35/><E104/><V131/><F131/><W7/><G92/><T44/><D66/><U73/><E73/><V29/><F111/><W57/><G48/><T87/><D75/><U52/><E41/><V58/><F132/><N who="1" m="50793" /><E93/><V127/><F127/><W100/><G43/><T16/><D16/><U55/><E62/><V22/><F32/><W54/><G36/><T123/><D23/><U11/><E35/><V40/><F40/><W97/><G72/><T102/><D102/><U33/><E110/><V64/><F3/><N who="3" m="255" /><G100/><T91/><D79/><N who="1" m="46239" /><E33/><V24/><F106/><W15/><G68/><AGARI ba="3,0" hai="4,11,14,52,55,63,65,68" m="46239,50793" machi="68" ten="30,2900,0" yaku="20,1,54,1" doraHai="21" who="1" fromWho="3" sc="208,0,472,38,112,0,208,-38" /><INIT seed="1,4,0,0,2,29" ten="208,510,112,170" oya="1" hai0="8,86,60,20,24,76,134,52,4,122,46,102,39" hai1="64,87,55,35,28,37,67,121,98,41,79,54,22" hai2="27,25,113,34,51,115,94,93,74,96,111,49,63" hai3="1,12,89,97,124,38,31,44,72,17,21,7,110"/><U14/><E121/><V82/><F111/><W108/><G72/><T61/><D122/><U69/><E37/><V71/><F25/><W109/><G124/><T128/><D128/><U16/><E41/><V23/><F71/><W2/><G31/><T106/><D134/><U95/><E79/><N who="2" m="44407" /><F63/><W10/><G89/><T112/><D102/><U130/><E87/><V129/><F93/><W117/><G117/><T119/><D106/><U131/><E55/><V42/><F42/><N who="3" m="22615" /><G97/><T127/><D119/><U77/><E54/><V48/><F129/><N who="1" m="49161" /><E77/><V15/><F15/><AGARI ba="4,0" hai="1,2,7,10,12,15,17,21,108,109,110" m="22615" machi="15" ten="30,1000,0" yaku="14,1" doraHai="29" who="3" fromWho="2" sc="208,0,510,0,112,-22,170,22" /><INIT seed="2,0,0,4,0,10" ten="208,510,90,192" oya="2" hai0="105,100,95,30,118,42,32,123,18,68,107,73,91" hai1="132,57,135,61,67,109,64,41,56,45,0,37,115" hai2="87,103,47,82,9,93,34,113,74,76,72,54,70" hai3="17,24,14,99,86,13,128,108,12,85,28,2,49"/><V27/><F113/><W97/><G2/><T39/><D123/><U66/><E0/><V33/><F70/><W92/><G108/><T80/><D118/><U114/><E109/><V96/><F9/><W121/><G121/><T90/><D68/><U125/><E125/><V26/><F47/><W20/><G128/><T6/><D6/><U8/><E8/><V46/><F46/><W102/><G97/><T94/><D30/><U116/><E116/><V19/><F54/><W84/><REACH who="3" step="1"/><G49/><REACH who="3" ten="208,510,90,182" step="2"/><T75/><D39/><U77/><E114/><V21/><REACH who="2" step="1"/><F27/><REACH who="2" ten="208,510,80,182" step="2"/><W111/><G111/><T89/><D32/><AGARI ba="0,2" hai="19,21,26,32,33,34,72,74,76,82,87,93,96,103" machi="32" ten="40,3900,0" yaku="1,1,2,1,53,0" doraHai="10" doraHaiUra="36" who="2" fromWho="0" sc="208,-39,510,0,80,59,182,0" /><AGARI ba="0,0" hai="12,13,14,17,20,24,28,32,84,85,86,92,99,102" machi="32" ten="40,8000,1" yaku="1,1,52,3,53,0" doraHai="10" doraHaiUra="36" who="3" fromWho="0" sc="169,-80,510,0,139,0,182,80" /><INIT seed="2,1,0,0,4,134" ten="89,510,139,262" oya="2" hai0="17,49,119,72,99,76,125,79,40,31,5,127,112" hai1="25,1,35,4,124,59,23,129,29,100,16,51,97" hai2="48,6,91,94,89,52,34,60,58,132,78,104,11" hai3="117,116,33,108,56,36,27,114,121,101,53,85,28"/><V71/><F132/><W68/><G121/><T73/><D112/><U57/><E129/><V128/><F128/><W74/><G114/><T115/><D115/><U42/><E124/><N who="0" m="47689" /><D119/><U70/><E70/><V43/><F104/><W45/><G74/><N who="0" m="28779" /><D31/><U9/><E51/><V83/><F34/><W111/><G68/><T13/><D5/><U66/><E42/><V26/><F26/><W75/><G75/><T131/><D99/><U107/><E66/><V14/><F71/><W86/><G117/><T113/><D131/><U96/><REACH who="1" step="1"/><E97/><REACH who="1" ten="89,500,139,262" step="2"/><V130/><F130/><W62/><G116/><T21/><D113/><U82/><E82/><V55/><F43/><W64/><G36/><T87/><D87/><U12/><AGARI ba="1,1" hai="1,4,9,12,16,23,25,29,35,57,59,96,100,107" machi="12" ten="20,12000,2" yaku="1,1,0,1,7,1,24,2,54,1,53,0" doraHai="134" doraHaiUra="109" who="1" fromWho="1" sc="89,-31,500,133,139,-61,262,-31" /><INIT seed="3,0,0,3,5,24" ten="58,633,78,231" oya="3" hai0="40,120,107,119,25,45,129,10,111,56,41,67,48" hai1="55,106,39,81,43,34,2,29,30,66,131,93,122" hai2="49,126,51,74,73,114,11,32,23,12,133,91,42" hai3="47,35,61,105,7,113,97,79,83,95,76,123,16"/><W134/><G123/><T75/><D75/><U6/><E122/><V28/><F114/><W62/><G113/><T116/><D120/><U19/><E106/><V13/><F32/><W125/><G134/><T57/><D107/><U70/><E34/><V103/><F133/><W104/><G125/><T135/><D135/><U8/><E131/><V72/><F126/><W20/><G35/><T124/><D124/><U90/><E19/><V118/><F118/><W89/><G105/><T86/><D10/><U17/><E17/><V18/><F103/><W31/><G104/><T84/><D25/><U78/><E55/><V108/><F108/><W132/><G132/><T64/><D48/><U115/><E66/><V63/><F42/><W14/><G7/><T0/><D45/><N who="1" m="23807" /><E70/><V69/><F91/><W85/><G31/><T5/><D5/><U71/><E71/><V99/><F99/><W109/><G109/><T110/><D0/><U9/><E9/><V96/><F96/><W15/><G76/><T59/><D59/><U44/><E44/><V112/><F112/><W88/><G15/><T53/><D53/><U65/><E65/><V102/><F102/><N who="3" m="60735" /><G47/><T80/><D80/><U36/><E36/><V101/><F101/><W3/><G3/><T127/><D127/><U98/><E115/><V100/><F100/><W38/><G38/><T58/><D58/><U4/><E4/><N who="2" m="3175" /><F28/><W130/><G130/><AGARI ba="0,0" hai="40,41,56,57,64,67,84,86,110,111,116,119,129,130" machi="130" ten="25,1600,0" yaku="22,2" doraHai="24" who="0" fromWho="3" sc="58,16,633,0,78,0,231,-16" /><INIT seed="4,0,0,1,1,25" ten="74,633,78,215" oya="0" hai0="103,72,89,130,67,81,17,37,5,96,8,70,120" hai1="122,65,126,121,1,16,83,24,73,22,63,52,60" hai2="114,100,14,94,134,39,35,4,18,111,55,13,99" hai3="54,48,110,34,105,88,86,20,42,132,135,98,133"/><T61/><D130/><U92/><E1/><V28/><F111/><W80/><G110/><T93/><D120/><U102/><E126/><V108/><F108/><W32/><G42/><T29/><D37/><U109/><E109/><V91/><F114/><W51/><G20/><T40/><D40/><U43/><E43/><V85/><F134/><W64/><G64/><T77/><D17/><U119/><E119/><V58/><F39/><W97/><G51/><T31/><REACH who="0" step="1"/><D103/><REACH who="0" ten="64,633,78,215" step="2"/><U3/><E122/><V23/><F4/><W66/><G132/><T26/><D26/><U118/><E24/><V129/><F129/><W74/><G133/><T41/><D41/><U95/><E102/><V79/><F79/><W76/><G135/><T113/><D113/><U69/><E16/><V6/><F6/><W75/><G76/><T45/><D45/><U12/><E121/><V107/><F35/><W82/><G32/><T38/><D38/><U53/><E118/><V62/><REACH who="2" step="1"/><F28/><REACH who="2" ten="64,633,68,215" step="2"/><W115/><G34/><T9/><D9/><U116/><E116/><V123/><F123/><W44/><G115/><T101/><D101/><U33/><E33/><V56/><F56/><W30/><G30/><T131/><D131/><U117/><E117/><V57/><F57/><W59/><G59/><T112/><D112/><U78/><E78/><V68/><F68/><W127/><G44/><T10/><D10/><U15/><E69/><V46/><F46/><W36/><G36/><T125/><D125/><U19/><E19/><V0/><F0/><AGARI ba="0,2" hai="0,5,8,29,31,61,67,70,72,77,81,89,93,96" machi="0" ten="30,11600,0" yaku="1,1,7,1,52,2,53,0" doraHai="25" doraHaiUra="21" who="0" fromWho="2" sc="64,136,633,0,68,-116,215,0" owari="200,-20.0,633,73.0,-48,-55.0,215,2.0" /></mjloggm>