<mjloggm ver="2.3"><GO type="169" lobby="0"/><UN n0="%E3%83%95%E3%83%AA%E3%83%86%E3%83%B3" n1="%E9%BE%8D%E7%89%8C" n2="%E3%81%BE%E3%82%8B%E3%81%A8%E3%83%BC" n3="%E3%83%8A%E3%82%B4%E3%83%A0" dan="18,16,17,16" rate="2204.50,2077.44,2106.16,2159.01" sx="M,M,M,M"/><TAIKYOKU oya="0"/><INIT seed="0,0,0,5,2,127" ten="250,250,250,250" oya="0" hai0="99,33,132,41,8,53,88,15,6,119,21,51,121" hai1="17,63,97,18,27,120,38,57,125,67,50,30,92" hai2="61,24,105,46,65,71,4,80,95,100,112,13,111" hai3="91,60,126,55,2,10,79,103,129,29,36,122,102"/><T69/><D119/><U110/><E110/><V130/><F111/><W64/><G126/><T32/><D121/><U76/><E38/><V94/><F112/><W31/><G122/><T85/><D132/><U96/><E125/><V9/><F80/><W86/><G79/><T123/><D123/><U56/><E76/><V133/><F133/><W135/><G36/><T5/><D69/><U93/><E120/><V11/><F46/><W70/><G135/><T58/><D99/><U42/><E96/><V131/><F105/><W52/><G29/><T68/><D68/><U62/><E42/><V115/><F115/><W72/><G72/><T109/><D109/><U114/><E50/><V128/><F100/><W118/><G31/><T34/><D41/><U98/><E98/><V83/><F83/><W108/><G118/><T19/><REACH who="0" step="1"/><D8/><REACH who="0" ten="240,250,250,250" step="2"/><U16/><E114/><V22/><F11/><W3/><G108/><T43/><D43/><U75/><E97/><V84/><F84/><W113/><G103/><T25/><D25/><U117/><E117/><V116/><F116/><W73/><G102/><T87/><D87/><U0/><E75/><V47/><F47/><W48/><G73/><T45/><D45/><U74/><E74/><V101/><F101/><W82/><G113/><T104/><D104/><U106/><E106/><V39/><F39/><W77/><G10/><T26/><D26/><U49/><E27/><V7/><F4/><W89/><G70/><T35/><N who="0" m="8192" /><DORA hai="40" /><T44/><D44/><U28/><E57/><V54/><F24/><W78/><G86/><T23/><D23/><RYUUKYOKU ba="0,1" sc="240,30,250,-10,250,-10,250,-10" hai0="5,6,15,19,21,51,53,58,85,88" /><INIT seed="0,1,1,5,5,92" ten="270,240,240,240" oya="0" hai0="104,98,84,73,117,96,38,131,34,44,113,36,128" hai1="63,39,76,116,68,14,13,71,42,135,124,47,21" hai2="9,101,126,33,86,121,82,83,127,64,46,10,5" hai3="120,0,130,109,54,80,81,90,94,115,7,134,28"/><T79/><D113/><U100/><E116/><V16/><F121/><W85/><G109/><T55/><D117/><U65/><E124/><N who="2" m="47659" /><F33/><W118/><G115/><T26/><D73/><U67/><E135/><V32/><F32/><W97/><G118/><T40/><D38/><U4/><E76/><V58/><F46/><W23/><G120/><T110/><D104/><U103/><E21/><V18/><F101/><W93/><G130/><N who="0" m="49707" /><D55/><U89/><E89/><N who="2" m="51415" /><F83/><W99/><G134/><T125/><D125/><U2/><E2/><N who="2" m="183" /><F10/><W25/><G0/><T133/><D133/><U69/><E4/><V112/><F112/><W88/><G7/><T30/><D110/><U20/><E20/><V27/><F27/><W95/><G54/><T66/><D66/><U70/><REACH who="1" step="1"/><E67/><REACH who="1" ten="270,230,240,240" step="2"/><V12/><F12/><AGARI ba="1,2" hai="12,13,14,39,42,47,63,65,68,69,70,71,100,103" machi="12" ten="40,8000,1" yaku="1,1,2,1,53,3" doraHai="92" doraHaiUra="8" who="1" fromWho="2" sc="270,0,230,103,240,-83,240,0" /><INIT seed="1,0,0,0,3,36" ten="270,333,157,240" oya="1" hai0="65,43,11,1,125,55,35,78,14,47,31,37,52" hai1="67,106,120,77,46,21,39,83,70,30,109,72,32" hai2="22,26,8,127,130,119,81,73,87,13,56,17,40" hai3="117,68,45,7,82,15,107,108,41,71,86,80,100"/><U85/><E120/><V28/><F119/><W102/><G108/><T64/><D1/><U0/><E106/><V89/><F130/><W18/><G117/><T54/><D125/><U91/><E109/><V5/><F127/><W23/><G82/><T74/><D78/><U93/><E0/><V29/><F73/><W53/><G53/><T76/><D76/><U49/><E39/><V112/><F112/><W69/><G7/><T58/><D74/><U33/><E67/><V3/><F56/><W51/><REACH who="3" step="1"/><G107/><REACH who="3" ten="270,333,157,230" step="2"/><T66/><D58/><U104/><E104/><V115/><F115/><W57/><G57/><T129/><D129/><U92/><E70/><V61/><F61/><W75/><G75/><T16/><REACH who="0" step="1"/><D55/><REACH who="0" ten="260,333,157,230" step="2"/><U99/><E72/><V94/><F81/><W113/><G113/><T20/><D20/><U111/><E21/><V96/><F3/><W4/><G4/><T27/><AGARI ba="0,2" hai="11,14,16,27,31,35,37,43,47,52,54,64,65,66" machi="27" ten="30,8000,1" yaku="1,1,0,1,52,1,54,2,53,0" doraHai="36" doraHaiUra="59" who="0" fromWho="0" sc="260,100,333,-40,157,-20,230,-20" /><INIT seed="2,0,0,4,0,112" ten="360,293,137,210" oya="2" hai0="135,57,59,106,90,26,109,87,52,35,18,15,124" hai1="122,73,12,7,104,129,50,21,45,29,24,93,48" hai2="37,61,125,60,49,47,56,42,85,103,34,27,39" hai3="107,41,22,128,51,121,6,54,63,0,75,92,111"/><V102/><F125/><W65/><G107/><T79/><D124/><U36/><E104/><V131/><F131/><W3/><G111/><T116/><D109/><U81/><E129/><V53/><F61/><W11/><G121/><T68/><D68/><U130/><E122/><V100/><REACH who="2" step="1"/><F85/><REACH who="2" ten="360,293,127,210" step="2"/><W69/><G128/><T82/><D87/><U101/><E130/><V23/><F23/><W38/><G75/><T94/><D35/><U16/><E73/><V14/><F14/><W64/><G22/><T126/><D15/><U55/><E12/><V114/><F114/><W8/><G3/><T99/><D126/><U77/><E21/><V13/><F13/><W28/><G0/><T88/><D135/><U132/><E132/><V123/><F123/><W95/><G8/><T31/><D26/><U33/><E24/><V10/><F10/><W9/><G11/><T119/><D119/><U115/><E115/><V127/><F127/><W43/><G9/><T120/><D116/><U30/><E33/><V89/><F89/><W97/><G63/><T96/><D120/><U5/><E7/><V25/><F25/><W118/><G6/><T86/><D90/><U58/><E5/><V19/><F19/><W105/><G118/><T84/><D88/><U70/><E16/><V71/><F71/><W46/><G69/><T78/><D86/><U110/><E70/><V20/><F20/><W133/><G133/><T134/><D18/><U80/><E110/><V17/><F17/><W40/><G28/><AGARI ba="0,1" hai="27,28,34,37,39,42,47,49,53,56,60,100,102,103" machi="28" ten="40,2000,0" yaku="1,1,53,0" doraHai="112" doraHaiUra="117" who="2" fromWho="3" sc="360,0,293,0,127,30,210,-20" /><INIT seed="2,1,0,2,3,124" ten="360,293,157,190" oya="2" hai0="25,41,98,105,131,12,94,10,8,79,28,121,0" hai1="11,4,42,90,35,50,26,20,24,89,130,60,92" hai2="126,3,69,106,58,97,78,108,85,135,22,7,40" hai3="31,34,59,115,51,33,44,87,46,111,132,15,64"/><V118/><F118/><W110/><G132/><T100/><D121/><U9/><E35/><V102/><F69/><W114/><G46/><T17/><D41/><U122/><E122/><V88/><F126/><W62/><G15/><T6/><D79/><U72/><E72/><V77/><F135/><W119/><G119/><T129/><REACH who="0" step="1"/><D105/><REACH who="0" ten="350,293,157,190" step="2"/><U99/><E42/><V18/><F40/><N who="3" m="24967" /><G111/><T86/><D86/><U109/><E109/><V73/><F108/><W14/><G87/><T1/><D1/><U56/><E99/><V36/><F36/><W101/><G110/><T30/><D30/><U120/><E120/><V52/><F3/><W19/><G31/><T70/><D70/><U39/><E39/><V71/><F71/><W32/><G115/><T16/><D16/><U104/><E104/><V47/><F7/><W95/><G114/><T127/><D127/><U37/><E4/><V5/><F5/><W128/><G19/><T82/><D82/><U53/><E37/><V23/><F73/><W96/><G95/><T2/><D2/><U57/><E92/><V103/><F18/><W68/><G68/><T55/><D55/><U63/><E53/><V133/><F133/><W74/><G74/><T84/><D84/><U91/><E11/><V81/><F78/><W13/><G64/><T66/><D66/><U112/><E9/><V123/><F123/><W116/><G116/><T83/><D83/><U113/><E113/><V43/><F77/><W29/><G29/><T125/><D125/><U61/><E112/><V48/><F103/><W21/><G101/><T117/><D117/><RYUUKYOKU ba="1,1" sc="350,15,293,-15,157,15,190,-15" hai0="0,6,8,10,12,17,25,28,94,98,100,129,131" hai2="22,23,43,47,48,52,58,81,85,88,97,102,106" /><INIT seed="2,2,1,3,3,24" ten="365,278,172,175" oya="2" hai0="116,54,96,75,35,94,108,101,34,62,113,120,20" hai1="55,67,31,41,105,13,111,22,23,69,127,4,2" hai2="29,7,15,32,82,64,14,53,39,30,6,26,104" hai3="89,46,115,128,135,74,125,79,48,61,84,112,43"/><V85/><F39/><W44/><G125/><T99/><D113/><U12/><E105/><V92/><F104/><W91/><G128/><T73/><D120/><U9/><E41/><V86/><F64/><W90/><G135/><T132/><D20/><N who="1" m="7723" /><E55/><V8/><F32/><W100/><G100/><T97/><D97/><U76/><E76/><V114/><F26/><W110/><G110/><T126/><D108/><U0/><E67/><V95/><F114/><N who="3" m="43563" /><G61/><T10/><D75/><U88/><E88/><V124/><F124/><W50/><G79/><T58/><D73/><U106/><E106/><V36/><F36/><W57/><G57/><T122/><D126/><U45/><E45/><V72/><F72/><W25/><G25/><T16/><D122/><U121/><E69/><V98/><F53/><N who="3" m="29831" /><G74/><T87/><D58/><U77/><E77/><V37/><F37/><W102/><G102/><T42/><D101/><U103/><E103/><V119/><F119/><W63/><G63/><T3/><D62/><U33/><E121/><V49/><F49/><W56/><G56/><T52/><D54/><U38/><E38/><V1/><F98/><W123/><G123/><T107/><D99/><U80/><E111/><V117/><F117/><W40/><G43/><T78/><D42/><U118/><E118/><V130/><F130/><W51/><G50/><T81/><D116/><U68/><E68/><V65/><F65/><W47/><G46/><T27/><D52/><U11/><E127/><V83/><F1/><W19/><G19/><T59/><D107/><U131/><E131/><V133/><F133/><RYUUKYOKU ba="2,1" sc="365,-15,278,-15,172,15,175,15" hai2="6,7,8,14,15,29,30,82,83,85,86,92,95" hai3="40,47,51,84,89,90,91" /><INIT seed="2,3,1,5,4,62" ten="350,263,187,190" oya="2" hai0="85,14,122,27,48,73,83,89,16,26,50,125,81" hai1="10,87,126,113,93,90,59,3,55,60,91,112,130" hai2="8,135,119,29,36,72,4,86,78,88,57,51,47" hai3="114,41,52,20,44,82,1,92,120,39,40,110,37"/><V94/><F119/><W84/><G110/><T133/><D122/><U11/><E126/><V79/><F135/><W53/><G120/><T66/><D125/><U65/><E130/><V101/><F36/><W97/><G114/><T96/><D133/><U80/><E3/><V77/><F72/><W22/><G1/><T0/><D0/><U74/><E113/><V132/><F132/><W111/><G111/><T67/><D73/><U117/><E117/><V102/><F29/><W69/><G69/><T124/><D124/><U9/><E112/><V98/><F57/><W104/><G104/><T45/><D50/><U118/><E118/><V56/><F56/><W18/><G92/><N who="0" m="56335" /><D26/><U100/><E100/><V129/><F129/><W30/><G97/><T15/><D15/><U131/><E131/><V75/><F75/><W123/><G30/><T7/><D27/><U28/><E28/><V68/><F68/><W21/><G18/><T12/><D12/><U31/><E31/><V103/><F98/><W34/><G34/><T32/><D7/><U61/><E74/><V71/><F71/><W54/><G123/><T6/><D6/><U109/><E109/><V33/><F33/><W13/><G13/><T121/><D83/><U99/><E60/><V127/><F127/><W38/><REACH who="3" step="1"/><G44/><REACH who="3" ten="350,263,187,180" step="2"/><T106/><D106/><U128/><E128/><V134/><F134/><W25/><G25/><T63/><D32/><U23/><E23/><V19/><F4/><W35/><G35/><T2/><D121/><U70/><E70/><V46/><F19/><W95/><G95/><T42/><D16/><RYUUKYOKU ba="3,2" sc="350,-15,263,15,187,-15,180,15" hai1="9,10,11,55,59,61,65,80,87,90,91,93,99" hai3="20,21,22,37,38,39,40,41,52,53,54,82,84" /><INIT seed="3,4,2,5,1,85" ten="335,278,172,195" oya="3" hai0="70,41,25,6,84,28,124,87,44,61,134,13,77" hai1="50,40,24,95,125,97,82,106,2,133,27,21,92" hai2="29,105,121,53,31,65,45,4,5,109,132,98,74" hai3="83,26,42,116,120,112,79,107,55,102,93,90,46"/><W22/><G112/><T30/><D134/><U118/><E2/><V126/><F74/><W37/><G116/><T117/><D117/><U100/><E118/><V36/><F65/><W51/><G120/><T47/><D124/><U123/><E123/><V62/><F121/><W17/><G107/><T101/><D101/><U14/><E133/><V127/><F132/><W33/><G102/><T108/><D47/><N who="1" m="25959" /><E106/><V48/><F36/><W71/><G71/><T60/><D108/><U75/><E75/><V76/><F62/><W35/><G83/><N who="0" m="47215" /><D25/><N who="1" m="9803" /><E92/><V91/><F76/><W8/><G8/><N who="0" m="4247" /><D87/><U110/><E110/><V99/><F109/><W69/><G79/><T78/><D78/><U81/><E125/><N who="2" m="47627" /><F99/><W111/><G69/><T72/><D72/><U0/><E0/><V32/><F105/><W129/><G129/><T9/><D9/><U20/><E14/><V115/><F115/><W10/><G10/><T54/><D70/><U96/><E97/><V38/><F38/><W103/><G103/><T114/><D114/><U52/><E21/><V1/><F32/><W49/><G111/><T16/><D16/><U34/><E34/><V66/><F1/><W89/><G37/><T3/><D3/><U57/><E20/><V80/><F98/><W135/><G135/><T56/><D61/><AGARI ba="4,2" hai="52,57,61,81,82,95,96,100" m="9803,25959" machi="61" ten="30,2000,0" yaku="8,1,54,1" doraHai="85" who="1" fromWho="0" sc="335,-32,278,52,172,0,195,0" /><INIT seed="4,0,0,3,2,64" ten="303,330,172,195" oya="0" hai0="44,47,41,4,114,58,26,128,13,60,51,72,36" hai1="3,98,43,24,52,39,115,79,1,66,32,132,22" hai2="68,83,67,87,53,28,108,76,80,50,69,82,102" hai3="61,21,5,75,94,54,38,103,33,59,121,65,109"/><T12/><D114/><U20/><E32/><V88/><F108/><W113/><G109/><T11/><D128/><U112/><E79/><V45/><F102/><W96/><G33/><T118/><D118/><U49/><E66/><V78/><F67/><W62/><G113/><N who="1" m="43594" /><E132/><V0/><F0/><N who="1" m="73" /><E98/><V123/><F123/><W30/><G38/><T70/><D72/><U2/><N who="1" m="81" /><U107/><DORA hai="125" /><E107/><V117/><F117/><W131/><G75/><T127/><D127/><U99/><E99/><V90/><F28/><W110/><G110/><T46/><D12/><U74/><E74/><V31/><F31/><W81/><G121/><T6/><D6/><U29/><E43/><V134/><F134/><W18/><G30/><T71/><D26/><U48/><E22/><V17/><F78/><W101/><G5/><T95/><D95/><U130/><E130/><V119/><F119/><W56/><G81/><T35/><D35/><U8/><E39/><V37/><F37/><W97/><G131/><T34/><D34/><U14/><E52/><V55/><F76/><W129/><G129/><T25/><D25/><U116/><E116/><V63/><F83/><W10/><G10/><T15/><D15/><U84/><E84/><V133/><F133/><W124/><G124/><T105/><D105/><U16/><AGARI ba="0,0" hai="8,14,16,20,24,29,48,49" m="81,43594" machi="16" ten="50,6400,0" yaku="15,1,11,1,54,1" doraHai="64,125" who="1" fromWho="1" sc="303,-32,330,64,172,-16,195,-16" /><INIT seed="5,0,0,4,4,37" ten="271,394,156,179" oya="1" hai0="33,96,48,93,17,126,50,63,5,68,28,64,8" hai1="7,10,80,91,31,36,83,24,6,75,107,54,122" hai2="22,40,90,129,30,114,117,13,62,3,101,47,120" hai3="45,112,132,14,61,87,4,78,125,26,130,38,43"/><U34/><E122/><V131/><F117/><W55/><G112/><T23/><D126/><U11/><E107/><V115/><F120/><W60/><G125/><T97/><D28/><U49/><E36/><N who="2" m="21895" /><F3/><W77/><G132/><T46/><D33/><U71/><E71/><V95/><F101/><W105/><G105/><T20/><D50/><U41/><E41/><V72/><F72/><W103/><G103/><T51/><D48/><U52/><E75/><V94/><F62/><W12/><G130/><N who="2" m="49673" /><F30/><W133/><G133/><T134/><D134/><U67/><E91/><V74/><F74/><W25/><G61/><T58/><D68/><U76/><E67/><V116/><F116/><W56/><G78/><T18/><D63/><U98/><E76/><V19/><F90/><W82/><REACH who="3" step="1"/><G12/><REACH who="3" ten="271,394,156,169" step="2"/><T111/><D111/><U104/><E104/><V21/><F115/><W42/><G42/><T16/><D64/><U113/><E113/><V92/><F114/><W70/><G70/><T2/><D2/><U44/><E54/><V100/><F100/><W135/><G135/><T127/><D127/><U99/><E83/><V59/><F59/><W27/><G27/><T86/><D58/><U85/><E80/><V79/><F79/><W0/><G0/><T108/><D108/><U121/><E121/><V9/><AGARI ba="0,1" hai="9,13,19,21,22,92,94,95" m="49673,21895" machi="9" ten="30,2000,0" yaku="19,1,52,1" doraHai="37" who="2" fromWho="2" sc="271,-5,394,-10,156,30,169,-5" /><INIT seed="6,0,0,1,3,14" ten="266,384,186,164" oya="2" hai0="67,6,103,95,24,133,28,5,23,118,9,77,125" hai1="131,65,82,20,135,46,57,78,88,10,25,98,105" hai2="86,74,119,116,4,54,21,69,49,45,113,60,8" hai3="81,123,47,80,3,15,93,22,48,100,0,90,17"/><V79/><F74/><W106/><G123/><T35/><D133/><U111/><E111/><V107/><F107/><W114/><G106/><T12/><D125/><U112/><E10/><V109/><F109/><W31/><G100/><T55/><D118/><U70/><E70/><V61/><F113/><W110/><G110/><T115/><D115/><U11/><E11/><V18/><F8/><W66/><G66/><T99/><D77/><U117/><E46/><V34/><F4/><W92/><G92/><T94/><D35/><U1/><E78/><V134/><F34/><W36/><G36/><T85/><D67/><U83/><E65/><V71/><F134/><W73/><G31/><T58/><D85/><U33/><E33/><V64/><F61/><W91/><G91/><T13/><D94/><U29/><E105/><V129/><F129/><W7/><G7/><N who="0" m="3135" /><D13/><U63/><E131/><V101/><F101/><W56/><G56/><T89/><D89/><U32/><E117/><V38/><F38/><W42/><G114/><T30/><D30/><U44/><E29/><V50/><F71/><W127/><G127/><T39/><D39/><U16/><E112/><V72/><F72/><W62/><G62/><AGARI ba="0,0" hai="5,6,23,24,28,55,58,62,95,99,103" m="3135" machi="62" ten="30,1000,0" yaku="8,1" doraHai="14" who="0" fromWho="3" sc="266,10,384,0,186,0,164,-10" /><INIT seed="7,0,0,3,3,106" ten="276,384,186,154" oya="3" hai0="94,124,18,33,89,133,122,43,19,72,25,23,80" hai1="64,56,75,1,107,52,88,92,70,125,53,29,45" hai2="91,34,74,13,63,126,77,119,14,24,9,12,96" hai3="90,95,21,35,84,111,65,118,38,102,55,31,49"/><W135/><G118/><T93/><D122/><U39/><E75/><V127/><F119/><W120/><G120/><T87/><D133/><U68/><E107/><V86/><F96/><W36/><G135/><T67/><D124/><N who="2" m="47658" /><F74/><W6/><G111/><T61/><D33/><U37/><E53/><V128/><F77/><W11/><G65/><T2/><D2/><U30/><E29/><N who="2" m="19751" /><F128/><W110/><G110/><T5/><D5/><U81/><E45/><V82/><F63/><W16/><G31/><T113/><D113/><U50/><E92/><V112/><F112/><W3/><G102/><T66/><D72/><U7/><E56/><V108/><F108/><W123/><G35/><T104/><D104/><U114/><E64/><V22/><F22/><W58/><REACH who="3" step="1"/><G123/><REACH who="3" ten="276,384,186,144" step="2"/><T134/><D67/><U59/><E30/><V116/><F116/><W99/><G99/><T8/><D134/><U51/><E114/><V130/><F130/><W85/><G85/><T15/><D66/><U46/><E125/><V103/><F103/><W41/><G41/><T0/><D43/><U101/><E101/><V42/><F42/><W20/><G20/><T32/><D32/><U28/><E28/><V27/><F27/><AGARI ba="0,1" hai="3,6,11,16,21,27,36,38,49,55,58,84,90,95" machi="27" ten="30,11600,0" yaku="1,1,7,1,54,1,53,1" doraHai="106" doraHaiUra="17" who="3" fromWho="2" sc="276,0,384,0,186,-116,144,126" /><INIT seed="7,1,0,0,1,63" ten="276,384,70,270" oya="3" hai0="111,70,40,21,14,11,71,52,87,61,114,0,106" hai1="78,123,46,28,16,22,83,125,15,77,103,29,127" hai2="60,36,131,120,64,58,80,26,67,18,90,117,32" hai3="23,126,27,100,5,68,17,79,134,69,13,65,85"/><W133/><G126/><N who="1" m="48138" /><E123/><V84/><F120/><W86/><G100/><T43/><D106/><U82/><E103/><V119/><F131/><W8/><G69/><T44/><D61/><U6/><E6/><V116/><F36/><W1/><G79/><N who="1" m="30218" /><E46/><V48/><F48/><W19/><G65/><T99/><D44/><U81/><AGARI ba="1,0" hai="15,16,22,28,29,81,82,83" m="30218,48138" machi="81" ten="40,2700,0" yaku="18,1,54,1" doraHai="63" who="1" fromWho="1" sc="276,-8,384,30,70,-8,270,-14" owari="268,7.0,414,51.0,62,-44.0,256,-14.0" /></mjloggm>