<mjloggm ver="2.3"><GO type="185" lobby="0"/><UN n0="%E3%83%A8%E3%83%83%E3%82%B7%E3%83%BC%39%7A%64%65" n1="%E3%81%A0%E3%81%83" n2="%E7%A7%8B%E7%94%B0%E3%81%AE%E3%81%B2%E3%82%88%E3%81%93" n3="" dan="16,16,16,0" rate="2179.95,2140.65,2233.09,1500.00" sx="M,M,F,C"/><TAIKYOKU oya="0"/><INIT seed="0,0,0,3,2,108" ten="350,350,350,0" oya="0" hai0="92,97,58,82,35,103,88,104,115,111,96,59,42" hai1="134,72,57,78,130,95,48,61,83,98,63,90,56" hai2="110,121,46,119,85,91,62,36,109,69,118,117,38" hai3=""/><T113/><D35/><U50/><E130/><V127/><N who="2" m="31008" /><V67/><F127/><T2/><D2/><U122/><N who="1" m="31264" /><U1/><E1/><V129/><F129/><T34/><D34/><U93/><E134/><V40/><REACH who="2" step="1"/><F36/><REACH who="2" ten="350,350,340,0" step="2"/><T102/><D111/><U0/><E0/><V60/><F60/><T128/><D128/><U107/><E63/><V41/><F41/><T52/><D42/><U106/><E61/><V101/><F101/><T53/><D102/><U3/><E50/><V47/><F47/><T66/><D82/><AGARI ba="0,1" hai="38,40,46,62,67,69,82,85,91,109,110,117,118,119" m="31008" machi="82" ten="40,5200,0" yaku="1,1,12,1,52,1,53,0" doraHai="108" doraHaiUra="131" who="2" fromWho="0" sc="350,-52,350,0,340,62,0,0" /><INIT seed="1,0,0,0,3,93" ten="298,350,402,0" oya="1" hai0="128,47,108,97,58,74,133,41,88,76,46,3,95" hai1="118,64,49,92,0,127,85,34,43,83,135,55,94" hai2="107,100,132,51,84,91,35,120,33,63,129,131,50" hai3=""/><U52/><E118/><V109/><N who="2" m="30752" /><V77/><F109/><T69/><D69/><U105/><E105/><V67/><F132/><T103/><D3/><U123/><N who="1" m="31520" /><U81/><E135/><V39/><F77/><T122/><N who="0" m="31264" /><T111/><D133/><U90/><E34/><V68/><F39/><T45/><D128/><N who="2" m="49226" /><F100/><T121/><N who="0" m="31008" /><T106/><D58/><U37/><E127/><V59/><F107/><T110/><D76/><U102/><E0/><V96/><F96/><T134/><D74/><U57/><E64/><V104/><F104/><T70/><D70/><U112/><E112/><V101/><F101/><T2/><D2/><U71/><E71/><V60/><F33/><T79/><D79/><U113/><E113/><V126/><F126/><T114/><D114/><U116/><E116/><V125/><F125/><T89/><D134/><U36/><E36/><V56/><F35/><T53/><D106/><U117/><E117/><V38/><F38/><T80/><D103/><U119/><E119/><V40/><F40/><T87/><D41/><U54/><E37/><V1/><F1/><T42/><D42/><U130/><E130/><V66/><F68/><T75/><D75/><U62/><E43/><V86/><F91/><RYUUKYOKU ba="0,0" sc="298,10,350,-20,402,10,0,0" hai0="45,46,47,53,80,87,88,89,95,97,108,110,111" hai2="50,51,56,59,60,63,66,67,84,86" /><INIT seed="2,1,0,2,3,0" ten="308,330,412,0" oya="2" hai0="83,64,99,109,41,120,39,77,108,129,135,61,79" hai1="80,112,76,48,57,105,87,84,95,131,82,37,93" hai2="127,54,69,62,50,60,102,72,73,128,122,51,78" hai3=""/><V103/><N who="2" m="31264" /><V89/><F128/><T123/><N who="0" m="30752" /><T116/><N who="0" m="31520" /><T33/><D116/><U115/><E37/><V114/><F127/><T119/><D119/><U133/><E131/><V75/><F78/><T3/><D3/><U94/><E57/><V66/><F114/><N who="1" m="43561" /><E48/><V117/><F117/><T34/><D129/><U38/><E38/><V86/><F62/><T118/><D118/><U45/><E45/><V121/><N who="2" m="31008" /><V47/><REACH who="2" step="1"/><F50/><REACH who="2" ten="308,330,402,0" step="2"/><T1/><D1/><U36/><E133/><V106/><F106/><T68/><D135/><U53/><E36/><V55/><F55/><T91/><D39/><U101/><E53/><V58/><F58/><T85/><D41/><U107/><E101/><V63/><F63/><T70/><D70/><U2/><E2/><V74/><N who="2" m="18432" /><DORA hai="43" /><V98/><F98/><T44/><D99/><U52/><E52/><V124/><F124/><T125/><D125/><U104/><E76/><N who="0" m="29257" /><D44/><U110/><E107/><V42/><F42/><T111/><AGARI ba="1,1" hai="33,34,61,64,68,83,85,91,108,109,111" m="29257,31520,30752" machi="111" ten="40,6000,1" yaku="14,1,52,4" doraHai="0,43" who="0" fromWho="0" sc="308,72,330,-21,402,-41,0,0" /><INIT seed="4,0,0,5,2,45" ten="380,309,361,0" oya="0" hai0="133,59,106,90,70,39,85,92,66,49,126,74,95" hai1="97,121,46,116,86,38,88,103,96,78,67,72,80" hai2="118,104,56,120,75,73,53,94,87,3,107,101,1" hai3=""/><T130/><D106/><U48/><N who="1" m="31008" /><U33/><E116/><V100/><N who="2" m="30752" /><V98/><F118/><T77/><D39/><U58/><E38/><V34/><F34/><T127/><D70/><U71/><E71/><V54/><F87/><T110/><D130/><U82/><E33/><V37/><F37/><T99/><D133/><U63/><REACH who="1" step="1"/><E103/><REACH who="1" ten="380,299,361,0" step="2"/><V117/><F117/><T131/><D131/><U35/><E35/><V76/><F1/><T83/><D110/><U51/><E51/><V64/><F3/><T122/><N who="0" m="31264" /><T47/><D126/><U65/><E65/><V81/><F64/><T43/><D127/><U50/><E50/><V119/><F119/><T61/><REACH who="0" step="1"/><D95/><REACH who="0" ten="370,299,361,0" step="2"/><U57/><E57/><V105/><F56/><T60/><D60/><U40/><AGARI ba="0,2" hai="40,46,48,58,63,67,72,78,80,82,86,88,96,97" m="31008" machi="40" ten="20,9000,2" yaku="1,1,0,1,7,1,52,2,54,1,53,0" doraHai="45" doraHaiUra="2" who="1" fromWho="1" sc="370,-60,299,110,361,-30,0,0" /><INIT seed="5,0,0,4,4,107" ten="310,409,331,0" oya="1" hai0="115,59,108,38,3,63,129,71,65,45,61,119,84" hai1="74,51,57,92,124,39,89,67,1,121,2,53,82" hai2="49,54,109,44,81,46,56,131,77,58,135,69,91" hai3=""/><U110/><N who="1" m="31008" /><U104/><E104/><V79/><F109/><T123/><N who="0" m="31520" /><T90/><D108/><U120/><N who="1" m="30752" /><U85/><E110/><V133/><F69/><T127/><D3/><U94/><E39/><V83/><F91/><T128/><D115/><U68/><E124/><V125/><F131/><N who="0" m="50250" /><D127/><U112/><E112/><V99/><F99/><T64/><D119/><U106/><E106/><V50/><F125/><T134/><D134/><U34/><E34/><V86/><F135/><T87/><D90/><U132/><E132/><V62/><F133/><T72/><D72/><U75/><E1/><V33/><F33/><T52/><D38/><U78/><E2/><V36/><F36/><T42/><D42/><U102/><E102/><V73/><REACH who="2" step="1"/><F62/><REACH who="2" ten="310,409,321,0" step="2"/><T96/><D96/><U35/><E35/><V0/><F0/><T55/><D71/><U88/><E68/><V93/><F93/><T66/><D63/><U118/><E89/><V80/><F80/><T100/><D100/><U48/><E88/><V116/><F116/><T111/><D111/><U114/><E92/><V40/><AGARI ba="0,1" hai="40,44,46,49,50,54,56,58,73,77,79,81,83,86" machi="40" ten="20,3900,0" yaku="1,1,0,1,7,1,52,1,53,0" doraHai="107" doraHaiUra="122" who="2" fromWho="2" sc="310,-13,409,-26,321,49,0,0" /><INIT seed="6,0,0,1,1,2" ten="297,383,370,0" oya="2" hai0="1,102,127,53,72,116,68,52,94,45,39,105,32" hai1="69,33,64,111,130,88,34,93,117,44,100,87,3" hai2="97,79,129,121,38,110,35,91,123,112,43,135,126" hai3=""/><V73/><RYUUKYOKU type="yao9" ba="0,0" sc="297,0,383,0,370,0,0,0" hai2="35,38,43,73,79,91,97,110,112,121,123,126,129,135" /><INIT seed="6,1,0,2,2,130" ten="297,383,370,0" oya="2" hai0="132,1,37,106,96,0,124,134,98,81,113,94,105" hai1="53,95,39,62,35,78,38,104,92,101,45,91,33" hai2="126,80,34,109,50,73,55,112,69,99,82,66,102" hai3=""/><V103/><F34/><T77/><D37/><U49/><E104/><V32/><F32/><T60/><D124/><U133/><E133/><N who="0" m="51305" /><D60/><U43/><E78/><V72/><F126/><T56/><D56/><U114/><E114/><V64/><F112/><T84/><D113/><U116/><E116/><V59/><F109/><T83/><D83/><U118/><E118/><V61/><F66/><T68/><D68/><U97/><E62/><V88/><F103/><T3/><D98/><U111/><E111/><V90/><F82/><T58/><D58/><U54/><E54/><V86/><REACH who="2" step="1"/><F90/><AGARI ba="1,0" hai="0,1,3,77,81,84,90,94,96,105,106" m="51305" machi="90" ten="40,8000,1" yaku="20,1,52,3" doraHai="130" who="0" fromWho="2" sc="297,82,383,0,370,-82,0,0" /><INIT seed="8,0,0,3,1,109" ten="379,383,288,0" oya="0" hai0="127,131,130,36,120,60,70,93,105,35,91,83,49" hai1="53,65,116,55,66,78,43,129,119,98,133,54,32" hai2="113,128,122,110,99,63,112,124,90,100,89,52,2" hai3=""/><T85/><N who="0" m="30752" /><T62/><D105/><U69/><E32/><V86/><N who="2" m="31264" /><V64/><F2/><T48/><D36/><U75/><E129/><N who="0" m="49161" /><D127/><U95/><E133/><V101/><F128/><T0/><D35/><U39/><E78/><V118/><F124/><T57/><D0/><U44/><E75/><V87/><F110/><T97/><D70/><U96/><E96/><V59/><F118/><N who="1" m="45097" /><E69/><V106/><F101/><AGARI ba="0,0" hai="39,43,44,53,54,55,65,66,95,98,101" m="45097" machi="101" ten="30,1000,0" yaku="16,1" doraHai="109" who="1" fromWho="2" sc="379,0,383,10,288,-10,0,0" /><INIT seed="9,0,0,3,0,35" ten="379,393,278,0" oya="1" hai0="58,59,42,108,47,101,72,79,97,78,86,130,110" hai1="115,109,100,132,106,52,131,38,103,87,94,91,64" hai2="0,69,77,119,105,43,80,70,127,92,49,93,61" hai3=""/><U102/><E115/><V116/><F105/><T112/><D112/><U128/><E38/><V63/><F127/><T60/><D59/><U125/><E125/><V84/><F43/><T68/><D86/><U126/><E126/><V124/><F124/><T81/><D79/><U133/><E64/><V83/><F49/><T32/><D130/><N who="1" m="49707" /><E109/><V55/><F55/><T90/><D90/><U67/><E67/><V56/><F56/><T89/><D89/><U41/><E41/><V44/><F84/><T98/><D98/><U51/><E106/><V88/><F88/><T75/><D75/><U33/><E33/><V96/><F96/><T104/><D32/><U74/><E74/><V46/><F77/><T40/><D40/><U114/><E114/><V54/><F54/><T120/><N who="0" m="30752" /><T48/><D68/><U66/><E66/><AGARI ba="0,0" hai="42,47,48,58,60,66,72,78,81,97,101,104,108,110" m="30752" machi="66" ten="30,2000,0" yaku="7,1,52,1" doraHai="35" who="0" fromWho="1" sc="379,20,393,-20,278,0,0,0" /><INIT seed="10,0,0,3,4,110" ten="399,373,278,0" oya="2" hai0="72,32,99,107,130,75,117,37,134,73,115,94,104" hai1="100,66,46,98,91,65,86,70,82,42,106,125,88" hai2="57,39,38,80,3,84,92,93,101,33,34,53,50" hai3=""/><V0/><F34/><T133/><D32/><U78/><E125/><V103/><F33/><T68/><D115/><U77/><E70/><V87/><F0/><T114/><D114/><U119/><E119/><V79/><F3/><T127/><D117/><U81/><E65/><V129/><F129/><T69/><D37/><U109/><E66/><V49/><F49/><T90/><D127/><U83/><E109/><V35/><F35/><T76/><D130/><U128/><E128/><V44/><F38/><T47/><D47/><U60/><E60/><V74/><F74/><T95/><D76/><U51/><E82/><V108/><F108/><T62/><D94/><U36/><E36/><V102/><F39/><T121/><N who="0" m="31008" /><T96/><D99/><U124/><E124/><V43/><REACH who="2" step="1"/><F87/><AGARI ba="0,0" hai="42,46,51,77,78,81,83,86,87,88,91,98,100,106" machi="87" ten="30,3900,0" yaku="7,1,9,1,54,1" doraHai="110" who="1" fromWho="2" sc="399,0,373,39,278,-39,0,0" owari="399,0.0,412,36.0,239,-36.0,0,0.0" /></mjloggm>