<mjloggm ver="2.3"><GO type="169" lobby="0"/><UN n0="%73%61%6E%64%69%72%69%73" n1="%48%61%7A%61%6D%61%78" n2="%E6%A4%9C%E6%9F%BB%E5%93%A1" n3="%66%61%6E%73%74%65%70" dan="17,16,16,17" rate="2259.22,2131.45,2179.13,2183.32" sx="M,M,M,M"/><TAIKYOKU oya="0"/><INIT seed="0,0,0,1,1,78" ten="250,250,250,250" oya="0" hai0="22,84,24,30,27,115,1,0,93,54,13,57,23" hai1="28,39,60,92,110,20,113,91,53,16,37,4,70" hai2="80,74,75,15,82,109,25,114,9,17,31,43,52" hai3="112,81,76,12,48,88,45,99,56,107,71,3,44"/><T26/><D115/><U100/><E113/><V72/><F109/><W50/><G112/><T118/><D118/><U5/><E110/><V131/><F114/><W65/><G3/><T21/><D93/><U111/><E28/><V73/><N who="2" m="18432" /><DORA hai="87" /><V134/><F131/><W41/><G71/><T33/><D84/><U58/><E100/><V128/><F128/><W104/><G12/><T46/><D46/><U69/><E111/><V117/><F117/><W7/><G7/><T126/><D126/><U59/><E69/><V90/><F43/><W77/><G107/><T94/><D94/><U34/><E34/><V124/><F134/><W36/><G36/><T49/><REACH who="0" step="1"/><D13/><REACH who="0" ten="240,250,250,250" step="2"/><U123/><E92/><V67/><F124/><W98/><G104/><T125/><D125/><U103/><E103/><V64/><F52/><N who="3" m="29711" /><G99/><T51/><D51/><U61/><E39/><V97/><F97/><W38/><G38/><T55/><D55/><U14/><E37/><V132/><F132/><W101/><G101/><T42/><D42/><U19/><E53/><V6/><F64/><W105/><G105/><T62/><D62/><U18/><E61/><V127/><F67/><W86/><G98/><T129/><D129/><U130/><E14/><V121/><F127/><W79/><G65/><T68/><D68/><U119/><E70/><V122/><F6/><W10/><G56/><T89/><D89/><U63/><E5/><V85/><REACH who="2" step="1"/><F82/><REACH who="2" ten="240,250,240,250" step="2"/><W40/><G40/><T102/><D102/><U96/><E130/><V106/><F106/><W108/><G108/><T120/><D120/><U35/><E123/><RYUUKYOKU ba="0,2" sc="240,10,250,-30,240,10,250,10" hai0="0,1,21,22,23,24,26,27,30,33,49,54,57" hai2="9,15,17,25,31,80,85,90,121,122" hai3="10,41,44,50,76,77,79,81,86,88" /><INIT seed="0,1,2,2,3,31" ten="250,220,250,260" oya="0" hai0="62,8,132,117,130,34,45,27,11,72,53,78,92" hai1="22,99,115,104,16,66,75,126,80,102,86,23,0" hai2="18,73,28,44,131,2,111,3,119,33,103,7,51" hai3="9,90,135,76,121,106,61,94,36,134,10,105,4"/><T108/><D117/><U123/><E123/><V52/><F73/><W24/><G36/><T124/><D124/><U91/><E126/><V1/><F119/><W39/><G39/><T42/><D132/><N who="3" m="50729" /><G121/><T82/><D130/><U19/><E115/><V128/><F111/><W48/><G76/><T88/><D108/><U70/><E0/><V120/><F120/><W6/><G48/><T49/><D62/><U116/><E116/><V109/><F109/><W13/><G24/><T63/><D63/><U29/><E29/><V122/><F122/><W32/><G32/><T87/><REACH who="0" step="1"/><D42/><REACH who="0" ten="240,220,250,260" step="2"/><U95/><E70/><V79/><F128/><W30/><G61/><T89/><D89/><U107/><E66/><V110/><F131/><W37/><G30/><AGARI ba="1,3" hai="8,11,27,30,34,45,49,53,72,78,82,87,88,92" machi="30" ten="40,12000,1" yaku="1,1,52,1,54,1,53,1" doraHai="31" doraHaiUra="77" who="0" fromWho="3" sc="240,153,220,0,250,0,260,-123" /><INIT seed="0,2,0,3,0,99" ten="393,220,250,137" oya="0" hai0="105,100,70,81,62,42,4,36,45,67,131,121,71" hai1="66,135,17,7,76,5,56,132,2,118,112,113,125" hai2="52,129,63,25,102,6,79,22,13,40,74,97,120" hai3="108,59,109,87,73,48,104,77,14,1,31,126,34"/><T75/><D4/><U39/><E39/><V37/><F120/><W47/><G1/><T15/><D15/><U122/><E76/><V83/><F129/><W0/><G0/><T32/><D131/><U72/><E72/><V96/><F96/><W86/><G104/><T28/><D121/><U92/><E92/><V10/><F37/><W123/><G123/><T16/><D16/><U29/><E56/><V46/><F40/><W88/><G59/><T26/><D71/><U80/><E66/><V69/><F69/><W90/><G34/><T50/><D50/><U19/><E80/><V127/><F127/><W114/><G31/><T41/><D41/><U18/><E118/><V53/><F46/><W95/><G114/><N who="1" m="44138" /><E125/><V94/><REACH who="2" step="1"/><F63/><REACH who="2" ten="393,220,240,137" step="2"/><W101/><G126/><T98/><D81/><U43/><E43/><V78/><F78/><W110/><G77/><T12/><D12/><U60/><E60/><V61/><F61/><W133/><G14/><T68/><D68/><U65/><E122/><V49/><F49/><W107/><G48/><T93/><D93/><U33/><E65/><V54/><F54/><W21/><G47/><T23/><D23/><U51/><E51/><V85/><F85/><W91/><G21/><T24/><D24/><N who="1" m="18599" /><E2/><V57/><F57/><W20/><G20/><T3/><D3/><U119/><E119/><V106/><F106/><W58/><G58/><T11/><D11/><U9/><E9/><V8/><F8/><W128/><G128/><T55/><D55/><U124/><E124/><V111/><F111/><W89/><G110/><T103/><D75/><RYUUKYOKU ba="2,1" sc="393,10,220,10,240,10,137,-30" hai0="26,28,32,36,42,45,62,67,70,98,100,103,105" hai1="5,7,17,18,19,132,135" hai2="6,10,13,22,25,52,53,74,79,83,94,97,102" /><INIT seed="0,3,1,0,3,128" ten="403,230,250,107" oya="0" hai0="126,64,1,22,28,132,134,33,51,54,115,53,80" hai1="8,66,39,46,70,6,83,26,62,109,97,112,27" hai2="118,69,108,107,98,79,44,75,86,72,124,65,116" hai3="89,129,20,120,43,81,63,11,68,31,19,96,25"/><T95/><D115/><U76/><E109/><V32/><F44/><W57/><G120/><T55/><D1/><U67/><E67/><V2/><F86/><W111/><G111/><T38/><D38/><U93/><E112/><V92/><F92/><W23/><G129/><T105/><D105/><U91/><E46/><V71/><F2/><W13/><G68/><T122/><D122/><U48/><E48/><V104/><F108/><W41/><G11/><T12/><D126/><U87/><REACH who="1" step="1"/><E39/><REACH who="1" ten="403,220,250,107" step="2"/><V50/><F50/><W78/><G78/><T101/><D64/><U85/><E85/><V29/><F65/><W131/><G131/><T15/><D51/><U40/><E40/><V133/><F79/><W17/><G43/><T82/><D33/><U0/><AGARI ba="3,2" hai="0,6,8,26,27,62,66,70,76,83,87,91,93,97" machi="0" ten="20,2700,0" yaku="1,1,0,1,7,1,53,0" doraHai="128" doraHaiUra="52" who="1" fromWho="1" sc="403,-16,220,56,250,-10,107,-10" /><INIT seed="1,0,0,4,5,73" ten="387,276,240,97" oya="1" hai0="68,121,70,12,97,54,92,105,7,53,100,40,108" hai1="56,11,81,103,10,39,132,94,91,34,110,127,128" hai2="25,0,88,48,101,83,80,57,63,82,33,37,133" hai3="84,1,124,22,44,67,6,17,96,119,52,66,99"/><U89/><E128/><V14/><F0/><W125/><G1/><T107/><D108/><U113/><E113/><V131/><F37/><W29/><G6/><T62/><D121/><U28/><E110/><V13/><F131/><W116/><G29/><T41/><D7/><U120/><E120/><V135/><F101/><W134/><G22/><T59/><D12/><U87/><E132/><N who="2" m="50763" /><F48/><N who="3" m="28679" /><G17/><T71/><REACH who="0" step="1"/><D54/><REACH who="0" ten="377,276,240,97" step="2"/><U38/><E11/><V98/><F13/><W31/><G134/><T21/><D21/><U72/><E10/><V104/><F14/><W112/><G112/><T4/><D4/><U90/><E34/><V93/><F33/><W64/><G31/><T32/><D32/><U30/><E28/><V77/><F25/><W111/><G111/><T86/><D86/><U69/><E87/><N who="2" m="48527" /><F104/><AGARI ba="0,1" hai="40,41,53,59,62,68,70,71,92,97,100,104,105,107" machi="104" ten="50,1600,0" yaku="1,1,53,0" doraHai="73" doraHaiUra="5" who="0" fromWho="2" sc="377,26,276,0,240,-16,97,0" /><INIT seed="2,0,0,4,5,55" ten="403,276,224,97" oya="2" hai0="108,9,24,4,44,62,61,71,95,89,33,125,23" hai1="92,7,102,46,47,75,31,110,5,43,25,90,87" hai2="103,105,16,97,121,116,6,50,124,19,78,34,134" hai3="10,107,14,104,74,30,129,83,37,70,12,69,35"/><V27/><F116/><W0/><G129/><T106/><D106/><U84/><E75/><V135/><F121/><W45/><G14/><T8/><D33/><U2/><E110/><V68/><F6/><W133/><G12/><T113/><D113/><U118/><E118/><V119/><F119/><W28/><G28/><T122/><D122/><U76/><E102/><V63/><F78/><N who="3" m="44503" /><G133/><N who="2" m="50697" /><F124/><W52/><G52/><T117/><D125/><U132/><E132/><V115/><F50/><W112/><G112/><T18/><D108/><U36/><E2/><V77/><F77/><W41/><G30/><T57/><D44/><U93/><E47/><V15/><F115/><W96/><G35/><T48/><D71/><N who="3" m="27145" /><G96/><T100/><D100/><U123/><E123/><V67/><F15/><W13/><G13/><N who="0" m="5255" /><D9/><U99/><E76/><V120/><F120/><W49/><G49/><T127/><D127/><U3/><E3/><V38/><F38/><W126/><G126/><T131/><D131/><U59/><E7/><AGARI ba="0,0" hai="0,7,10,37,41,45,104,107" m="27145,44503" machi="7" ten="30,3900,0" yaku="25,1,33,2" doraHai="55" who="3" fromWho="1" sc="403,0,276,-39,224,0,97,39" /><INIT seed="3,0,0,2,0,113" ten="403,237,224,136" oya="3" hai0="19,83,99,35,115,70,22,62,121,36,103,8,18" hai1="68,72,34,66,89,85,105,125,1,39,46,78,6" hai2="44,40,77,69,48,119,76,107,116,26,43,71,27" hai3="65,96,31,53,132,42,7,25,60,55,0,91,124"/><W41/><G132/><T20/><D121/><U109/><E125/><V104/><REACH who="2" step="1"/><F48/><REACH who="2" ten="403,237,214,136" step="2"/><W82/><G124/><T33/><D115/><U117/><E39/><V3/><F3/><W93/><G0/><T131/><D36/><U74/><E1/><V98/><F98/><W102/><G7/><T56/><D99/><U73/><E6/><V130/><F130/><W14/><G14/><T80/><D131/><U100/><E74/><V92/><F92/><W17/><G17/><T122/><D19/><U63/><E73/><V11/><F11/><W47/><G82/><T75/><D75/><U127/><E72/><V120/><F120/><W123/><G123/><T38/><D38/><U118/><E127/><V29/><F29/><W94/><G94/><T52/><D83/><U16/><E16/><V84/><F84/><W86/><G86/><T5/><D80/><U87/><E85/><V133/><F133/><W95/><G95/><T110/><D122/><U49/><E49/><V64/><F64/><W10/><G10/><T23/><D8/><U128/><E66/><V13/><F13/><W30/><G30/><T106/><D18/><U2/><E2/><V79/><F79/><W50/><G91/><T37/><D5/><U135/><E78/><V97/><F97/><W59/><REACH who="3" step="1"/><G55/><REACH who="3" ten="403,237,214,126" step="2"/><T101/><D52/><U61/><E89/><V111/><F111/><W15/><G15/><T134/><D110/><U90/><E109/><V67/><F67/><W24/><G24/><T57/><D134/><U12/><E135/><V28/><F28/><W129/><G129/><T45/><D106/><RYUUKYOKU ba="0,2" sc="403,-15,237,-15,214,15,126,15" hai2="26,27,40,43,44,69,71,76,77,104,107,116,119" hai3="25,31,41,42,47,50,53,59,60,65,93,96,102" /><INIT seed="3,1,2,0,2,38" ten="388,222,229,141" oya="3" hai0="130,110,27,119,94,84,95,108,128,103,30,134,126" hai1="123,63,82,98,113,100,93,129,132,12,21,39,117" hai2="118,74,17,67,79,31,75,16,56,86,8,35,10" hai3="73,3,89,125,57,23,87,97,96,91,81,40,41"/><W26/><G3/><T66/><D119/><U0/><E123/><V59/><F35/><W101/><G125/><T24/><D66/><U109/><E113/><V68/><F31/><W53/><G73/><T34/><D126/><U106/><E132/><V52/><F68/><W127/><G127/><T76/><D134/><U99/><E129/><N who="0" m="49769" /><D27/><U2/><E109/><N who="0" m="42089" /><D103/><U102/><E39/><V71/><F71/><W46/><G46/><T133/><D133/><U37/><E37/><V80/><F118/><W83/><G101/><T85/><D85/><U32/><E32/><V14/><F67/><W90/><G96/><T11/><D11/><U131/><E117/><V13/><F59/><W1/><G97/><T36/><D36/><U54/><E82/><AGARI ba="1,2" hai="24,30,34,76,82,84,94,95" m="42089,49769" machi="82" ten="30,2000,0" yaku="19,1,14,1" doraHai="38" who="0" fromWho="1" sc="388,43,222,-23,229,0,141,0" /><INIT seed="4,0,0,3,1,130" ten="431,199,229,141" oya="0" hai0="50,42,20,59,11,83,112,15,52,63,103,57,45" hai1="36,125,73,78,43,113,104,76,127,132,86,56,7" hai2="133,90,111,80,96,68,84,100,1,55,74,27,108" hai3="14,118,79,117,39,92,26,41,61,40,38,62,107"/><T135/><D112/><U71/><E71/><V129/><F1/><W81/><G107/><T5/><D135/><U31/><E113/><V65/><F55/><W116/><G14/><T18/><D103/><U19/><E104/><N who="2" m="63495" /><F27/><W134/><G92/><T110/><D110/><N who="2" m="42026" /><F65/><W51/><G81/><T9/><D83/><U25/><E132/><V44/><F44/><W102/><G102/><T16/><D11/><U47/><E19/><V101/><F68/><W87/><G87/><T72/><D72/><U10/><E56/><V105/><F129/><W4/><G79/><T126/><D126/><U64/><E64/><V49/><F49/><W95/><G95/><T3/><D3/><N who="1" m="383" /><E86/><V35/><F35/><W131/><G26/><N who="0" m="14599" /><D59/><U77/><E25/><V54/><F54/><W66/><G4/><AGARI ba="0,0" hai="4,5,9,15,18,42,45,50,52,57,63" m="14599" machi="4" ten="30,5800,0" yaku="8,1,54,2" doraHai="130" who="0" fromWho="3" sc="431,58,199,0,229,0,141,-58" /><INIT seed="4,1,0,2,1,1" ten="489,199,229,83" oya="0" hai0="53,12,59,21,4,113,11,66,77,56,44,37,46" hai1="0,15,72,85,6,5,108,20,45,109,51,78,124" hai2="83,39,16,120,92,97,122,129,94,131,73,126,40" hai3="87,103,8,32,82,71,86,18,50,24,34,79,62"/><T14/><D113/><U23/><E72/><V22/><F40/><W102/><G71/><T133/><D133/><U31/><E0/><V114/><F39/><W95/><G62/><N who="0" m="38239" /><D37/><U7/><E124/><V68/><F68/><W98/><G103/><T105/><D105/><U125/><E125/><V65/><F65/><W106/><G50/><N who="0" m="30775" /><D77/><U75/><E75/><V115/><F126/><W35/><G87/><T25/><D14/><U42/><E31/><AGARI ba="1,0" hai="4,11,12,21,25,31,44,46" m="30775,38239" machi="31" ten="30,2900,0" yaku="8,1,52,1" doraHai="1" who="0" fromWho="1" sc="489,32,199,-32,229,0,83,0" /><INIT seed="4,2,0,5,3,84" ten="521,167,229,83" oya="0" hai0="96,68,131,33,43,90,54,45,66,30,31,28,4" hai1="51,127,110,0,58,85,88,92,70,116,93,112,40" hai2="3,35,82,19,81,109,61,87,63,65,7,2,15" hai3="25,77,55,41,106,123,52,97,42,11,132,128,124"/><T121/><D121/><U133/><E116/><V101/><F35/><W107/><G77/><T24/><D131/><U32/><E110/><V91/><F109/><W114/><G114/><T27/><D4/><U130/><E112/><V20/><F61/><W60/><G128/><T129/><D129/><U36/><E70/><V86/><F101/><W100/><G123/><T83/><D68/><U13/><E0/><V99/><F99/><W53/><G60/><T17/><D66/><U74/><E74/><V1/><F7/><W46/><G107/><T122/><D122/><U71/><E71/><V125/><F125/><W113/><G113/><T103/><D54/><U47/><E32/><V117/><F117/><W64/><G64/><T18/><D103/><U59/><E127/><V16/><F19/><W115/><G115/><T104/><D104/><U73/><E73/><V67/><REACH who="2" step="1"/><F63/><REACH who="2" ten="521,167,219,83" step="2"/><W94/><G124/><T34/><D31/><U119/><E119/><V44/><F44/><W79/><G46/><T98/><D98/><U89/><E130/><V23/><F23/><W38/><G97/><T135/><D96/><N who="1" m="57351" /><E133/><V126/><F126/><W8/><G132/><T72/><D135/><U6/><E36/><V9/><F9/><AGARI ba="2,1" hai="6,9,13,40,47,51,58,59,85,89,93" m="57351" machi="9" ten="30,7700,0" yaku="8,1,52,2,54,1" doraHai="84" who="1" fromWho="2" sc="521,0,167,93,219,-83,83,0" /><INIT seed="5,0,0,0,0,88" ten="521,260,136,83" oya="1" hai0="89,102,64,54,100,109,34,6,134,28,117,31,51" hai1="46,107,121,13,36,20,118,24,126,14,96,106,25" hai2="122,59,62,40,112,57,98,26,43,66,9,1,114" hai3="69,61,3,90,82,17,4,78,5,81,16,15,42"/><U129/><E121/><V79/><F79/><W119/><G119/><T116/><D109/><U22/><E118/><V93/><F122/><W53/><G3/><T71/><D117/><U52/><E126/><V103/><F57/><W123/><G123/><T49/><D116/><U56/><E129/><V41/><F1/><W120/><G120/><T39/><D39/><U70/><E70/><V65/><F9/><W92/><G42/><T76/><D6/><U74/><E74/><V68/><F68/><W7/><G69/><T85/><D134/><U12/><E106/><V44/><F66/><W131/><G131/><T87/><D34/><U75/><E75/><V48/><REACH who="2" step="1"/><F26/><REACH who="2" ten="521,260,126,83" step="2"/><W115/><G115/><AGARI ba="0,1" hai="40,41,43,44,48,59,62,65,93,98,103,112,114,115" machi="115" ten="40,8000,1" yaku="1,1,2,1,15,1,11,1,52,1,53,0" doraHai="88" doraHaiUra="2" who="2" fromWho="3" sc="521,0,260,0,126,90,83,-80" /><INIT seed="6,0,0,3,5,130" ten="521,260,216,3" oya="2" hai0="83,69,44,42,28,36,30,109,38,84,113,127,32" hai1="66,63,59,15,60,71,39,106,97,99,76,120,75" hai2="119,20,128,93,13,53,34,16,87,70,47,49,61" hai3="21,92,8,82,96,110,54,104,102,81,67,95,65"/><V100/><F119/><W29/><G110/><T5/><D109/><U129/><E129/><V62/><F128/><W86/><G104/><T85/><D69/><U112/><E112/><V126/><F126/><W107/><G107/><T57/><D113/><U6/><E39/><V33/><F70/><W73/><G73/><T121/><D121/><U50/><E120/><V7/><F33/><W48/><G8/><T35/><D5/><U103/><E99/><V64/><F34/><W133/><G133/><T14/><D14/><U25/><E25/><V80/><F7/><W125/><G125/><T56/><D127/><U1/><E50/><V74/><F74/><W132/><G132/><T43/><D83/><N who="3" m="31753" /><G29/><T79/><D44/><U122/><E122/><V98/><F64/><W115/><G115/><T78/><AGARI ba="0,0" hai="28,30,32,35,36,38,42,43,56,57,78,79,84,85" machi="78" ten="25,3200,0" yaku="0,1,22,2" doraHai="130" who="0" fromWho="0" sc="521,32,260,-8,216,-16,3,-8" owari="553,66.0,252,5.0,200,-20.0,-5,-51.0" /></mjloggm>