<mjloggm ver="2.3"><GO type="169" lobby="0"/><UN n0="%6B%75%7A%75%6E" n1="%64%75%72%72%72%72%72" n2="%E5%81%BD%E5%96%84%E8%80%85%E9%AB%98%E6%A9%8B%E3%81%BF%E3%81%AA%E3%81%BF" n3="%79%6A%2D%63%68%65%6B%69" dan="17,16,17,16" rate="2139.12,2121.42,2191.13,2076.77" sx="M,M,F,M"/><TAIKYOKU oya="0"/><INIT seed="0,0,0,3,0,112" ten="250,250,250,250" oya="0" hai0="111,56,6,117,81,49,79,11,16,26,84,135,108" hai1="17,2,126,59,45,114,32,65,127,70,5,73,1" hai2="24,47,71,55,98,77,82,109,43,28,3,115,58" hai3="75,78,7,133,72,132,46,89,50,34,64,63,90"/><T100/><D135/><U48/><E73/><V21/><F115/><W40/><G34/><T118/><D100/><U18/><E114/><V80/><F71/><W67/><G7/><T110/><D16/><N who="1" m="6251" /><E70/><V83/><F109/><W30/><G30/><T123/><D123/><U60/><E32/><V113/><F3/><W10/><G10/><T95/><D26/><U27/><E5/><V36/><F98/><W69/><G67/><T61/><D49/><U107/><E107/><V101/><F101/><W74/><REACH who="3" step="1"/><G78/><REACH who="3" ten="250,250,250,240" step="2"/><T134/><D134/><AGARI ba="0,1" hai="40,46,50,63,64,69,72,74,75,89,90,132,133,134" machi="134" ten="50,6400,0" yaku="1,1,2,1,20,1,53,0" doraHai="112" doraHaiUra="76" who="3" fromWho="0" sc="250,-64,250,0,250,0,240,74" /><INIT seed="1,0,0,0,1,133" ten="186,250,250,314" oya="1" hai0="119,14,126,0,54,49,90,89,41,134,31,4,36" hai1="25,62,130,67,122,116,115,96,63,44,70,108,24" hai2="92,72,19,65,82,74,88,94,77,23,22,75,30" hai3="56,78,100,124,112,35,127,9,87,61,109,103,18"/><U38/><E116/><V79/><F65/><W2/><G35/><T84/><D134/><U28/><E122/><V102/><F30/><W16/><G112/><T26/><D119/><U86/><E115/><V135/><F135/><W101/><G109/><T58/><D0/><U125/><E130/><V76/><F23/><W55/><G2/><T104/><D104/><U48/><E108/><V117/><F117/><W33/><G33/><T51/><D36/><U64/><E38/><V97/><F19/><N who="3" m="7211" /><G9/><T95/><D41/><U111/><E111/><V98/><F22/><W93/><G78/><AGARI ba="0,0" hai="72,74,75,76,77,78,79,82,88,92,94,97,98,102" machi="78" ten="40,12000,2" yaku="35,6,54,1" doraHai="133" who="2" fromWho="3" sc="186,0,250,0,250,120,314,-120" /><INIT seed="2,0,0,5,3,43" ten="186,250,370,194" oya="2" hai0="91,3,82,40,37,107,87,46,84,49,100,88,75" hai1="130,63,22,28,133,106,92,29,24,131,122,34,123" hai2="55,94,52,120,86,112,81,31,134,60,57,108,45" hai3="39,64,127,30,103,105,101,13,72,98,10,76,50"/><V6/><F112/><W129/><G39/><T73/><D3/><U99/><E106/><V9/><F120/><N who="1" m="46121" /><E63/><V62/><F134/><W56/><G103/><T124/><D124/><U121/><N who="1" m="46129" /><U51/><DORA hai="25" /><E133/><V128/><F128/><N who="1" m="49193" /><E51/><N who="2" m="28783" /><F108/><W96/><G127/><T67/><D67/><U118/><E118/><V79/><F94/><W35/><G98/><T21/><D37/><U48/><E48/><N who="2" m="30951" /><F31/><W65/><G76/><T74/><D107/><U41/><E41/><V83/><F81/><W7/><G72/><T15/><D100/><N who="1" m="60519" /><E29/><V27/><F27/><W47/><G129/><T119/><D119/><U93/><E93/><V12/><AGARI ba="0,0" hai="6,9,12,60,62,79,83,86" m="30951,28783" machi="12" ten="30,6000,0" yaku="8,1,52,1,54,1" doraHai="43,25" who="2" fromWho="2" sc="186,-20,250,-20,370,60,194,-20" /><INIT seed="2,1,0,5,5,129" ten="166,230,430,174" oya="2" hai0="107,22,55,87,41,29,8,97,121,68,86,135,134" hai1="105,123,38,49,132,45,43,118,7,111,88,2,37" hai2="15,77,92,54,96,6,10,65,98,13,62,104,125" hai3="120,11,57,16,30,133,113,81,128,122,42,76,34"/><V19/><F125/><W26/><G128/><T1/><D121/><U95/><E123/><V101/><F77/><W71/><G71/><T90/><D68/><U40/><E118/><V82/><F82/><W9/><G9/><T47/><D55/><U27/><E105/><V91/><F54/><W33/><G33/><T60/><D60/><U112/><E112/><V12/><F62/><W50/><G113/><T21/><D87/><U85/><E111/><V0/><REACH who="2" step="1"/><F65/><REACH who="2" ten="166,230,420,174" step="2"/><W124/><G124/><T106/><D41/><U108/><E43/><V102/><F102/><W84/><G81/><T53/><D53/><U64/><E64/><V14/><F14/><W23/><G76/><T58/><D1/><U94/><E40/><V109/><F109/><W67/><G42/><T69/><D90/><U130/><E108/><V36/><F36/><W100/><G100/><T131/><D131/><U93/><E130/><V39/><F39/><W44/><G67/><T4/><D69/><U48/><E37/><V17/><AGARI ba="1,1" hai="0,6,10,12,13,15,17,19,91,92,96,98,101,104" machi="17" ten="30,3000,0" yaku="1,1,0,1,53,0" doraHai="129" doraHaiUra="80" who="2" fromWho="2" sc="166,-11,230,-11,420,43,174,-11" /><INIT seed="2,2,0,1,5,60" ten="155,219,463,163" oya="2" hai0="63,17,37,108,15,57,74,49,13,97,6,19,52" hai1="77,21,51,93,79,101,14,98,5,78,44,85,84" hai2="121,122,62,4,3,110,92,112,18,118,64,46,114" hai3="47,24,30,0,120,38,58,10,7,34,2,123,102"/><V39/><F4/><W90/><G90/><T66/><D108/><U100/><E100/><V65/><F3/><W33/><G58/><T129/><D129/><U41/><E21/><V95/><F18/><W131/><G102/><T91/><D37/><U20/><E20/><V107/><F107/><W11/><G47/><T68/><D74/><U9/><AGARI ba="2,0" hai="5,9,14,41,44,51,77,78,79,84,85,93,98,101" machi="9" ten="30,2000,0" yaku="0,1,8,1" doraHai="60" who="1" fromWho="1" sc="155,-7,219,26,463,-12,163,-7" /><INIT seed="3,0,0,4,2,101" ten="148,245,451,156" oya="3" hai0="5,76,77,49,111,69,74,26,122,127,0,102,90" hai1="88,33,115,92,86,82,78,50,80,66,22,6,67" hai2="3,96,54,34,25,41,19,45,117,131,53,37,99" hai3="68,128,32,8,126,124,10,125,83,132,20,14,39"/><W72/><G68/><T108/><D111/><U36/><E33/><V95/><F117/><W109/><G39/><T119/><D108/><U94/><E115/><V64/><F131/><W62/><G109/><T23/><D122/><U4/><E36/><V89/><F3/><W35/><G72/><T46/><D119/><U43/><E22/><V120/><F120/><W75/><G75/><T51/><D127/><U63/><E94/><V60/><F96/><W93/><G93/><T98/><D69/><U133/><E133/><V18/><F18/><N who="3" m="10327" /><G83/><T44/><D5/><N who="1" m="2155" /><E63/><V110/><F110/><W31/><G62/><T21/><D0/><U129/><E129/><V71/><REACH who="2" step="1"/><F19/><REACH who="2" ten="148,245,441,156" step="2"/><W116/><G128/><T58/><D98/><N who="1" m="57607" /><E80/><V112/><F112/><W134/><G116/><T130/><D130/><U1/><E1/><V16/><F16/><W97/><G97/><T100/><D100/><U42/><E42/><V48/><F48/><W29/><G35/><T105/><D102/><U24/><E43/><V47/><F47/><W87/><G32/><T73/><D44/><U52/><E24/><V114/><F114/><W123/><G123/><T135/><D26/><U104/><E104/><V113/><F113/><W2/><G2/><T79/><D105/><U107/><E107/><V59/><F59/><AGARI ba="0,1" hai="50,52,59,66,67,78,82,86" m="57607,2155" machi="59" ten="30,3900,0" yaku="8,1,54,2" doraHai="101" who="1" fromWho="2" sc="148,0,245,49,441,-39,156,0" /><INIT seed="4,0,0,4,4,64" ten="148,294,402,156" oya="0" hai0="59,70,32,96,81,62,35,102,122,29,66,109,45" hai1="115,31,26,2,112,4,89,108,80,50,30,61,128" hai2="21,55,54,48,13,74,41,120,63,25,57,19,99" hai3="104,83,82,130,28,8,76,14,94,5,107,46,121"/><T60/><D122/><U10/><E108/><V86/><F74/><W49/><G130/><T52/><D109/><U111/><E111/><V117/><F120/><W132/><G132/><T27/><D45/><U65/><E128/><V98/><F41/><W84/><G83/><T0/><D81/><U43/><E43/><V15/><F117/><W67/><G121/><T17/><D17/><U12/><E50/><V37/><F37/><W36/><G36/><T75/><D0/><U125/><E2/><V38/><F38/><W34/><G94/><T56/><D75/><U53/><E53/><V100/><F86/><W71/><G28/><T24/><D24/><U44/><E44/><V18/><F100/><W110/><G34/><T116/><D116/><U79/><E89/><V95/><F95/><W40/><G110/><T126/><D126/><U7/><E7/><V101/><F101/><W69/><G67/><T103/><D32/><U113/><E26/><V33/><F33/><W90/><G90/><T3/><D3/><U20/><E20/><N who="2" m="11359" /><F25/><W106/><AGARI ba="0,0" hai="5,8,14,40,46,49,69,71,76,82,84,104,106,107" machi="106" ten="30,8000,1" yaku="0,1,25,2,52,2" doraHai="64" who="3" fromWho="3" sc="148,-40,294,-20,402,-20,156,80" /><INIT seed="5,0,0,3,2,106" ten="108,274,382,236" oya="1" hai0="70,47,27,65,122,128,33,119,133,104,105,79,31" hai1="100,14,135,126,72,61,63,96,9,66,134,112,101" hai2="103,59,26,12,116,36,11,85,45,52,10,131,32" hai3="4,38,39,84,109,88,49,23,18,129,75,0,69"/><U41/><E41/><V25/><F116/><W37/><G109/><T121/><D119/><U29/><E29/><V64/><F64/><W132/><G69/><T6/><D133/><U127/><E112/><V7/><F103/><N who="1" m="39497" /><E96/><V56/><F56/><W51/><G75/><T28/><D128/><U46/><E46/><V3/><F131/><W21/><G129/><T102/><D31/><U43/><E43/><V123/><F123/><W50/><G132/><N who="1" m="50730" /><E72/><V117/><F117/><W60/><G60/><N who="1" m="23114" /><E66/><V76/><F45/><W20/><G0/><T111/><D111/><U34/><E34/><V86/><F32/><W77/><G4/><AGARI ba="0,0" hai="4,9,14,126,127" m="23114,50730,39497" machi="4" ten="30,1500,0" yaku="20,1" doraHai="106" who="1" fromWho="3" sc="108,0,274,15,382,0,236,-15" /><INIT seed="5,1,0,4,0,109" ten="108,289,382,221" oya="1" hai0="44,22,29,134,10,25,131,4,75,1,92,0,69" hai1="106,91,80,36,95,70,31,135,117,54,90,18,121" hai2="59,30,101,32,20,2,19,97,72,24,42,6,61" hai3="51,40,8,55,126,58,28,49,71,118,128,104,125"/><U53/><E121/><V77/><F42/><W21/><G104/><T105/><D105/><U45/><E117/><V39/><F39/><W46/><G8/><T64/><D75/><U35/><E106/><V63/><F77/><W116/><G21/><T102/><D134/><U74/><E70/><V62/><F72/><W100/><G28/><T96/><D131/><U133/><E18/><V13/><F97/><W73/><G100/><T15/><D69/><U120/><E120/><V119/><F101/><W60/><G73/><T52/><REACH who="0" step="1"/><D64/><REACH who="0" ten="98,289,382,221" step="2"/><U50/><E74/><V16/><F119/><N who="3" m="45611" /><G128/><T107/><D107/><U103/><E135/><V11/><F19/><W66/><AGARI ba="1,1" hai="40,46,49,51,55,58,60,66,71,125,126" m="45611" machi="66" ten="30,4000,0" yaku="12,1,34,2" doraHai="109" who="3" fromWho="3" sc="98,-11,289,-21,382,-11,221,53" /><INIT seed="6,0,0,2,3,50" ten="87,268,371,274" oya="2" hai0="100,106,72,124,51,104,57,96,67,118,62,85,95" hai1="89,110,128,39,43,125,4,20,127,26,79,24,90" hai2="7,74,113,6,52,68,64,112,18,58,84,23,70" hai3="32,35,101,109,97,87,116,115,3,46,9,25,47"/><V133/><F74/><W91/><G109/><T114/><D124/><N who="1" m="47691" /><E110/><V15/><F133/><W59/><G116/><T81/><D114/><N who="2" m="44138" /><F84/><W2/><G87/><T135/><D135/><U56/><E128/><V5/><F64/><W123/><G91/><T78/><D118/><U17/><E79/><V36/><F36/><W75/><G75/><T1/><D1/><U60/><E4/><N who="2" m="1027" /><V63/><AGARI ba="0,0" hai="15,18,23,52,58,63,68,70" m="1027,44138" machi="63" ten="40,12000,1" yaku="4,1,15,1,52,1,54,1" doraHai="50" who="2" fromWho="2" sc="87,-40,268,-40,371,120,274,-40" /><INIT seed="6,1,0,5,2,41" ten="47,228,491,234" oya="2" hai0="8,58,38,26,56,64,31,129,77,101,11,72,47" hai1="83,35,98,46,22,100,121,134,19,113,12,71,82" hai2="92,24,131,23,115,14,123,109,48,128,95,18,78" hai3="28,124,6,20,54,89,0,33,110,96,43,51,70"/><V84/><F123/><W127/><G33/><T122/><D129/><N who="2" m="49738" /><F115/><W93/><G70/><T7/><D122/><U75/><E121/><V106/><F106/><W10/><G43/><T132/><D132/><U21/><E35/><V30/><F109/><W42/><G42/><T73/><D101/><U68/><E113/><V17/><F48/><W66/><G66/><T53/><D38/><U16/><E134/><V74/><F74/><W52/><G54/><T130/><D130/><U3/><E3/><V97/><F97/><W86/><G96/><T85/><D72/><U36/><E46/><V27/><F27/><W4/><G4/><T37/><D73/><U44/><E44/><V114/><F114/><W5/><G5/><T9/><D37/><U57/><E57/><V119/><F119/><W61/><G61/><T94/><D7/><U120/><E36/><V88/><F78/><W45/><G110/><T63/><D77/><U2/><E2/><V108/><F108/><W79/><G79/><T29/><D26/><N who="1" m="14631" /><E120/><V87/><F14/><W135/><G135/><T99/><D99/><U118/><E118/><V65/><F65/><W49/><G49/><T32/><D32/><U103/><E75/><V125/><F125/><N who="3" m="48203" /><G28/><T116/><D116/><U1/><E1/><V25/><F25/><W13/><G0/><T107/><D107/><N who="1" m="63895" /><E103/><V60/><F60/><W34/><G34/><T91/><REACH who="0" step="1"/><D58/><REACH who="0" ten="37,228,491,234" step="2"/><U69/><E69/><V80/><F84/><W112/><G112/><T50/><AGARI ba="1,1" hai="8,9,11,29,31,47,50,53,56,63,64,85,91,94" machi="50" ten="30,8000,1" yaku="1,1,2,1,0,1,8,1,52,1,53,0" doraHai="41" doraHaiUra="126" who="0" fromWho="0" sc="37,93,228,-21,491,-41,234,-21" /><INIT seed="7,0,0,2,0,24" ten="130,207,450,213" oya="3" hai0="91,102,79,66,18,17,5,45,98,101,10,125,133" hai1="80,50,19,78,84,42,31,95,68,59,90,23,27" hai2="64,131,110,25,63,8,1,36,113,69,43,39,28" hai3="116,87,22,126,99,114,108,105,103,127,135,121,88"/><W117/><G22/><T134/><D125/><N who="3" m="47625" /><G121/><T97/><D79/><U83/><E68/><V61/><F110/><W0/><G0/><T93/><D66/><U9/><E80/><V51/><F113/><W14/><G14/><T132/><D45/><N who="1" m="25911" /><E59/><V130/><F8/><W7/><G7/><T58/><D58/><U120/><E120/><V57/><F1/><W35/><G35/><T52/><D52/><U56/><E56/><V85/><F85/><W86/><G114/><T109/><D109/><U72/><E72/><V67/><F43/><W11/><G11/><T34/><D34/><U21/><E9/><V119/><F119/><N who="3" m="45643" /><G108/><T32/><D32/><U128/><E128/><N who="2" m="49195" /><F51/><W104/><G135/><T4/><D91/><U44/><E44/><V75/><F75/><W65/><G65/><T112/><D112/><U37/><E37/><V47/><F47/><W81/><G86/><T111/><D111/><U49/><E49/><V54/><F67/><W77/><G77/><T70/><D70/><U15/><E78/><V94/><F94/><AGARI ba="0,0" hai="81,87,88,94,99,103,104,105" m="45643,47625" machi="94" ten="30,11600,0" yaku="18,1,34,2,54,1" doraHai="24" who="3" fromWho="2" sc="130,0,207,0,450,-116,213,116" /><INIT seed="7,1,0,0,1,123" ten="130,207,334,329" oya="3" hai0="117,8,80,16,33,84,76,23,126,21,4,47,121" hai1="71,91,124,22,135,104,96,37,38,111,53,86,64" hai2="129,57,97,36,15,39,120,26,41,100,98,40,5" hai3="31,87,131,93,79,61,74,110,24,105,17,7,28"/><W20/><G105/><T73/><D121/><U75/><E75/><V0/><F120/><W89/><G131/><T66/><D126/><U65/><E111/><V78/><F0/><W70/><G110/><T43/><D117/><U99/><E22/><V116/><F116/><W113/><G113/><T63/><D33/><U103/><E99/><V55/><F129/><W14/><G74/><T25/><D23/><U50/><E124/><V122/><F122/><W51/><G79/><T32/><D32/><U34/><E34/><V90/><F78/><W13/><G70/><T83/><D83/><U125/><E135/><V48/><F26/><W101/><G101/><T88/><D73/><U49/><E49/><V9/><F39/><W108/><G61/><T44/><D43/><N who="2" m="16458" /><F36/><W112/><G108/><T95/><D95/><U109/><E86/><V115/><F115/><W133/><G133/><T130/><D76/><U12/><E50/><V62/><F100/><W58/><G112/><T19/><D19/><U42/><E96/><N who="2" m="36971" /><F90/><W119/><G119/><T54/><D130/><U52/><E53/><V114/><F114/><W35/><G35/><T10/><D54/><U94/><E12/><N who="3" m="4714" /><G7/><T134/><D134/><U59/><E59/><V82/><F82/><W72/><G72/><T102/><D102/><U29/><E125/><V46/><F62/><W3/><G3/><T85/><D84/><U67/><E109/><V92/><F92/><W27/><G27/><T106/><D106/><U11/><E104/><V56/><AGARI ba="1,0" hai="5,9,15,46,48,55,56,57" m="36971,16458" machi="56" ten="30,1100,0" yaku="8,1" doraHai="123" who="2" fromWho="2" sc="130,-4,207,-4,334,14,329,-6" owari="126,-37.0,203,-20.0,348,45.0,323,12.0" /></mjloggm>