<mjloggm ver="2.3"><GO type="169" lobby="0"/><UN n0="%E4%BB%8A%E6%9B%B4" n1="%4D%73%75%7A%75%74%6F" n2="%E3%81%A1%E3%82%87%E3%82%8A%E3%81%8A" n3="%E4%BD%90%E9%87%8E%E3%81%95%E3%81%AE" dan="16,18,16,16" rate="2091.17,2246.82,2114.58,2028.94" sx="M,M,M,M"/><TAIKYOKU oya="0"/><INIT seed="0,0,0,2,2,104" ten="250,250,250,250" oya="0" hai0="51,134,105,116,107,79,88,35,46,18,87,36,60" hai1="17,121,55,47,61,113,58,125,112,97,8,70,42" hai2="86,128,117,21,30,115,83,12,54,31,63,108,64" hai3="89,78,49,110,129,84,6,19,56,85,101,74,109"/><T68/><D134/><U11/><E121/><V1/><F115/><W53/><G6/><T59/><D35/><U130/><E125/><V67/><F1/><W50/><G129/><T132/><D132/><U62/><E130/><V133/><F128/><W81/><G101/><T72/><D36/><U22/><E97/><V82/><F108/><W90/><G49/><T39/><D39/><U71/><E71/><V3/><F3/><W114/><G114/><N who="1" m="44138" /><E62/><V40/><F40/><W96/><G96/><T25/><D68/><U124/><E70/><V80/><F117/><W91/><REACH who="3" step="1"/><G19/><REACH who="3" ten="250,250,250,240" step="2"/><T102/><D102/><U135/><E135/><V52/><F133/><W10/><G10/><T33/><D18/><U15/><E124/><V95/><F63/><W77/><G77/><T100/><D100/><U73/><E8/><V45/><F45/><W32/><G32/><T48/><D33/><U26/><E11/><V2/><F2/><W75/><G75/><T41/><D72/><U14/><E73/><V93/><F86/><AGARI ba="0,1" hai="50,53,56,74,78,81,84,85,86,89,90,91,109,110" machi="86" ten="40,2600,0" yaku="1,1,52,1,53,0" doraHai="104" doraHaiUra="98" who="3" fromWho="2" sc="250,0,250,0,250,-26,240,36" /><INIT seed="1,0,0,4,2,79" ten="250,250,224,276" oya="1" hai0="125,37,98,119,101,48,123,28,133,72,120,54,116" hai1="16,41,113,95,13,43,74,62,91,110,80,99,111" hai2="57,65,50,19,71,22,135,59,130,58,126,51,92" hai3="9,39,2,40,4,27,88,8,82,124,73,14,10"/><U66/><E113/><V47/><F130/><W115/><G115/><T105/><D28/><U90/><E62/><V78/><F135/><W52/><G124/><T76/><D37/><U129/><E129/><V106/><F106/><W93/><G27/><T75/><D125/><U100/><E66/><V77/><F126/><W33/><G33/><T36/><D36/><U6/><E6/><V32/><F32/><W21/><G21/><T38/><D38/><U134/><E134/><V11/><F71/><W3/><G9/><T25/><D25/><U122/><E122/><N who="0" m="46633" /><D133/><U61/><E61/><V97/><F65/><W89/><G52/><T112/><D112/><U87/><E100/><V127/><F11/><W0/><G10/><T34/><D34/><U64/><E74/><V114/><F114/><W109/><G109/><N who="1" m="41482" /><E64/><V17/><F17/><W83/><G73/><N who="0" m="28235" /><D76/><N who="2" m="29290" /><F47/><AGARI ba="0,0" hai="47,48,54,98,101,105,116,119" m="28235,46633" machi="47" ten="30,1000,0" yaku="13,1" doraHai="79" who="0" fromWho="2" sc="250,10,250,0,224,-10,276,0" /><INIT seed="2,0,0,2,1,42" ten="260,250,214,276" oya="2" hai0="46,88,16,105,20,40,44,21,6,112,52,19,13" hai1="77,58,117,35,9,23,68,61,47,130,135,30,127" hai2="70,32,7,65,72,49,96,114,55,4,37,28,22" hai3="29,94,120,99,131,14,80,67,34,5,12,79,107"/><V2/><F114/><W90/><G120/><T134/><D105/><U69/><E117/><V54/><F72/><W123/><G123/><T17/><D40/><U73/><E35/><V87/><F37/><W121/><G121/><T133/><D112/><U66/><E135/><N who="0" m="51721" /><D6/><U18/><E130/><V118/><F118/><W116/><G116/><T62/><D88/><U38/><E127/><V11/><F7/><W48/><G107/><T108/><D108/><U24/><E77/><V104/><F32/><W71/><G5/><T81/><D81/><U74/><E69/><V89/><F70/><W85/><G131/><T59/><D19/><U15/><REACH who="1" step="1"/><E68/><REACH who="1" ten="260,240,214,276" step="2"/><V100/><F65/><W3/><G67/><T122/><D122/><U103/><E103/><V57/><F55/><W95/><G71/><T129/><D129/><U36/><E36/><V39/><F39/><W102/><G79/><T110/><D110/><U106/><E106/><V86/><F89/><W75/><G90/><T56/><D56/><U50/><E50/><V92/><F104/><W101/><G48/><T41/><D41/><AGARI ba="0,1" hai="9,15,18,23,24,30,38,41,47,58,61,66,73,74" machi="41" ten="40,2600,0" yaku="1,1,52,1,53,0" doraHai="42" doraHaiUra="115" who="1" fromWho="0" sc="260,-26,240,36,214,0,276,0" /><INIT seed="3,0,0,4,0,22" ten="234,276,214,276" oya="3" hai0="91,125,122,88,50,67,3,19,36,120,1,124,4" hai1="65,47,118,94,55,128,95,111,69,132,126,11,81" hai2="83,123,114,121,113,34,29,28,74,102,2,54,16" hai3="39,30,76,127,110,89,86,80,90,40,8,87,0"/><W82/><G127/><N who="0" m="48715" /><D36/><U108/><E132/><V68/><F68/><W14/><G0/><N who="0" m="75" /><D4/><U38/><E128/><V18/><F102/><W109/><G30/><N who="2" m="11881" /><F2/><W77/><G40/><T42/><D67/><U116/><E11/><V112/><F74/><W57/><G57/><T31/><D31/><U107/><E107/><V106/><F83/><W63/><G63/><T85/><D85/><U41/><E81/><V45/><F106/><W21/><G21/><T23/><D42/><U9/><E9/><V20/><F34/><W92/><G39/><T104/><D50/><U129/><E129/><V59/><F45/><W103/><G14/><N who="0" m="9719" /><D104/><U46/><E126/><V101/><F101/><W15/><G15/><T79/><D79/><U58/><E47/><V44/><F44/><W43/><G8/><T48/><D48/><N who="1" m="31079" /><E95/><V5/><F5/><W6/><G6/><T135/><D135/><U52/><E94/><V96/><F96/><N who="3" m="59783" /><G43/><T35/><D35/><U70/><E52/><V61/><F20/><W72/><G72/><T119/><D119/><N who="1" m="45611" /><E65/><V100/><F100/><W49/><G49/><T13/><D13/><U27/><E27/><V17/><F121/><AGARI ba="0,0" hai="88,91,120,121,122" m="9719,75,48715" machi="121" ten="40,2600,0" yaku="18,1,54,1" doraHai="22" who="0" fromWho="2" sc="234,26,276,0,214,-26,276,0" /><INIT seed="4,0,0,2,1,106" ten="260,276,188,276" oya="0" hai0="90,58,26,123,8,124,69,30,72,57,103,51,110" hai1="122,76,115,32,129,35,113,16,119,127,85,1,120" hai2="31,92,39,37,43,41,9,55,93,59,15,70,61" hai3="18,101,11,0,133,95,63,3,74,99,121,44,64"/><T68/><D123/><N who="1" m="47147" /><E76/><V54/><F31/><W47/><G121/><T84/><D103/><U23/><E85/><V130/><F15/><W104/><G133/><T105/><D105/><U40/><E40/><N who="2" m="15435" /><F92/><W62/><G62/><T46/><D124/><U53/><E53/><V81/><F9/><W125/><G125/><T96/><D8/><U97/><E97/><V12/><F12/><W98/><G74/><T66/><D72/><U135/><E127/><V126/><F93/><W4/><G18/><T131/><D96/><U82/><E82/><V34/><F34/><N who="1" m="12841" /><E119/><V48/><F130/><W114/><G3/><T117/><D131/><U88/><E88/><V33/><F33/><W111/><G47/><T27/><D117/><U42/><E42/><V102/><F81/><W20/><G44/><T67/><D46/><U134/><E1/><V25/><F102/><W79/><G79/><T2/><D2/><U7/><E7/><V107/><F107/><W60/><G60/><T49/><D90/><U116/><E116/><V13/><F126/><W132/><G98/><T109/><D84/><U65/><E129/><V52/><F70/><W38/><G104/><T112/><D30/><U87/><E87/><V14/><F37/><W5/><G38/><T21/><D21/><U100/><E100/><V29/><F39/><W24/><G5/><T94/><D94/><U71/><E71/><V77/><F77/><W108/><G101/><T28/><D28/><U36/><E36/><V91/><F91/><W17/><G99/><T73/><D73/><U75/><E75/><V56/><F54/><RYUUKYOKU ba="0,0" sc="260,15,276,-15,188,15,276,-15" hai0="26,27,49,51,57,58,66,67,68,69,109,110,112" hai2="13,14,25,29,48,52,55,56,59,61" /><INIT seed="4,1,0,4,5,135" ten="275,261,203,261" oya="0" hai0="8,5,64,128,115,13,12,44,97,58,70,121,60" hai1="133,4,6,94,122,67,15,126,125,103,26,113,37" hai2="91,80,65,62,98,25,43,86,52,21,53,17,123" hai3="81,66,85,96,63,59,57,118,79,134,87,16,45"/><T9/><D121/><U54/><E133/><V2/><F2/><W72/><G134/><T68/><D128/><U106/><E122/><V78/><F43/><W130/><G118/><T95/><D44/><U24/><E37/><V120/><F120/><W116/><G116/><T7/><REACH who="0" step="1"/><D115/><REACH who="0" ten="265,261,203,261" step="2"/><U77/><E113/><V46/><F46/><W47/><G130/><T108/><D108/><U102/><E4/><V74/><F123/><W22/><G47/><T19/><D19/><U71/><E6/><V131/><F131/><W32/><G45/><T107/><D107/><U49/><E106/><V18/><F18/><W56/><G16/><T0/><D0/><U55/><E26/><V34/><F34/><W100/><G32/><T3/><D3/><U50/><E24/><V90/><F98/><W119/><G119/><T29/><D29/><U33/><E33/><V127/><F127/><W117/><G117/><T27/><D27/><U99/><E99/><V89/><REACH who="2" step="1"/><F74/><REACH who="2" ten="265,261,193,261" step="2"/><W40/><G72/><T132/><D132/><U36/><E126/><V83/><F83/><W101/><G81/><T35/><D35/><U114/><E125/><V39/><F39/><W124/><G96/><T104/><D104/><U82/><E36/><V105/><F105/><W69/><G124/><T23/><D23/><U20/><E20/><V61/><F61/><W48/><G22/><T73/><D73/><U76/><E82/><V93/><F93/><W38/><G38/><T14/><D14/><U51/><E15/><V75/><F75/><W110/><G63/><T41/><D41/><U129/><E94/><RYUUKYOKU ba="1,2" sc="265,15,261,-15,193,15,261,-15" hai0="5,7,8,9,12,13,58,60,64,68,70,95,97" hai2="17,21,25,52,53,62,65,78,80,86,89,90,91" /><INIT seed="4,2,2,0,4,20" ten="280,246,208,246" oya="0" hai0="52,105,6,96,123,56,71,90,83,102,100,81,45" hai1="4,16,118,113,98,43,115,38,89,3,10,73,39" hai2="30,112,78,2,29,23,82,11,77,67,110,42,126" hai3="104,85,9,114,19,21,0,51,62,64,122,65,75"/><T95/><D71/><U66/><E118/><V15/><F110/><W101/><G114/><N who="1" m="43530" /><E73/><V41/><F112/><W93/><G75/><T35/><D35/><U79/><E79/><N who="2" m="30219" /><F2/><W47/><G104/><T106/><D45/><U124/><E124/><V116/><F126/><W12/><G122/><T108/><D108/><U128/><E128/><V70/><F70/><W132/><G0/><T69/><D69/><U33/><E66/><V37/><F37/><W117/><G132/><T86/><D6/><U53/><E33/><V109/><F109/><W13/><G62/><T107/><D123/><U48/><E43/><N who="2" m="16395" /><F67/><W76/><G101/><N who="0" m="39019" /><D52/><U111/><E111/><V103/><F103/><W34/><G34/><T22/><D22/><U135/><E135/><V125/><F116/><W91/><G76/><N who="0" m="46375" /><D56/><N who="1" m="32807" /><E16/><N who="2" m="8319" /><F125/><W14/><G117/><T44/><D44/><U68/><E68/><V61/><F61/><W133/><G133/><T87/><D107/><U28/><E28/><V119/><F119/><W24/><REACH who="3" step="1"/><G9/><REACH who="3" ten="280,246,208,236" step="2"/><T84/><D106/><U94/><AGARI ba="2,3" hai="3,4,10,38,39,89,94,98" m="32807,43530" machi="94" ten="30,2000,0" yaku="15,1,11,1" doraHai="20" who="1" fromWho="1" sc="280,-12,246,56,208,-7,236,-7" /><INIT seed="5,0,0,5,0,109" ten="268,302,201,229" oya="1" hai0="135,0,5,94,16,118,68,22,60,83,38,36,48" hai1="54,6,50,101,87,67,86,112,75,20,8,125,133" hai2="24,25,102,79,108,93,72,40,27,45,53,13,11" hai3="39,10,121,61,114,1,99,46,85,7,92,35,62"/><U59/><E75/><V2/><F108/><W12/><G121/><T17/><D118/><U91/><E133/><V111/><F111/><W9/><G35/><T23/><D135/><U131/><E131/><V42/><F2/><W119/><G119/><T31/><D0/><U105/><E125/><V123/><F123/><W132/><G132/><T124/><D5/><U126/><E126/><V70/><F70/><W47/><G85/><T89/><D83/><U41/><E67/><V88/><F102/><W34/><G34/><T73/><D73/><U81/><E41/><V18/><F79/><W82/><G82/><T3/><D3/><U52/><E105/><V95/><F95/><W4/><G46/><T122/><D122/><U129/><E101/><V32/><F32/><W44/><G44/><T103/><D103/><U66/><E66/><V98/><F72/><W127/><G127/><T28/><D48/><AGARI ba="0,0" hai="11,13,18,24,25,27,40,42,45,48,53,88,93,98" machi="48" ten="40,2600,0" yaku="8,1,54,1" doraHai="109" who="2" fromWho="0" sc="268,-26,302,0,201,26,229,0" /><INIT seed="6,0,0,2,2,22" ten="242,302,227,229" oya="2" hai0="32,80,25,128,74,20,129,33,105,11,5,65,131" hai1="52,53,77,96,114,109,100,6,72,64,117,43,93" hai2="118,135,75,21,13,28,84,76,50,37,41,86,9" hai3="46,54,10,61,1,38,14,108,111,90,101,132,82"/><V91/><F118/><W63/><G1/><T98/><D65/><U94/><E109/><V66/><F37/><W83/><G101/><N who="0" m="62647" /><D80/><U59/><E114/><V34/><F34/><W58/><G132/><T45/><D45/><U18/><E117/><V40/><F75/><W87/><G82/><T42/><D42/><U113/><E113/><V123/><F123/><W69/><G63/><T115/><D74/><U17/><E6/><V89/><F66/><W107/><G107/><T121/><D121/><U127/><E43/><V112/><F135/><W67/><G38/><T122/><D122/><U44/><E44/><N who="2" m="25863" /><F41/><W106/><G106/><T49/><D49/><U88/><E64/><V124/><F124/><W35/><G35/><T104/><D104/><U8/><E127/><V78/><F112/><W19/><G69/><T31/><D115/><U51/><E8/><V39/><F39/><W73/><REACH who="3" step="1"/><G73/><REACH who="3" ten="242,302,227,219" step="2"/><T56/><D131/><U7/><E72/><V55/><F78/><W103/><G103/><T12/><D129/><U119/><E77/><V60/><F76/><W36/><G36/><T30/><D128/><U57/><E119/><V15/><F91/><W97/><G97/><T3/><D3/><U29/><E100/><V26/><F89/><W134/><G134/><T92/><D33/><U85/><E88/><V47/><F60/><W110/><G110/><T99/><D99/><U62/><E96/><V130/><F130/><W24/><G24/><N who="0" m="16647" /><D92/><U68/><E94/><V120/><F120/><W81/><G81/><T125/><D125/><U48/><E93/><V79/><F79/><RYUUKYOKU ba="0,1" sc="242,15,302,-15,227,-15,219,15" hai0="5,11,12,25,31,32,56" hai3="10,14,19,46,54,58,61,67,83,87,90,108,111" /><INIT seed="7,1,1,4,4,84" ten="257,287,212,234" oya="3" hai0="92,71,13,41,115,111,80,61,12,32,108,131,18" hai1="11,23,14,4,116,38,1,34,73,78,121,8,79" hai2="59,112,77,51,93,3,98,19,7,129,87,6,99" hai3="110,50,42,89,119,69,44,90,103,102,95,128,101"/><W81/><G119/><T53/><D32/><U133/><E38/><V104/><F104/><W107/><G69/><T72/><D41/><U82/><E121/><V74/><F74/><W33/><G33/><T24/><D131/><U43/><E43/><V17/><F129/><W100/><G128/><T15/><D115/><U48/><E34/><V135/><F112/><W60/><G110/><T70/><D72/><U94/><E133/><V118/><F135/><W91/><G81/><T10/><D80/><U113/><E113/><V127/><F127/><W76/><G76/><T37/><D37/><U62/><E79/><V83/><F3/><W57/><G107/><T123/><D123/><U25/><E48/><V2/><F99/><N who="3" m="59519" /><G103/><T114/><D114/><U125/><E125/><V55/><F118/><W29/><G29/><T46/><D71/><U85/><E62/><V67/><F67/><AGARI ba="1,1" hai="42,44,50,57,60,67,89,90,91,101,102" m="59519" machi="67" ten="30,11600,0" yaku="8,1,52,3" doraHai="84" who="3" fromWho="2" sc="257,0,287,0,212,-119,234,129" owari="257,-14.0,287,9.0,93,-41.0,363,46.0" /></mjloggm>