<mjloggm ver="2.3"><GO type="225" lobby="0"/><UN n0="%6B%69%6D%38" n1="%E3%81%A9%E3%82%8F%E3%82%93%E3%81%94" n2="%E3%81%AF%E3%82%88%E3%81%8A%E3%81%98%E3%81%95%E3%82%93" n3="%E3%81%A4%E3%81%AE%E3%81%A0%E2%98%86%E3%81%B2%E3%82%8D" dan="18,17,16,17" rate="2205.19,2216.45,2236.05,2249.49" sx="M,M,M,F"/><TAIKYOKU oya="0"/><INIT seed="0,0,0,1,0,39" ten="250,250,250,250" oya="0" hai0="40,133,81,28,2,90,57,95,73,100,72,3,38" hai1="10,135,18,80,116,31,130,94,103,123,17,26,16" hai2="111,45,55,126,86,25,24,109,14,127,23,115,7" hai3="84,110,51,119,29,76,20,118,12,125,67,5,27"/><T71/><D71/><U66/><E123/><V117/><F86/><W63/><G125/><N who="2" m="47625" /><F55/><W132/><G132/><T112/><D112/><U9/><E116/><V61/><F61/><W35/><G110/><N who="2" m="41993" /><F45/><W108/><G108/><T75/><D133/><U92/><E130/><V96/><F96/><W53/><G76/><T52/><D28/><U44/><E135/><V49/><F49/><W54/><G84/><T50/><D100/><U36/><E66/><V88/><F88/><W83/><G83/><T87/><REACH who="0" step="1"/><D81/><REACH who="0" ten="240,250,250,250" step="2"/><U93/><E80/><V82/><F82/><W15/><G118/><T22/><D22/><U68/><E103/><V37/><F117/><W106/><G20/><T91/><D91/><U105/><E68/><V6/><F115/><W77/><G119/><T65/><D65/><U41/><REACH who="1" step="1"/><E105/><REACH who="1" ten="240,240,250,250" step="2"/><V124/><F124/><W120/><G106/><T113/><D113/><U69/><E69/><V114/><F114/><W85/><G67/><T1/><D1/><U32/><AGARI ba="0,2" hai="9,10,16,17,18,26,31,32,36,41,44,92,93,94" machi="32" ten="30,7900,0" yaku="1,1,0,1,52,1,54,1,53,0" doraHai="39" doraHaiUra="58" who="1" fromWho="1" sc="240,-39,240,99,250,-20,250,-20" /><INIT seed="1,0,0,0,5,70" ten="201,339,230,230" oya="1" hai0="121,72,74,22,100,23,52,8,31,91,64,53,66" hai1="58,79,11,7,119,129,82,56,88,134,77,44,110" hai2="45,80,105,48,51,97,28,120,30,26,36,76,94" hai3="63,19,41,124,90,54,38,114,14,43,106,71,127"/><U46/><E119/><V122/><F105/><W32/><G32/><T132/><D91/><U111/><E134/><V125/><F125/><N who="3" m="48203" /><G106/><T62/><D8/><U128/><E11/><V1/><F1/><W50/><G114/><T10/><D10/><U113/><E113/><V67/><F67/><N who="0" m="25642" /><D62/><U118/><E118/><V5/><F5/><W87/><G63/><T85/><D85/><N who="1" m="50231" /><E7/><V98/><F36/><W39/><G71/><T35/><D31/><U109/><E58/><V17/><F17/><W92/><G41/><T18/><D18/><U29/><E56/><V135/><F135/><W37/><G43/><T2/><D132/><U117/><E29/><V73/><F30/><W101/><G101/><T21/><D35/><U75/><E117/><V55/><F51/><W96/><G87/><T102/><D2/><U68/><E68/><V40/><F40/><W0/><G0/><T9/><D121/><U108/><E108/><V86/><F86/><W107/><G107/><T116/><D116/><U34/><E34/><V59/><F98/><W16/><G14/><T47/><D74/><U104/><E104/><V65/><F65/><W60/><G60/><T3/><D72/><U25/><E25/><V93/><F97/><W130/><G130/><N who="1" m="50282" /><E75/><V95/><REACH who="2" step="1"/><F59/><AGARI ba="0,0" hai="16,19,37,38,39,50,54,59,90,92,96" m="48203" machi="59" ten="40,8000,1" yaku="18,1,52,3,54,1" doraHai="70" who="3" fromWho="2" sc="201,0,339,0,230,-80,230,80" /><INIT seed="2,0,0,5,1,25" ten="201,339,150,310" oya="2" hai0="41,108,5,49,57,76,113,127,28,81,92,124,52" hai1="66,131,119,91,100,110,123,118,30,37,8,75,35" hai2="60,73,58,38,29,36,15,102,128,94,11,95,88" hai3="16,24,67,104,106,130,7,68,44,20,82,122,107"/><V26/><F73/><W109/><G122/><T23/><D113/><U55/><E37/><V2/><F128/><W101/><G130/><T22/><D108/><U1/><E131/><V34/><F2/><W64/><G109/><T12/><D92/><U116/><E110/><V48/><F48/><W14/><G82/><T59/><D59/><U84/><E75/><V132/><F132/><W98/><G44/><T129/><D129/><U135/><E135/><V63/><F95/><W31/><G7/><T120/><D120/><U72/><E72/><V78/><F78/><W50/><G50/><T86/><D41/><U6/><E123/><V33/><F33/><N who="3" m="20711" /><G67/><T111/><D111/><U32/><E100/><V19/><F102/><W93/><G93/><T27/><REACH who="0" step="1"/><D23/><REACH who="0" ten="191,339,150,310" step="2"/><U40/><E40/><V21/><F34/><W90/><G106/><T10/><AGARI ba="0,1" hai="5,10,12,22,27,28,49,52,57,76,81,86,124,127" machi="10" ten="30,12000,2" yaku="1,1,2,1,0,1,52,1,54,1,53,1" doraHai="25" doraHaiUra="4" who="0" fromWho="0" sc="191,130,339,-30,150,-60,310,-30" /><INIT seed="3,0,0,2,5,7" ten="321,309,90,280" oya="3" hai0="54,78,47,19,114,75,53,10,104,26,105,122,23" hai1="38,87,61,34,8,60,0,5,58,1,24,66,113" hai2="130,116,32,42,88,106,70,82,13,21,55,40,123" hai3="77,31,63,65,103,50,81,119,134,76,120,109,135"/><W16/><G119/><T39/><D122/><U131/><E38/><V46/><F116/><W100/><G120/><T107/><D114/><U67/><E113/><V121/><F32/><W129/><G31/><T79/><D10/><U2/><E131/><V41/><F106/><W74/><G129/><T111/><D111/><U52/><E87/><V14/><F130/><W12/><G109/><T125/><D125/><U133/><E133/><N who="3" m="50698" /><G50/><T86/><D75/><U11/><E11/><V59/><F70/><N who="3" m="42303" /><G77/><T94/><D79/><U35/><E67/><V97/><F121/><W69/><G69/><T51/><D39/><U6/><E6/><V89/><F123/><W62/><G62/><T124/><D124/><U22/><E35/><V57/><F46/><W17/><G17/><T127/><D127/><U36/><E36/><V83/><F55/><W28/><G28/><T43/><D78/><U72/><E72/><V27/><F42/><W80/><G80/><T98/><REACH who="0" step="1"/><D86/><REACH who="0" ten="311,309,90,280" step="2"/><U101/><E34/><V128/><F128/><W20/><AGARI ba="0,1" hai="12,16,20,74,76,81,100,103" m="42303,50698" machi="20" ten="30,3000,0" yaku="20,1,54,1" doraHai="7" who="3" fromWho="3" sc="311,-10,309,-10,90,-10,280,40" owari="301,10.0,299,-10.0,80,-42.0,320,42.0" /></mjloggm>