<mjloggm ver="2.3"><GO type="169" lobby="0"/><UN n0="%E7%89%87%E5%B2%A1%E7%AF%A4%E5%8F%B2" n1="%6A%61%63%6F%62%69%33%35" n2="%E3%82%A4%E3%82%BA%E3%83%9F%E3%83%B3" n3="%E3%81%B6%E3%83%BC%E3%81%95%E3%82%93%E3%81%AE%E4%BC%91%E6%81%AF%E2%99%AA" dan="17,17,16,16" rate="2166.91,2193.01,2094.17,2101.20" sx="M,M,M,M"/><TAIKYOKU oya="0"/><INIT seed="0,0,0,3,2,133" ten="250,250,250,250" oya="0" hai0="27,35,120,2,48,98,130,119,37,131,52,118,26" hai1="34,94,116,107,24,128,40,111,126,58,121,123,132" hai2="66,101,25,51,22,73,59,92,84,75,19,21,82" hai3="7,46,108,44,127,68,13,8,76,71,67,36,105"/><T54/><D37/><U60/><E40/><V49/><F75/><W103/><G108/><T99/><D2/><U6/><E58/><V14/><F73/><W15/><G76/><T29/><D120/><U41/><E41/><V9/><F22/><W115/><G115/><T30/><REACH who="0" step="1"/><D48/><REACH who="0" ten="240,250,250,250" step="2"/><U11/><E121/><V50/><F50/><W57/><G36/><T70/><D70/><U80/><E123/><V81/><F51/><W43/><G71/><T97/><D97/><U63/><E132/><V42/><F42/><W88/><G68/><T114/><D114/><U122/><E122/><V135/><F135/><W72/><G43/><T3/><D3/><U113/><E113/><V102/><F49/><W32/><G44/><T77/><D77/><U47/><E47/><V62/><F101/><W106/><G46/><T95/><D95/><U55/><E94/><V0/><F0/><W18/><G103/><T124/><D124/><U90/><E126/><V69/><F69/><W33/><G127/><T85/><D85/><U17/><E111/><V89/><REACH who="2" step="1"/><F102/><REACH who="2" ten="240,250,240,250" step="2"/><W39/><G39/><T64/><D64/><U83/><E116/><V31/><AGARI ba="0,2" hai="9,14,19,21,25,31,59,62,66,81,82,84,89,92" machi="31" ten="20,12000,2" yaku="1,1,2,1,0,1,7,1,8,1,53,1" doraHai="133" doraHaiUra="61" who="2" fromWho="2" sc="240,-60,250,-30,240,140,250,-30" /><INIT seed="1,0,0,2,5,32" ten="180,220,380,220" oya="1" hai0="89,54,123,82,20,125,18,130,53,3,46,45,104" hai1="79,80,70,23,73,48,1,19,16,84,25,13,77" hai2="68,11,115,116,12,103,8,55,107,110,26,63,97" hai3="29,5,93,14,91,132,101,76,128,24,4,74,135"/><U2/><E70/><V28/><F116/><W39/><G39/><T15/><D104/><U81/><E48/><V131/><F110/><W30/><G101/><T57/><D125/><U100/><E100/><V113/><F131/><W51/><G128/><T7/><D130/><U120/><E120/><V98/><F98/><W71/><G71/><T35/><D35/><U129/><E129/><V106/><F106/><W47/><G76/><T109/><D109/><U87/><E73/><V56/><F68/><W105/><G105/><T65/><D123/><U119/><E119/><V127/><F127/><W69/><G74/><T42/><D65/><U124/><E124/><V83/><F83/><W67/><G67/><T92/><D82/><U133/><E133/><V33/><F12/><W10/><G4/><T66/><D66/><U50/><E50/><V61/><F61/><W0/><G69/><T72/><D53/><U108/><E108/><V78/><F78/><W49/><G14/><T21/><D21/><AGARI ba="0,0" hai="1,2,13,16,19,21,23,25,77,79,80,81,84,87" machi="21" ten="30,12000,1" yaku="7,1,9,1,52,2,54,1" doraHai="32" who="1" fromWho="0" sc="180,-120,220,120,380,0,220,0" /><INIT seed="1,1,0,1,0,28" ten="60,340,380,220" oya="1" hai0="101,53,94,20,56,13,117,93,109,135,91,111,84" hai1="35,7,18,97,45,128,75,64,98,86,47,79,12" hai2="123,59,108,71,78,61,115,0,25,110,102,66,22" hai3="39,32,113,16,69,60,121,8,131,73,134,1,92"/><U14/><E128/><V81/><F123/><W41/><RYUUKYOKU type="yao9" ba="1,0" sc="60,0,340,0,380,0,220,0" hai3="1,8,16,32,39,41,60,69,73,92,113,121,131,134" /><INIT seed="1,2,0,4,0,7" ten="60,340,380,220" oya="1" hai0="115,128,79,122,93,8,44,50,116,102,24,3,72" hai1="12,14,114,41,53,30,90,82,21,37,110,28,86" hai2="61,125,120,66,20,22,60,40,106,69,78,80,10" hai3="107,117,89,75,56,39,43,46,124,57,91,73,70"/><U4/><E114/><V87/><F120/><W0/><G70/><T130/><D116/><U76/><E110/><V64/><F106/><W6/><G107/><T123/><D72/><U109/><E109/><V63/><F125/><W84/><G124/><T18/><D79/><U31/><E37/><V32/><F32/><W19/><G91/><T23/><D102/><U112/><E112/><V51/><F10/><W92/><G117/><T35/><D93/><U54/><E41/><V59/><F61/><W9/><G57/><T1/><D35/><U126/><E126/><V94/><F94/><W58/><G56/><T111/><D111/><U101/><E101/><V88/><F78/><W55/><REACH who="3" step="1"/><G19/><REACH who="3" ten="60,340,380,210" step="2"/><T62/><D115/><U100/><E90/><V16/><F16/><W121/><G121/><N who="0" m="46091" /><D62/><U48/><E100/><V108/><F108/><W129/><G129/><N who="0" m="49771" /><D44/><U132/><E76/><V135/><F63/><W67/><G67/><T2/><D50/><U119/><E48/><V17/><F66/><W113/><G113/><T127/><D127/><U33/><E119/><V47/><F69/><W13/><G13/><N who="0" m="7463" /><D1/><U104/><E104/><V36/><F51/><W5/><G5/><T42/><D42/><U34/><E4/><V133/><F17/><AGARI ba="2,1" hai="2,3,17,23,24" m="7463,49771,46091" machi="17" ten="30,8000,1" yaku="13,1,19,1,34,2,52,1" doraHai="7" who="0" fromWho="2" sc="60,96,340,0,380,-86,210,0" /><INIT seed="2,0,0,5,5,74" ten="156,340,294,210" oya="2" hai0="5,123,127,66,131,32,101,77,94,2,82,61,33" hai1="121,120,128,107,48,117,58,105,126,95,81,130,91" hai2="29,39,37,15,103,116,18,11,108,67,23,129,16" hai3="114,1,56,63,70,36,112,65,12,20,40,42,84"/><V111/><F116/><W6/><G1/><T124/><D94/><U90/><E48/><V21/><F103/><W125/><G125/><N who="0" m="48203" /><D101/><U53/><E58/><V7/><F67/><W83/><G70/><N who="0" m="42319" /><D123/><N who="1" m="47179" /><E53/><V51/><F51/><W113/><G36/><T109/><D109/><N who="2" m="42058" /><F29/><W22/><G6/><T44/><D131/><N who="1" m="50219" /><E117/><V35/><F35/><W80/><G80/><T92/><D92/><U64/><E64/><V55/><F55/><W4/><G4/><T28/><D28/><U14/><E14/><N who="2" m="9431" /><F129/><W49/><G49/><T3/><D44/><U100/><E100/><V50/><F50/><W0/><G0/><AGARI ba="0,0" hai="0,7,11,15,16,23,37,39" m="9431,42058" machi="0" ten="30,5800,0" yaku="14,1,10,1,54,1" doraHai="74" who="2" fromWho="3" sc="156,0,340,0,294,58,210,-58" /><INIT seed="2,1,0,0,5,128" ten="156,340,352,152" oya="2" hai0="14,60,29,38,127,68,54,100,63,47,36,46,126" hai1="116,25,28,110,53,31,73,78,84,56,6,3,13" hai2="30,135,51,95,65,72,117,18,17,134,130,39,115" hai3="83,82,114,64,74,80,5,2,4,81,48,101,122"/><V61/><F117/><W133/><G122/><T16/><D29/><U87/><E110/><V125/><F115/><W69/><G114/><T66/><D100/><U124/><E116/><V112/><F112/><W9/><G101/><T102/><D102/><U62/><E124/><N who="0" m="47657" /><D60/><U98/><E3/><V104/><F104/><W107/><G107/><T19/><D19/><U103/><E73/><V23/><F39/><N who="0" m="14890" /><D54/><U26/><E28/><V49/><F72/><W109/><G109/><T20/><AGARI ba="1,0" hai="14,16,20,46,47,63,66,68" m="14890,47657" machi="20" ten="30,2000,0" yaku="18,1,54,1" doraHai="128" who="0" fromWho="0" sc="156,23,340,-6,352,-11,152,-6" /><INIT seed="3,0,0,1,3,29" ten="179,334,341,146" oya="3" hai0="98,88,101,115,87,21,76,83,86,69,56,49,5" hai1="91,16,70,9,73,78,102,99,74,51,14,107,129" hai2="32,43,84,23,48,22,133,68,111,54,60,50,72" hai3="130,125,11,108,42,3,113,79,122,57,120,82,24"/><W59/><G113/><T104/><D69/><U6/><E129/><V117/><F117/><W37/><G130/><T65/><D5/><U38/><E38/><V131/><F72/><W4/><G125/><T66/><D115/><U118/><E118/><V2/><F2/><W77/><G77/><T35/><D21/><U93/><E70/><V97/><F32/><W12/><G12/><T25/><D49/><U41/><E6/><V8/><F131/><W52/><G108/><T95/><REACH who="0" step="1"/><D56/><REACH who="0" ten="169,334,341,146" step="2"/><U28/><E51/><V13/><F68/><W64/><G59/><T124/><D124/><U134/><E28/><AGARI ba="0,1" hai="25,28,35,65,66,76,83,86,87,88,95,98,101,104" machi="28" ten="40,8000,1" yaku="1,1,52,1,54,1,53,1" doraHai="29" doraHaiUra="27" who="0" fromWho="1" sc="169,90,334,-80,341,0,146,0" /><INIT seed="4,0,0,0,0,35" ten="259,254,341,146" oya="0" hai0="100,15,105,52,26,99,108,5,59,135,56,61,37" hai1="27,43,104,117,125,76,65,89,20,46,40,28,118" hai2="109,12,47,48,87,75,132,70,30,24,57,14,23" hai3="38,64,121,19,34,18,29,50,110,80,83,0,119"/><T11/><D37/><U98/><E125/><V36/><F75/><W113/><G110/><T6/><D135/><U94/><E104/><V111/><F70/><W107/><G107/><T71/><D71/><U41/><E65/><V2/><F2/><W120/><G38/><T73/><D73/><U62/><E62/><V134/><F36/><W85/><G119/><T91/><D108/><N who="2" m="41546" /><F57/><W13/><G64/><T112/><D112/><U101/><E46/><V79/><F87/><W114/><G50/><T72/><D72/><U133/><E76/><V123/><F79/><W93/><G93/><T69/><D69/><U92/><REACH who="1" step="1"/><E133/><REACH who="1" ten="259,244,341,146" step="2"/><N who="2" m="51307" /><F123/><W86/><G121/><T131/><D59/><U58/><E58/><V39/><F39/><W3/><G120/><T90/><D56/><U1/><E1/><V115/><F115/><W106/><G106/><T122/><D61/><U45/><E45/><V95/><F95/><W44/><G44/><T60/><D60/><U77/><E77/><V55/><AGARI ba="0,1" hai="12,14,23,24,30,47,48,55" m="51307,41546" machi="55" ten="30,1100,0" yaku="20,1" doraHai="35" who="2" fromWho="2" sc="259,-5,244,-3,341,21,146,-3" /><INIT seed="5,0,0,2,3,89" ten="254,241,362,143" oya="1" hai0="47,5,53,33,115,24,2,11,84,64,66,14,56" hai1="49,50,22,54,128,16,45,108,127,91,96,37,61" hai2="109,88,38,1,23,73,93,101,12,76,69,17,63" hai3="79,105,74,130,35,135,133,131,81,28,124,34,85"/><U117/><E117/><V18/><F109/><W30/><G30/><T125/><D115/><U80/><E108/><V13/><F38/><W44/><G44/><T126/><D47/><U112/><E112/><V46/><F1/><W70/><G70/><T103/><D103/><U75/><E128/><N who="3" m="49194" /><G28/><N who="0" m="19591" /><D84/><N who="1" m="50567" /><E75/><V60/><F101/><W122/><G34/><T20/><D64/><U65/><E127/><N who="0" m="48649" /><D66/><U43/><E37/><V107/><F107/><W26/><G26/><T77/><D77/><U36/><E36/><V27/><F69/><W4/><G4/><T87/><D87/><U97/><E65/><V21/><F76/><W111/><G35/><T48/><D20/><U121/><E61/><V68/><F73/><W59/><G59/><T104/><D104/><U78/><E78/><V9/><F46/><W15/><G124/><T92/><D14/><N who="1" m="9495" /><E121/><V110/><F68/><W29/><G15/><T119/><D119/><U71/><E71/><V72/><F72/><W118/><G29/><T116/><D116/><U57/><AGARI ba="0,0" hai="43,45,49,50,54,57,96,97" m="9495,50567" machi="57" ten="30,3000,0" yaku="8,1,54,1" doraHai="89" who="1" fromWho="1" sc="254,-10,241,30,362,-10,143,-10" /><INIT seed="5,1,0,0,4,19" ten="244,271,352,133" oya="1" hai0="73,16,48,46,117,62,26,14,0,107,106,70,135" hai1="39,94,97,71,74,21,83,118,31,57,59,129,115" hai2="87,32,75,42,36,53,91,4,41,15,113,84,112" hai3="77,54,133,69,120,81,17,109,51,47,126,35,66"/><U110/><E118/><V116/><F32/><W55/><G109/><T98/><D73/><U52/><E71/><V22/><F75/><W131/><G120/><T80/><D0/><U72/><E39/><V96/><F96/><W10/><G35/><T12/><D117/><U7/><E110/><V104/><F104/><W123/><G123/><T3/><D3/><U45/><E115/><N who="2" m="44107" /><F116/><W61/><G133/><T25/><D80/><U134/><E129/><V44/><F42/><W5/><G126/><T34/><D12/><U90/><E7/><V9/><F53/><W30/><G30/><T56/><D70/><U114/><E134/><V101/><F101/><W37/><G37/><T28/><D26/><N who="1" m="16847" /><E74/><V11/><F11/><W1/><G17/><T65/><D98/><U18/><E72/><V23/><F87/><W86/><REACH who="3" step="1"/><G131/><REACH who="3" ten="244,271,352,123" step="2"/><T82/><D135/><U93/><E18/><V99/><F99/><W40/><AGARI ba="1,1" hai="1,5,10,40,47,51,54,55,61,66,69,77,81,86" machi="40" ten="20,8000,1" yaku="1,1,2,1,0,1,7,1,53,1" doraHai="19" doraHaiUra="38" who="3" fromWho="3" sc="244,-21,271,-41,352,-21,123,93" /><INIT seed="6,0,0,1,4,6" ten="223,230,331,216" oya="2" hai0="69,29,28,92,112,53,17,46,106,65,37,133,110" hai1="108,67,90,74,105,123,0,103,24,76,128,35,39" hai2="59,61,52,64,114,60,82,81,93,63,124,40,87" hai3="118,96,109,99,113,107,102,16,125,83,20,72,104"/><V122/><F122/><W12/><G109/><T47/><D106/><U115/><RYUUKYOKU type="yao9" ba="0,0" sc="223,0,230,0,331,0,216,0" hai1="0,24,35,39,67,74,76,90,103,105,108,115,123,128" /><INIT seed="6,1,0,2,4,132" ten="223,230,331,216" oya="2" hai0="31,36,133,72,82,16,98,49,17,27,84,123,48" hai1="124,81,67,40,33,58,74,53,26,119,21,39,6" hai2="10,90,130,111,128,125,86,92,15,100,101,44,7" hai3="127,80,129,55,43,30,57,68,46,61,114,94,99"/><V3/><F111/><W18/><G129/><N who="2" m="49769" /><F3/><W89/><G68/><T38/><D72/><U32/><E119/><V118/><F118/><W42/><G114/><T47/><D123/><U35/><E67/><V122/><F122/><W28/><G127/><T70/><D70/><U97/><E124/><V117/><F117/><W56/><G42/><T107/><D38/><U66/><E66/><V121/><F125/><W108/><G108/><T112/><D36/><U120/><E6/><V2/><F121/><W24/><G57/><T105/><D133/><U51/><E120/><V134/><F134/><W19/><G80/><T29/><D112/><U106/><E81/><V8/><F44/><W37/><REACH who="3" step="1"/><G30/><REACH who="3" ten="223,230,331,206" step="2"/><T104/><D31/><U102/><E40/><V77/><F77/><W71/><G71/><T85/><D82/><U14/><E39/><V78/><F78/><W110/><G110/><T4/><D29/><U131/><E131/><V20/><F20/><AGARI ba="1,1" hai="18,19,20,24,28,37,43,46,55,56,61,89,94,99" machi="20" ten="30,3900,0" yaku="1,1,7,1,53,1" doraHai="132" doraHaiUra="69" who="3" fromWho="2" sc="223,0,230,0,331,-42,206,52" /><INIT seed="7,0,0,0,5,110" ten="223,230,289,258" oya="3" hai0="43,0,24,37,16,29,12,112,22,56,133,120,51" hai1="40,74,41,48,118,111,109,33,83,26,62,20,91" hai2="117,78,72,2,17,132,60,107,6,134,135,88,126" hai3="119,87,97,46,67,28,92,128,50,32,98,64,105"/><W19/><G119/><T1/><D120/><U104/><E118/><V129/><F117/><W47/><G128/><T75/><D75/><U123/><E123/><V84/><F107/><W68/><G105/><T27/><D133/><U66/><E33/><V95/><F126/><W86/><G68/><T116/><D116/><U73/><E104/><V31/><F31/><W38/><G38/><T45/><D27/><U101/><E101/><V18/><F129/><W4/><G32/><T15/><D15/><U61/><E74/><V54/><F6/><W102/><G28/><T125/><D125/><U63/><E73/><V103/><F2/><W5/><G19/><T100/><D100/><U113/><E66/><V11/><F11/><W77/><G98/><T34/><REACH who="0" step="1"/><D112/><REACH who="0" ten="213,230,289,258" step="2"/><U82/><E113/><V49/><F103/><W90/><G102/><T9/><D9/><U8/><E8/><V108/><F108/><W93/><G4/><T121/><D121/><U122/><E122/><V55/><F72/><W25/><G5/><T71/><D71/><U10/><E10/><V106/><F106/><W99/><G25/><T7/><D7/><U53/><E111/><V30/><F135/><W52/><G46/><T21/><D21/><U3/><E109/><V58/><F134/><W65/><G77/><T81/><D81/><N who="1" m="30731" /><E3/><V35/><F78/><W85/><G93/><T42/><D42/><U23/><E23/><V59/><F132/><W39/><G39/><T69/><D69/><U115/><E115/><V36/><F36/><W89/><G92/><T57/><D57/><N who="1" m="32935" /><E91/><V70/><F70/><RYUUKYOKU ba="0,1" sc="213,0,230,0,289,0,258,0" hai0="0,1,12,16,22,24,29,34,37,43,45,51,56" hai1="20,26,40,41,61,62,63" hai2="17,18,30,35,49,54,55,58,59,60,84,88,95" hai3="47,50,52,64,65,67,85,86,87,89,90,97,99" /><INIT seed="7,1,1,4,3,21" ten="213,230,289,258" oya="3" hai0="8,55,83,45,1,102,22,46,134,33,19,24,2" hai1="20,47,59,50,117,7,40,88,68,122,133,101,56" hai2="66,12,114,130,63,10,51,38,128,118,80,54,110" hai3="107,0,48,61,78,135,96,62,104,42,121,103,71"/><W119/><G119/><T30/><D102/><U100/><E68/><V98/><F38/><W17/><G121/><T127/><D134/><U5/><E122/><V82/><F114/><W57/><G135/><T60/><D127/><U74/><E74/><V13/><F98/><W35/><G0/><T25/><D1/><U109/><E109/><V18/><F12/><W125/><G125/><T90/><D60/><U124/><E117/><V94/><F94/><W39/><G107/><T29/><D55/><U86/><E124/><V15/><F15/><W70/><G35/><T92/><D83/><N who="1" m="49247" /><E133/><V53/><F110/><W4/><G4/><N who="1" m="1610" /><E20/><V120/><F53/><N who="3" m="31911" /><G78/><T73/><D73/><U111/><E111/><V99/><F120/><W131/><G61/><T126/><D126/><U27/><E27/><V36/><F36/><W132/><G132/><T34/><D8/><U43/><E43/><V6/><F63/><W95/><G131/><T58/><D2/><U37/><E37/><V41/><F41/><W123/><G123/><T72/><D72/><U106/><E106/><V87/><F118/><W129/><G129/><T81/><D81/><U31/><E31/><V44/><F82/><W28/><G28/><T84/><D58/><AGARI ba="1,1" hai="40,47,50,56,58,59,100,101" m="1610,49247" machi="58" ten="30,2000,0" yaku="8,1,54,1" doraHai="21" who="1" fromWho="0" sc="213,-23,230,33,289,0,258,0" /><INIT seed="8,0,0,1,0,65" ten="190,263,289,258" oya="0" hai0="11,39,108,10,79,82,16,47,66,70,106,54,129" hai1="91,87,22,80,57,8,109,122,13,18,61,34,60" hai2="9,119,81,78,52,25,123,69,20,48,84,110,118" hai3="93,94,77,96,12,31,30,116,4,62,51,72,103"/><T83/><D108/><U107/><E122/><V125/><F110/><W0/><G0/><T131/><D106/><U37/><E34/><V58/><F125/><W64/><G116/><N who="2" m="44585" /><F123/><W76/><G72/><T43/><D54/><U56/><E37/><V23/><F69/><W46/><G93/><T124/><D124/><U105/><E109/><V19/><F23/><W97/><G97/><T117/><D117/><U128/><E128/><N who="0" m="49225" /><D82/><U120/><E120/><V26/><F9/><N who="3" m="4135" /><G62/><N who="1" m="24170" /><E107/><V1/><F1/><W15/><G15/><AGARI ba="0,0" hai="15,19,20,25,26,48,52,58,78,81,84" m="44585" machi="15" ten="30,3900,0" yaku="16,1,12,1,54,1" doraHai="65" who="2" fromWho="3" sc="190,0,263,0,289,39,258,-39" owari="190,-31.0,263,6.0,328,43.0,219,-18.0" /></mjloggm>