<mjloggm ver="2.3"><GO type="185" lobby="0"/><UN n0="%62%75%73%79" n1="%4B%65%6E%74%4B%65%6E%74" n2="%E9%9B%AA%E6%9D%91%E5%8D%83%E7%B5%B5%E8%8E%89" n3="" dan="16,17,17,0" rate="2041.64,2280.23,2243.07,1500.00" sx="M,F,F,C"/><TAIKYOKU oya="0"/><INIT seed="0,0,0,4,0,130" ten="350,350,350,0" oya="0" hai0="40,99,114,69,65,54,55,89,48,70,111,109,115" hai1="49,33,58,98,103,124,75,37,39,129,107,112,106" hai2="53,57,86,73,63,52,50,118,121,110,85,72,84" hai3=""/><T66/><D99/><U100/><E33/><V60/><N who="2" m="31008" /><V116/><F110/><T92/><D92/><U90/><E112/><V64/><F60/><T125/><D89/><U46/><E124/><V59/><REACH who="2" step="1"/><F64/><REACH who="2" ten="350,350,340,0" step="2"/><T133/><D125/><U128/><E128/><V123/><N who="2" m="31520" /><V1/><F1/><T108/><D108/><U132/><E129/><V81/><F81/><T68/><D68/><U42/><E58/><V62/><F62/><T94/><D94/><U122/><E122/><V67/><F67/><T134/><D48/><U80/><E49/><V93/><F93/><T135/><REACH who="0" step="1"/><D133/><REACH who="0" ten="340,350,340,0" step="2"/><U104/><E132/><V113/><F113/><T117/><D117/><AGARI ba="0,2" hai="50,52,53,57,59,63,72,73,84,85,86,116,117,118" m="31520,31008" machi="117" ten="40,8000,1" yaku="1,1,12,1,52,2,54,1,53,0" doraHai="130" doraHaiUra="0" who="2" fromWho="0" sc="340,-80,350,0,340,100,0,0" /><INIT seed="1,0,0,5,1,75" ten="260,350,440,0" oya="1" hai0="77,60,72,49,108,52,89,104,0,68,130,88,116" hai1="131,38,84,85,111,122,127,36,103,134,47,107,37" hai2="119,125,48,39,54,90,81,64,59,40,70,87,74" hai3=""/><U135/><N who="1" m="31264" /><U69/><E69/><V73/><F119/><T53/><D130/><U132/><E131/><V33/><F125/><T126/><D116/><U115/><E115/><V3/><F3/><T128/><D126/><U101/><E127/><V43/><F33/><T61/><D128/><U1/><E1/><V96/><F96/><T79/><D0/><U67/><E67/><V76/><F39/><T51/><D68/><U35/><E35/><V91/><F73/><T113/><D72/><U124/><E124/><V41/><REACH who="2" step="1"/><F74/><REACH who="2" ten="260,350,430,0" step="2"/><T120/><N who="0" m="30752" /><T55/><D113/><U66/><E36/><V46/><F46/><T71/><D71/><U94/><E37/><V56/><F56/><T93/><D104/><U109/><E38/><V83/><F83/><T32/><D32/><U118/><E47/><V97/><F97/><T105/><D105/><U106/><E118/><V42/><N who="2" m="10240" /><DORA hai="63" /><V99/><F99/><T57/><D55/><U45/><E45/><V86/><F86/><T112/><D112/><U123/><N who="1" m="31520" /><U78/><E85/><V92/><F92/><T65/><D93/><U80/><E94/><V98/><F98/><T44/><D44/><U117/><E117/><V62/><AGARI ba="0,1" hai="48,54,59,62,64,70,76,81,87,90,91" m="10240" machi="62" ten="40,6000,1" yaku="1,1,0,1,52,2,53,0" doraHai="75,63" doraHaiUra="100,114" who="2" fromWho="2" sc="260,-20,350,-40,430,70,0,0" /><INIT seed="2,0,0,0,3,120" ten="240,310,500,0" oya="2" hai0="130,97,134,72,108,99,133,55,54,82,32,0,114" hai1="64,67,79,125,129,74,91,86,118,90,45,126,59" hai2="78,56,49,57,73,94,122,124,104,36,3,76,52" hai3=""/><V116/><N who="2" m="31264" /><V60/><F3/><T101/><D0/><U41/><E129/><V96/><F116/><T70/><D32/><U33/><E33/><V40/><F104/><T84/><D130/><U58/><E118/><V38/><F124/><N who="1" m="47721" /><E74/><V110/><F110/><T80/><D70/><U92/><E79/><V44/><F73/><T131/><D131/><U106/><E106/><V100/><REACH who="2" step="1"/><F36/><REACH who="2" ten="240,310,490,0" step="2"/><T105/><D72/><U107/><E107/><V63/><F63/><T98/><D105/><U1/><E1/><V89/><F89/><T65/><D108/><U47/><E91/><V93/><F93/><T2/><D2/><U34/><E34/><V95/><F95/><T121/><D121/><U103/><E90/><V62/><F62/><T109/><D109/><U117/><E92/><V87/><F87/><T43/><D133/><U75/><E86/><V135/><F135/><T132/><D134/><U115/><E75/><V51/><F51/><T113/><D132/><U77/><E117/><V42/><F42/><T128/><D128/><U102/><E41/><V35/><F35/><T83/><D114/><U85/><E115/><V123/><N who="2" m="31520" /><V50/><F50/><T119/><D113/><U66/><E85/><V48/><F48/><RYUUKYOKU type="nm" ba="0,1" sc="240,60,310,-20,490,-40,0,0" hai2="38,40,44,49,52,56,57,60,76,78,94,96,100" /><INIT seed="2,1,1,1,0,94" ten="300,290,450,0" oya="2" hai0="112,116,77,123,117,120,89,107,93,113,114,134,53" hai1="100,72,43,36,66,73,121,44,125,58,87,37,50" hai2="57,90,48,1,105,106,69,103,81,126,78,124,52" hai3=""/><V59/><F1/><T51/><D107/><U95/><N who="1" m="31008" /><U86/><E125/><N who="2" m="48235" /><F69/><T82/><D51/><U32/><E32/><V98/><F106/><T101/><D53/><U97/><E87/><V70/><F70/><T122/><D101/><U75/><REACH who="1" step="1"/><E86/><REACH who="1" ten="300,280,450,0" step="2"/><V65/><F90/><T115/><D134/><U111/><E111/><V96/><F103/><T56/><D56/><U133/><E133/><V63/><F105/><T119/><N who="0" m="28672" /><DORA hai="45" /><T130/><D130/><U79/><E79/><V131/><F131/><T40/><D40/><U102/><E102/><V47/><F59/><T2/><D2/><U127/><E127/><V0/><F0/><T54/><D54/><U35/><E35/><V42/><F42/><T49/><D49/><U3/><E3/><V99/><F99/><T88/><REACH who="0" step="1"/><D93/><REACH who="0" ten="290,280,450,0" step="2"/><U68/><E68/><V67/><F67/><T64/><D64/><U74/><N who="1" m="18432" /><DORA hai="109" /><U71/><E71/><V34/><F34/><T128/><D128/><U135/><E135/><V84/><AGARI ba="1,3" hai="47,48,52,57,63,65,78,81,84,96,98" m="48235" machi="84" ten="30,8000,1" yaku="18,1,52,3,54,1" doraHai="94,45,109" who="2" fromWho="2" sc="290,-41,280,-41,450,112,0,0" /><INIT seed="2,2,0,1,2,54" ten="249,239,562,0" oya="2" hai0="2,118,39,45,126,103,65,51,107,125,71,127,119" hai1="75,50,48,33,36,63,104,91,87,74,109,72,73" hai2="114,32,90,0,102,35,41,1,135,62,124,110,112" hai3=""/><V123/><N who="2" m="31520" /><V40/><F110/><T133/><D2/><U77/><E33/><V128/><F102/><T96/><D133/><U69/><E109/><V67/><F128/><T68/><D51/><U129/><E129/><V93/><F124/><T80/><D80/><U78/><N who="1" m="18432" /><DORA hai="98" /><U92/><E36/><V34/><F135/><T95/><D95/><U134/><E104/><V115/><F0/><T88/><D88/><U43/><E134/><V97/><REACH who="2" step="1"/><F1/><REACH who="2" ten="249,239,552,0" step="2"/><T44/><D125/><U111/><E111/><V64/><F64/><T46/><D126/><U130/><E130/><V38/><F38/><T94/><D127/><U61/><E43/><V57/><AGARI ba="2,1" hai="32,34,35,40,41,57,62,67,90,93,97,112,114,115" m="31520" machi="57" ten="40,12000,2" yaku="1,1,0,1,52,2,53,2" doraHai="54,98" doraHaiUra="56,85" who="2" fromWho="2" sc="249,-62,239,-62,552,134,0,0" /><INIT seed="2,3,0,4,2,65" ten="187,177,686,0" oya="2" hai0="43,106,132,111,112,71,32,61,118,74,117,95,50" hai1="133,107,0,79,87,58,47,108,102,124,3,90,76" hai2="34,40,55,92,41,110,131,45,64,128,78,2,129" hai3=""/><V63/><F34/><T69/><D95/><U101/><E108/><V122/><N who="2" m="31264" /><V68/><F2/><T52/><D106/><U37/><E133/><V67/><F110/><T60/><D74/><U91/><E124/><V56/><F78/><T84/><D84/><U77/><E58/><V62/><F92/><T49/><D32/><U73/><E73/><V100/><F100/><T1/><D1/><U44/><E37/><V120/><N who="2" m="30752" /><V33/><F33/><T86/><D86/><U66/><E66/><V109/><F109/><T88/><D88/><U99/><E87/><V75/><F75/><T104/><D104/><U103/><E99/><V54/><F41/><T98/><D98/><U134/><E134/><V130/><N who="2" m="32768" /><DORA hai="53" /><V113/><F113/><T59/><D111/><U105/><E105/><V135/><F135/><T125/><D125/><U127/><E127/><V80/><F80/><T116/><D112/><U123/><N who="1" m="31520" /><U70/><E107/><V114/><REACH who="2" step="1"/><F114/><REACH who="2" ten="187,177,676,0" step="2"/><T36/><D132/><U94/><E94/><V51/><AGARI ba="3,1" hai="40,45,51,54,55,56,62,63,64,67,68" m="32768,30752,31264" machi="51" ten="60,24000,4" yaku="1,1,2,1,0,1,19,1,34,3,52,4,53,0" doraHai="65,53" doraHaiUra="89,83" who="2" fromWho="2" sc="187,-123,177,-123,676,256,0,0" /><INIT seed="2,4,0,3,5,94" ten="64,54,932,0" oya="2" hai0="106,37,50,41,88,97,70,51,56,95,59,115,49" hai1="89,121,129,39,64,96,127,131,90,75,128,32,135" hai2="105,123,134,3,72,81,0,87,103,47,76,78,67" hai3=""/><V98/><N who="2" m="31520" /><V82/><F134/><T114/><D70/><U62/><N who="1" m="31008" /><U86/><E32/><V116/><F116/><T101/><D37/><U79/><E39/><V63/><REACH who="2" step="1"/><F47/><REACH who="2" ten="64,54,922,0" step="2"/><T69/><D69/><AGARI ba="4,1" hai="0,3,63,67,69,72,76,78,81,82,87,98,103,105" m="31520" machi="69" ten="30,18000,2" yaku="1,1,2,1,7,1,52,2,53,1" doraHai="94" doraHaiUra="57" who="2" fromWho="0" sc="64,-188,54,0,922,198,0,0" owari="-124,-72.0,54,-35.0,1120,107.0,0,0.0" /></mjloggm>