<mjloggm ver="2.3"><GO type="185" lobby="0"/><UN n0="%E9%80%9F%E8%A6%8B%E5%B9%B8%E4%B8%80" n1="%73%74%72%65%67%69%73" n2="%7A%6B%75%72%74" n3="" dan="16,17,18,0" rate="2043.03,2223.06,2284.90,1500.00" sx="M,M,M,C"/><TAIKYOKU oya="0"/><INIT seed="0,0,0,2,2,39" ten="350,350,350,0" oya="0" hai0="125,129,58,86,34,35,88,45,48,83,97,132,59" hai1="49,1,73,134,87,74,117,3,110,112,44,62,111" hai2="52,65,53,124,116,51,89,104,40,126,82,57,115" hai3=""/><T81/><D132/><U36/><E117/><V43/><F115/><T68/><D68/><U93/><E112/><V42/><F116/><T92/><D129/><U79/><E134/><V109/><F109/><N who="1" m="41481" /><E36/><V114/><F114/><T96/><D125/><N who="2" m="48234" /><F104/><T95/><D35/><U38/><E38/><V135/><F135/><T121/><N who="0" m="31008" /><T46/><D34/><U84/><E62/><V72/><F65/><T75/><D75/><N who="1" m="28683" /><E93/><N who="0" m="35913" /><D81/><U103/><E103/><V102/><F102/><T33/><D33/><U94/><E94/><V70/><F70/><T85/><D85/><N who="1" m="32843" /><E79/><V131/><F131/><T108/><D108/><U69/><E69/><V119/><F119/><T61/><D61/><U41/><AGARI ba="0,0" hai="1,3,41,44,49" m="32843,28683,41481" machi="41" ten="40,2000,0" yaku="14,1,52,1" doraHai="39" who="1" fromWho="1" sc="350,-13,350,20,350,-7,0,0" /><INIT seed="1,0,0,4,4,47" ten="337,370,343,0" oya="1" hai0="69,109,111,38,95,77,94,41,122,93,131,84,87" hai1="118,85,67,1,36,83,2,75,135,116,66,78,123" hai2="91,42,86,70,101,88,34,74,54,60,98,112,102" hai3=""/><U90/><N who="1" m="31520" /><U121/><N who="1" m="31008" /><U107/><E107/><V76/><F34/><T64/><N who="0" m="31264" /><T108/><D131/><U100/><E36/><V117/><F117/><T127/><D127/><U73/><E100/><V106/><F112/><T32/><D32/><U40/><E40/><V113/><F113/><T3/><D3/><U114/><E114/><V129/><F129/><T96/><D96/><U0/><E135/><V105/><F42/><T55/><D77/><U52/><E52/><V56/><F70/><T97/><D97/><U71/><E75/><V59/><F74/><T92/><N who="0" m="23552" /><DORA hai="89" /><T49/><D41/><U110/><E78/><V124/><F124/><T39/><D64/><U65/><E67/><V134/><F102/><T81/><D69/><U43/><E66/><V104/><F76/><T128/><D128/><U50/><E65/><V62/><F106/><T80/><D39/><U125/><E71/><V99/><F105/><T82/><REACH who="0" step="1"/><D38/><REACH who="0" ten="327,370,343,0" step="2"/><U126/><E126/><V63/><F99/><T45/><AGARI ba="0,1" hai="45,49,55,80,81,82,84,87,108,109,111" m="23552,31264" machi="45" ten="50,24000,5" yaku="1,1,2,1,0,1,29,2,14,1,52,6,53,1" doraHai="47,89" doraHaiUra="37,44" who="0" fromWho="0" sc="327,250,370,-160,343,-80,0,0" /><INIT seed="2,0,0,0,0,77" ten="577,210,263,0" oya="2" hai0="100,71,126,83,52,131,66,133,61,89,72,0,82" hai1="44,37,125,108,55,63,51,119,121,53,84,124,57" hai2="88,116,41,46,86,110,39,56,54,115,117,36,78" hai3=""/><V69/><F115/><T114/><D0/><U70/><N who="1" m="31008" /><U50/><E84/><V127/><F127/><N who="1" m="48713" /><E108/><V132/><F132/><T74/><D133/><U128/><E119/><V109/><F39/><T105/><D114/><U92/><E92/><V111/><F69/><T64/><D71/><U75/><E75/><V59/><F78/><T130/><D105/><U58/><E128/><V91/><F59/><T87/><D74/><U2/><E2/><V101/><F101/><T76/><D100/><U38/><E70/><V49/><REACH who="2" step="1"/><F91/><REACH who="2" ten="577,210,253,0" step="2"/><T80/><D89/><U43/><AGARI ba="0,1" hai="37,38,43,44,50,51,53,55,57,58,63" m="48713,31008" machi="43" ten="30,5900,0" yaku="18,1,34,2,52,1" doraHai="77" who="1" fromWho="1" sc="577,-20,210,69,253,-39,0,0" /><INIT seed="4,0,0,1,2,76" ten="557,279,214,0" oya="0" hai0="55,53,105,97,112,132,117,34,46,101,51,121,86" hai1="64,65,41,52,126,100,104,69,89,130,36,47,35" hai2="39,80,74,57,79,77,40,48,107,71,38,131,60" hai3=""/><T3/><N who="0" m="31008" /><T94/><D117/><U62/><E35/><V90/><F131/><T75/><D3/><U92/><E130/><V67/><F107/><T72/><D132/><U68/><E126/><V50/><F79/><T82/><D34/><U113/><E113/><V54/><REACH who="2" step="1"/><F90/><REACH who="2" ten="557,279,204,0" step="2"/><T98/><D112/><U95/><E104/><V125/><F125/><T37/><D105/><U118/><E89/><V45/><AGARI ba="0,1" hai="38,39,40,45,48,50,54,57,60,67,71,74,77,80" machi="45" ten="30,5900,0" yaku="1,1,0,1,52,1,53,1" doraHai="76" doraHaiUra="106" who="2" fromWho="2" sc="557,-39,279,-20,204,69,0,0" /><INIT seed="5,0,0,2,0,130" ten="518,259,273,0" oya="1" hai0="134,1,103,131,84,96,116,125,43,83,102,110,72" hai1="117,98,115,67,40,62,124,100,123,52,122,37,46" hai2="92,0,97,56,63,3,128,133,85,59,118,49,51" hai3=""/><U2/><N who="1" m="31264" /><U121/><N who="1" m="31008" /><U129/><N who="1" m="31520" /><U36/><E2/><V114/><F118/><T89/><D43/><U32/><E117/><V87/><F128/><T93/><D1/><U69/><E32/><V71/><F71/><T91/><D131/><U44/><E129/><V58/><F63/><T127/><D116/><U119/><E119/><V48/><F114/><T60/><D60/><U126/><E115/><V94/><F133/><T61/><D61/><U75/><E75/><V45/><F45/><T88/><D134/><U80/><E80/><V105/><F105/><T86/><D110/><U109/><E109/><V55/><F55/><T53/><D53/><U76/><E76/><V39/><F39/><T73/><D103/><U78/><E78/><V101/><F3/><T79/><D73/><U132/><E132/><V104/><F0/><T64/><D64/><U135/><E135/><V70/><F70/><T95/><D91/><U50/><REACH who="1" step="1"/><E37/><REACH who="1" ten="518,249,273,0" step="2"/><V74/><F74/><T90/><D90/><U106/><AGARI ba="0,1" hai="36,40,44,46,50,52,62,67,69,98,100,106,124,126" m="31520,31008,31264" machi="106" ten="30,12000,2" yaku="1,1,2,1,0,1,52,3,54,1,53,0" doraHai="130" doraHaiUra="82" who="1" fromWho="1" sc="518,-60,249,130,273,-60,0,0" /><INIT seed="5,1,0,5,5,99" ten="458,379,213,0" oya="1" hai0="114,96,95,72,64,60,69,109,110,36,118,66,92" hai1="55,40,75,130,76,54,42,82,85,94,57,107,48" hai2="129,126,35,65,63,47,112,32,123,1,52,101,104" hai3=""/><U91/><E130/><V78/><N who="2" m="31520" /><V102/><F1/><T132/><D72/><U43/><E107/><V127/><F129/><T68/><D36/><U131/><E131/><V37/><F104/><T84/><D114/><U44/><REACH who="1" step="1"/><E55/><REACH who="1" ten="458,369,213,0" step="2"/><V3/><F3/><T61/><D118/><U71/><E71/><V135/><F112/><T34/><D34/><U105/><E105/><V74/><F32/><T50/><D69/><U77/><E77/><V53/><F35/><T49/><D68/><U124/><E124/><V115/><F115/><T83/><D132/><U97/><E97/><V100/><F135/><T90/><D96/><U98/><E98/><V88/><F126/><T103/><D66/><U46/><AGARI ba="1,1" hai="40,42,43,44,46,48,54,57,75,76,82,85,91,94" machi="46" ten="30,2000,0" yaku="1,1,0,1,53,0" doraHai="99" doraHaiUra="70" who="1" fromWho="1" sc="458,-11,369,32,213,-11,0,0" /><INIT seed="5,2,0,5,0,124" ten="447,401,202,0" oya="1" hai0="54,53,127,91,64,57,123,130,129,38,92,79,67" hai1="45,109,59,50,37,135,73,122,65,97,104,63,66" hai2="71,61,55,132,96,34,133,105,89,72,102,49,131" hai3=""/><U43/><N who="1" m="31264" /><U110/><E73/><V44/><F34/><T81/><N who="0" m="31520" /><T118/><D38/><U121/><N who="1" m="31008" /><U42/><E104/><V98/><F72/><T69/><D127/><U115/><E97/><V103/><F89/><T56/><D118/><U62/><E115/><V116/><F116/><T74/><D69/><U88/><E88/><V114/><F114/><T134/><D134/><U52/><E135/><V93/><REACH who="2" step="1"/><F131/><REACH who="2" ten="447,401,192,0" step="2"/><T33/><D33/><U125/><E125/><V90/><F90/><T47/><D130/><U112/><E112/><V41/><F41/><N who="1" m="15369" /><E37/><V107/><F107/><T95/><D129/><U39/><E39/><V83/><F83/><T32/><D32/><U80/><E80/><V2/><F2/><T82/><D91/><U51/><E51/><V120/><N who="2" m="30752" /><V85/><F85/><T36/><D36/><U119/><E119/><V128/><F128/><T84/><D84/><U76/><E76/><V0/><F0/><T48/><D48/><U58/><AGARI ba="2,1" hai="45,50,52,58,59,62,63,65,66,109,110" m="15369,31008,31264" machi="58" ten="30,8000,1" yaku="34,2,52,2,54,1" doraHai="124" who="1" fromWho="1" sc="447,-42,401,94,192,-42,0,0" /><INIT seed="5,3,0,1,2,102" ten="405,495,150,0" oya="1" hai0="132,55,95,50,43,65,57,59,40,2,92,124,115" hai1="68,122,93,72,1,111,73,119,130,62,85,75,100" hai2="58,134,42,114,53,38,101,88,94,97,127,60,45" hai3=""/><U32/><N who="1" m="31264" /><U67/><E119/><V41/><F134/><T74/><D2/><U63/><E1/><V49/><F127/><T51/><D74/><U81/><E32/><V106/><F114/><T36/><D115/><U39/><E39/><V80/><F80/><T126/><D132/><U118/><E118/><V56/><F56/><T52/><D65/><U47/><E47/><V3/><F3/><T108/><D36/><U112/><E112/><V117/><F117/><T104/><D108/><U34/><E75/><V103/><F103/><T33/><REACH who="0" step="1"/><D104/><REACH who="0" ten="395,495,150,0" step="2"/><U116/><E67/><V125/><F125/><T71/><D71/><U110/><E68/><V86/><REACH who="2" step="1"/><F38/><REACH who="2" ten="395,495,140,0" step="2"/><T70/><D70/><U109/><E109/><V105/><F105/><T77/><D77/><U66/><E111/><V0/><F0/><T135/><D135/><U128/><E110/><V123/><N who="2" m="31520" /><V133/><F133/><T120/><N who="0" m="30752" /><T48/><D48/><U90/><E116/><V91/><F91/><T129/><D129/><U82/><E128/><V84/><F84/><T96/><D96/><U54/><E130/><V113/><F113/><T131/><D131/><U46/><E85/><V37/><F37/><T121/><N who="0" m="31008" /><T83/><D83/><RYUUKYOKU ba="3,2" sc="395,10,495,-20,140,10,0,0" hai0="33,40,43,50,51,52,55,57,59,92,95,124,126" hai2="41,42,45,49,53,58,60,86,88,94,97,101,106" /><INIT seed="6,4,2,0,3,55" ten="405,475,150,0" oya="2" hai0="79,103,51,61,108,45,40,74,44,129,64,37,116" hai1="124,34,125,99,49,127,65,133,46,75,85,111,39" hai2="47,117,41,104,36,70,122,0,71,114,89,83,131" hai3=""/><V97/><N who="2" m="31264" /><V33/><F117/><T82/><D116/><U101/><E75/><V81/><F33/><T2/><D108/><U53/><E111/><V57/><F0/><T67/><D2/><U128/><E34/><V66/><F114/><T35/><D35/><U63/><E39/><V126/><F131/><T58/><D129/><U112/><E128/><V69/><F126/><T77/><D77/><U59/><E85/><V109/><F109/><T72/><D103/><U132/><E112/><V130/><F130/><T110/><D110/><U134/><E127/><V1/><F1/><T107/><D107/><AGARI ba="4,2" hai="46,49,53,59,63,65,99,101,107,124,125,132,133,134" machi="107" ten="40,2600,0" yaku="20,1,52,1" doraHai="55" who="1" fromWho="0" sc="405,-34,475,54,150,0,0,0" owari="371,-3.0,529,48.0,150,-45.0,0,0.0" /></mjloggm>