<mjloggm ver="2.3"><GO type="169" lobby="0"/><UN n0="%79%61%6D%69%6E%65%6B%6F" n1="%E8%B0%B7%E5%8F%A3%E3%81%93%E3%81%86%E3%81%B8%E3%81%84" n2="%E3%82%A8%E3%82%B9%E3%82%BF%E3%83%BC" n3="%E9%87%8E%E8%89%AF%E7%8C%AB%E3%83%AD%E3%83%83%E3%82%AF" dan="16,18,17,19" rate="2164.82,2313.54,2175.68,2267.60" sx="F,M,M,M"/><TAIKYOKU oya="0"/><INIT seed="0,0,0,0,3,90" ten="250,250,250,250" oya="0" hai0="83,34,33,41,36,26,84,31,127,19,103,39,132" hai1="118,25,30,42,110,71,20,101,37,105,50,16,91" hai2="61,58,4,130,78,72,65,48,85,92,119,134,66" hai3="15,95,54,123,64,63,121,10,131,106,73,89,109"/><T21/><D132/><U69/><E118/><V116/><F134/><W6/><G106/><T28/><D127/><U74/><E37/><V115/><F115/><W11/><G73/><T23/><D103/><U122/><E122/><V107/><F107/><W99/><G109/><T76/><D41/><U51/><E110/><V96/><F72/><W8/><G131/><T93/><D39/><U128/><E128/><V12/><F66/><W87/><G54/><T44/><D44/><U9/><E74/><V24/><F48/><W67/><G67/><T79/><D36/><U117/><E117/><V94/><F130/><W104/><G104/><T5/><D5/><U29/><E105/><V114/><F114/><W13/><G99/><T125/><D125/><U68/><E101/><V47/><F47/><W98/><G98/><T35/><D79/><U88/><E30/><V14/><F24/><W56/><REACH who="3" step="1"/><G8/><REACH who="3" ten="250,250,250,240" step="2"/><T75/><REACH who="0" step="1"/><D21/><REACH who="0" ten="240,250,250,240" step="2"/><U3/><E42/><V111/><F119/><W62/><G62/><T70/><D70/><U32/><E68/><V126/><F116/><W55/><G55/><T120/><D120/><U129/><E71/><V108/><F111/><W18/><AGARI ba="0,2" hai="6,10,11,13,15,18,56,63,64,87,89,95,121,123" machi="18" ten="30,4000,0" yaku="1,1,0,1,52,1,53,0" doraHai="90" doraHaiUra="43" who="3" fromWho="3" sc="240,-20,250,-10,250,-10,240,60" /><INIT seed="1,0,0,4,5,58" ten="220,240,240,300" oya="1" hai0="96,94,133,107,10,81,86,44,37,124,9,102,33" hai1="55,64,61,106,18,85,90,95,24,68,131,73,53" hai2="29,91,45,114,71,13,75,116,8,48,126,72,78" hai3="70,52,26,112,113,135,119,31,66,103,25,32,7"/><U62/><E131/><V38/><F38/><W56/><G135/><T76/><D33/><U97/><E73/><V83/><F116/><W132/><G132/><T47/><D133/><U109/><E109/><V20/><F71/><W118/><G7/><T120/><D120/><U27/><E106/><V5/><F126/><W74/><G74/><T105/><D124/><U82/><E18/><V100/><F100/><W4/><G4/><T14/><D10/><U1/><E1/><V110/><F110/><W15/><G15/><T49/><D37/><U3/><E3/><V117/><F91/><W59/><G103/><T63/><D63/><N who="1" m="24075" /><E64/><V89/><F89/><W16/><G66/><T60/><D60/><U42/><E42/><N who="2" m="24631" /><F117/><W40/><G40/><T129/><D129/><U134/><E134/><V108/><F114/><W111/><G111/><T123/><D123/><U88/><E68/><V80/><F80/><W2/><G2/><T43/><REACH who="0" step="1"/><D47/><REACH who="0" ten="210,240,240,300" step="2"/><U36/><E36/><V22/><F108/><W34/><G70/><T121/><D121/><U17/><E17/><AGARI ba="0,1" hai="9,14,17,43,44,49,76,81,86,94,96,102,105,107" machi="17" ten="30,2000,0" yaku="1,1,7,1,53,0" doraHai="58" doraHaiUra="69" who="0" fromWho="1" sc="210,30,240,-20,240,0,300,0" /><INIT seed="2,0,0,3,1,4" ten="240,220,240,300" oya="2" hai0="69,113,52,86,122,98,82,84,17,100,127,65,83" hai1="118,55,8,76,48,39,95,104,7,24,131,40,67" hai2="64,60,61,93,59,29,77,134,30,71,46,6,13" hai3="45,135,72,31,81,22,108,133,103,124,57,116,34"/><V3/><F3/><W126/><G116/><T18/><D122/><U49/><E104/><V68/><F134/><N who="3" m="51211" /><G103/><T74/><D113/><U14/><E131/><V23/><F77/><N who="3" m="44199" /><G108/><T101/><D127/><N who="3" m="48681" /><G57/><T75/><D65/><U11/><E67/><V9/><F46/><W117/><G117/><T89/><D69/><U51/><E118/><V62/><F71/><W10/><G22/><T70/><D70/><U111/><E111/><V54/><F61/><W87/><G45/><T90/><D98/><U115/><E115/><V80/><F80/><W32/><G31/><T26/><D26/><U63/><E24/><V125/><F125/><W130/><G87/><T41/><D41/><U94/><E40/><V58/><F68/><W129/><G10/><T21/><D21/><U2/><E11/><V85/><F23/><W106/><G106/><T12/><REACH who="0" step="1"/><D12/><REACH who="0" ten="230,220,240,300" step="2"/><U102/><E14/><V42/><F42/><W37/><G37/><T88/><D88/><AGARI ba="0,1" hai="6,9,13,29,30,54,58,59,60,62,64,85,88,93" machi="88" ten="40,7700,0" yaku="8,1,52,1,54,1" doraHai="4" who="2" fromWho="0" sc="230,-77,220,0,240,87,300,0" /><INIT seed="2,1,0,5,0,11" ten="153,220,327,300" oya="2" hai0="37,64,119,90,7,128,127,91,126,43,46,110,69" hai1="16,10,84,35,63,24,67,95,44,27,99,12,2" hai2="96,23,25,74,93,131,100,68,83,94,135,49,72" hai3="54,98,21,79,51,6,53,70,47,77,102,86,19"/><V124/><F68/><W50/><G6/><T13/><D119/><U52/><E2/><V29/><F124/><N who="0" m="47658" /><D110/><U120/><E120/><V73/><F131/><W109/><G70/><T81/><D128/><U48/><E35/><V20/><F135/><W111/><G111/><T14/><D7/><U62/><E84/><V41/><F41/><W30/><G30/><T56/><D69/><U60/><E67/><V105/><F83/><W22/><G22/><T82/><D82/><U18/><E18/><V8/><F8/><W55/><G86/><N who="0" m="50511" /><D91/><AGARI ba="1,0" hai="10,12,16,24,27,44,48,52,60,62,63,91,95,99" machi="91" ten="40,8000,1" yaku="8,1,52,1,54,2" doraHai="11" who="1" fromWho="0" sc="153,-83,220,83,327,0,300,0" /><INIT seed="3,0,0,0,0,116" ten="70,303,327,300" oya="3" hai0="56,125,100,103,20,22,123,122,94,90,91,32,23" hai1="80,66,79,93,9,21,38,117,49,40,126,37,115" hai2="48,2,57,11,85,8,59,14,71,98,135,129,131" hai3="81,99,68,132,106,46,58,109,62,128,12,42,107"/><W78/><G68/><T16/><D32/><U19/><E115/><V67/><F2/><W110/><G132/><T61/><D125/><U95/><E126/><V70/><F98/><W29/><G29/><T101/><D16/><U111/><E111/><N who="3" m="42506" /><G12/><T51/><D51/><U114/><E114/><V119/><F119/><W53/><G99/><T104/><D104/><U0/><E66/><V1/><F1/><W5/><G5/><T73/><D73/><N who="1" m="43119" /><E49/><V25/><F25/><W82/><G128/><N who="2" m="49225" /><F135/><W87/><G81/><T26/><D26/><N who="1" m="14655" /><E38/><AGARI ba="0,0" hai="38,42,46,53,58,62,78,82,87,106,107" m="42506" machi="38" ten="30,2900,0" yaku="14,1,10,1" doraHai="116" who="3" fromWho="1" sc="70,0,303,-29,327,0,300,29" /><INIT seed="3,1,0,4,5,99" ten="70,274,327,329" oya="3" hai0="74,66,14,63,30,109,43,57,73,42,46,54,112" hai1="23,75,129,16,32,15,111,44,45,71,116,69,101" hai2="97,79,127,81,121,80,120,51,36,20,115,56,62" hai3="52,95,61,100,28,18,68,83,50,125,39,92,40"/><W134/><G125/><T60/><D30/><U11/><E32/><V82/><F36/><W4/><G134/><T0/><D0/><U9/><E75/><V58/><F127/><W96/><G28/><T31/><D31/><U47/><E111/><V103/><F20/><W132/><G132/><T6/><D109/><U59/><E129/><V3/><F3/><W53/><G4/><T88/><D112/><U104/><E116/><V90/><F51/><W98/><G83/><T77/><D77/><U2/><E59/><V1/><F56/><N who="3" m="34951" /><G39/><T17/><D6/><U91/><E91/><V85/><F1/><W41/><G18/><T84/><D73/><U106/><E2/><V107/><F115/><W22/><G22/><T110/><D74/><U70/><REACH who="1" step="1"/><E101/><REACH who="1" ten="70,264,327,329" step="2"/><V89/><F89/><N who="3" m="55311" /><G68/><T72/><D72/><U33/><E33/><V86/><REACH who="2" step="1"/><F81/><REACH who="2" ten="70,264,317,329" step="2"/><W67/><G67/><AGARI ba="1,2" hai="58,62,67,79,80,82,85,86,90,97,103,107,120,121" machi="67" ten="40,5200,0" yaku="1,1,2,1,52,1,53,0" doraHai="99" doraHaiUra="114" who="2" fromWho="3" sc="70,0,264,0,317,75,329,-55" /><INIT seed="4,0,0,1,2,74" ten="70,264,392,274" oya="0" hai0="8,67,123,4,23,9,72,129,54,91,96,70,81" hai1="90,47,85,97,68,42,21,82,99,15,2,14,40" hai2="111,122,76,127,35,58,79,110,32,131,29,65,12" hai3="108,103,118,133,31,36,55,25,49,60,107,24,1"/><T128/><D123/><U51/><E2/><V73/><F122/><W121/><G121/><T26/><D70/><U62/><E68/><V45/><F73/><W134/><G108/><T69/><D69/><U105/><E105/><V116/><F45/><W88/><G36/><T37/><D67/><U84/><E62/><V10/><F29/><W43/><G1/><T115/><D115/><U113/><E113/><V5/><F127/><W100/><G43/><T78/><D37/><U16/><E42/><V75/><F75/><W95/><G60/><T39/><D39/><U56/><E56/><V63/><F131/><N who="0" m="50250" /><D54/><U52/><E40/><V34/><REACH who="2" step="1"/><F116/><REACH who="2" ten="70,264,382,274" step="2"/><W92/><G118/><T27/><D4/><U22/><E85/><V125/><F125/><W89/><G31/><N who="0" m="17887" /><D27/><U86/><E86/><V48/><F48/><W7/><G49/><T120/><D120/><U117/><E117/><V57/><F57/><W0/><G7/><T33/><D33/><U53/><E53/><V59/><F59/><W104/><G55/><T80/><D80/><U13/><E22/><V109/><AGARI ba="0,1" hai="5,10,12,32,34,35,58,63,65,76,79,109,110,111" machi="109" ten="40,8000,1" yaku="1,1,0,1,52,2,53,0" doraHai="74" doraHaiUra="46" who="2" fromWho="2" sc="70,-40,264,-20,382,90,274,-20" /><INIT seed="5,0,0,1,1,133" ten="30,244,472,254" oya="1" hai0="22,121,91,109,24,40,0,44,73,125,42,69,119" hai1="93,14,84,38,43,68,25,20,130,87,67,46,96" hai2="16,12,114,115,76,100,126,11,2,82,105,57,55" hai3="94,18,83,99,17,116,75,48,13,117,27,81,128"/><U41/><E130/><V132/><F2/><W70/><G70/><T118/><D0/><U50/><E68/><V129/><F132/><W29/><G128/><T113/><D109/><U112/><E112/><N who="2" m="43051" /><F129/><W21/><G48/><T58/><D113/><U66/><E14/><V54/><F126/><W62/><G62/><T47/><D69/><U98/><E38/><V36/><F36/><W72/><G18/><T9/><D73/><U65/><E43/><V85/><F57/><W4/><G4/><T51/><D91/><U95/><E93/><V31/><F31/><W52/><G52/><T101/><D9/><U37/><E37/><V26/><F26/><W53/><G53/><T90/><D90/><N who="1" m="55415" /><E98/><AGARI ba="0,0" hai="11,12,16,54,55,76,82,85,98,100,105" m="43051" machi="98" ten="30,3900,0" yaku="15,1,11,1,54,1" doraHai="133" who="2" fromWho="1" sc="30,0,244,-39,472,39,254,0" /><INIT seed="6,0,0,1,1,106" ten="30,205,511,254" oya="2" hai0="15,19,74,94,93,134,28,5,90,103,38,83,75" hai1="98,53,32,118,8,127,119,132,50,109,135,102,129" hai2="30,133,80,45,6,69,12,104,21,10,37,0,48" hai3="60,11,79,18,86,82,17,81,78,120,59,34,57"/><V63/><F37/><W96/><G34/><T51/><D38/><U65/><E32/><V9/><F104/><W25/><G120/><T114/><D5/><U131/><E8/><V49/><F69/><W2/><G96/><T56/><D28/><U89/><E109/><V73/><F63/><W20/><G2/><T35/><D35/><U7/><E7/><V99/><F99/><W116/><G116/><T124/><D124/><U27/><E27/><V110/><F133/><N who="1" m="51273" /><E89/><V107/><F107/><W100/><G100/><T97/><D134/><U105/><E65/><V68/><F68/><W111/><G111/><T77/><D114/><U55/><E55/><V91/><F91/><W88/><G78/><T58/><D51/><U70/><E70/><V3/><F49/><W76/><G79/><T87/><REACH who="0" step="1"/><D74/><REACH who="0" ten="20,205,511,254" step="2"/><U67/><E127/><V41/><F0/><W101/><G18/><T29/><D29/><U92/><E119/><V31/><F3/><W4/><G4/><T26/><D26/><U84/><E118/><V54/><F31/><W52/><G17/><T14/><D14/><U72/><E72/><V22/><F30/><W42/><G25/><T40/><D40/><U47/><E50/><V13/><F41/><W112/><G42/><T62/><D62/><U44/><E131/><V126/><F126/><W108/><G60/><T33/><D33/><U64/><E129/><V43/><F43/><W113/><G112/><T123/><D123/><U130/><E130/><V39/><F39/><W24/><G113/><T23/><AGARI ba="0,1" hai="15,19,23,56,58,75,77,83,87,90,93,94,97,103" machi="23" ten="20,5200,0" yaku="1,1,0,1,7,1,52,1,53,0" doraHai="106" doraHaiUra="71" who="0" fromWho="0" sc="20,62,205,-13,511,-26,254,-13" /><INIT seed="7,0,0,5,4,83" ten="82,192,485,241" oya="3" hai0="16,40,60,62,96,6,66,4,122,112,69,56,11" hai1="18,88,51,106,109,125,100,32,97,57,82,54,42" hai2="13,53,58,25,44,31,46,5,3,101,8,9,133" hai3="2,34,121,118,81,75,39,55,111,87,45,135,41"/><W98/><G118/><T59/><D122/><U28/><E109/><V38/><F101/><W47/><G121/><T84/><D96/><U20/><E125/><V92/><F92/><W85/><G135/><T130/><D69/><U76/><E32/><V116/><F38/><W24/><G111/><T63/><D130/><U103/><E28/><V93/><F93/><W26/><G98/><T64/><D112/><U29/><E29/><V77/><F77/><W14/><G14/><T78/><D60/><U33/><E33/><V67/><F67/><W70/><G70/><T119/><D40/><U94/><E42/><V127/><F127/><W134/><G134/><T10/><D119/><U132/><E106/><V17/><F133/><W0/><G34/><T129/><D129/><U49/><E49/><V22/><F116/><W126/><G126/><T104/><D104/><U123/><E123/><V48/><AGARI ba="0,0" hai="3,5,8,9,13,17,22,25,31,44,46,48,53,58" machi="48" ten="20,1500,0" yaku="0,1,7,1" doraHai="83" who="2" fromWho="2" sc="82,-4,192,-4,485,15,241,-7" owari="78,-42.0,188,-21.0,500,60.0,234,3.0" /></mjloggm>