<mjloggm ver="2.3"><GO type="169" lobby="0"/><UN n0="%E6%84%9A%E5%BE%B9" n1="%E3%83%95%E3%82%A1%E3%83%8B%E3%81%93%E3%82%8C%E5%90%9B%52" n2="%E8%B0%B7%E5%8F%A3%E3%81%93%E3%81%86%E3%81%B8%E3%81%84" n3="%40%6B%6B%6B" dan="16,16,18,16" rate="2077.12,2091.81,2310.91,2137.27" sx="M,M,M,M"/><TAIKYOKU oya="0"/><INIT seed="0,0,0,0,5,49" ten="250,250,250,250" oya="0" hai0="26,13,97,103,88,115,86,91,95,56,33,12,54" hai1="92,50,17,43,69,133,11,3,19,127,46,39,98" hai2="61,101,135,78,67,23,72,16,82,41,99,71,126" hai3="94,0,48,25,62,53,90,85,130,96,34,134,58"/><T116/><D115/><U111/><E69/><V110/><F110/><W121/><G0/><T64/><D116/><U87/><E111/><V66/><F126/><W22/><G34/><T129/><D64/><U117/><E133/><V102/><F135/><W35/><G35/><T79/><D129/><U40/><E127/><V112/><F112/><W4/><G134/><T113/><D113/><U106/><E117/><V57/><F41/><W47/><G121/><T5/><D5/><U108/><E43/><V38/><F38/><W42/><G4/><T76/><D33/><U18/><E108/><V100/><F71/><W118/><G118/><T59/><D26/><U93/><E106/><V14/><REACH who="2" step="1"/><F67/><REACH who="2" ten="250,250,240,250" step="2"/><W89/><G130/><T8/><D79/><U15/><E39/><V20/><F20/><W84/><REACH who="3" step="1"/><G90/><REACH who="3" ten="250,250,240,240" step="2"/><T122/><D91/><N who="1" m="53375" /><E3/><V104/><AGARI ba="0,2" hai="14,16,23,57,61,66,72,78,82,99,100,101,102,104" machi="104" ten="20,5200,0" yaku="1,1,0,1,7,1,54,1,53,0" doraHai="49" doraHaiUra="70" who="2" fromWho="2" sc="250,-26,250,-13,240,72,240,-13" /><INIT seed="1,0,0,5,0,97" ten="224,237,312,227" oya="1" hai0="70,4,132,83,114,112,93,72,96,121,19,34,94" hai1="122,37,66,8,43,110,63,128,6,109,32,117,118" hai2="91,133,0,11,95,35,67,18,80,53,56,22,119" hai3="28,62,79,5,38,10,13,104,24,92,125,29,47"/><U25/><E32/><V49/><F133/><W7/><G104/><T17/><D70/><N who="1" m="42335" /><E25/><V33/><F119/><N who="1" m="45577" /><E8/><V15/><F67/><W16/><G125/><T65/><D132/><U108/><E6/><V27/><F80/><W135/><G135/><T23/><D34/><U124/><E124/><V52/><F53/><W61/><G79/><T59/><D121/><U55/><E122/><V127/><F127/><W60/><G92/><T76/><D4/><U71/><E128/><V68/><F68/><W123/><G123/><T115/><D94/><U69/><E55/><V77/><F77/><W20/><G29/><T98/><D98/><U131/><E131/><V31/><REACH who="2" step="1"/><F0/><REACH who="2" ten="224,237,302,227" step="2"/><W58/><REACH who="3" step="1"/><G58/><REACH who="3" ten="224,237,302,217" step="2"/><T103/><D59/><U81/><E81/><V74/><F74/><W99/><G99/><AGARI ba="0,2" hai="11,15,18,22,27,31,33,35,49,52,56,91,95,99" machi="99" ten="30,3900,0" yaku="1,1,7,1,54,1,53,0" doraHai="97" doraHaiUra="113" who="2" fromWho="3" sc="224,0,237,0,302,59,217,-39" /><INIT seed="2,0,0,2,5,31" ten="224,237,361,178" oya="2" hai0="35,84,43,50,24,99,0,125,85,58,15,110,79" hai1="94,38,100,29,93,53,132,74,28,67,76,56,120" hai2="57,41,135,106,33,104,54,25,91,13,87,73,3" hai3="90,11,37,39,107,98,1,116,27,36,66,71,77"/><V81/><F3/><W18/><G77/><T113/><D113/><U89/><E38/><V23/><F135/><W5/><G116/><T62/><D0/><U12/><E120/><V47/><F73/><W115/><G115/><T14/><D110/><U109/><E132/><V61/><F13/><W4/><G4/><T40/><D125/><U55/><E109/><V19/><REACH who="2" step="1"/><F33/><REACH who="2" ten="224,237,351,178" step="2"/><W72/><G72/><T49/><D35/><U130/><E74/><V86/><F86/><W82/><G1/><T70/><D24/><U17/><E12/><V134/><F134/><W64/><G27/><T16/><D15/><U108/><E108/><V80/><F80/><W48/><G82/><N who="0" m="47199" /><D85/><U78/><E78/><V65/><F65/><W51/><G66/><N who="0" m="39255" /><D99/><U114/><E76/><V111/><F111/><W88/><G64/><T105/><D70/><U102/><E67/><V112/><F112/><W8/><G71/><T10/><D105/><U123/><E114/><V126/><F126/><W9/><G107/><T96/><D96/><U20/><E123/><V46/><F46/><W124/><G98/><T118/><D118/><U75/><E75/><V121/><F121/><W6/><G124/><T68/><D68/><U127/><E127/><V97/><F97/><W129/><G5/><T7/><D7/><U83/><E83/><V60/><F60/><W133/><G6/><T45/><D45/><U63/><E63/><V119/><F119/><W59/><G133/><T69/><D69/><U101/><E101/><V34/><F34/><W128/><G59/><T26/><D26/><U92/><E56/><RYUUKYOKU ba="0,1" sc="224,15,237,-15,351,15,178,-15" hai0="10,14,16,40,43,49,50" hai2="19,23,25,41,47,54,57,61,81,87,91,104,106" /><INIT seed="2,1,1,2,0,39" ten="239,222,366,163" oya="2" hai0="43,75,32,131,28,128,132,15,17,51,81,91,105" hai1="44,35,135,56,93,87,74,41,3,99,71,57,107" hai2="69,114,110,126,119,104,94,77,49,10,125,102,18" hai3="6,108,124,90,40,86,2,4,82,67,115,98,5"/><V21/><F114/><W45/><G115/><T92/><D132/><U23/><E35/><V83/><F69/><W9/><G108/><T85/><D28/><U12/><E71/><V134/><F119/><W109/><G109/><T127/><D32/><U42/><E3/><V52/><F110/><W24/><G124/><N who="2" m="47721" /><F10/><W27/><G67/><T63/><D63/><U53/><E74/><V73/><F104/><W8/><G98/><T11/><D105/><U112/><E135/><V16/><F134/><W37/><REACH who="3" step="1"/><G5/><REACH who="3" ten="239,222,366,153" step="2"/><T14/><D127/><U111/><E99/><N who="2" m="59767" /><F21/><W103/><G103/><T22/><D131/><U7/><E112/><V54/><F54/><W97/><G97/><T79/><D128/><U61/><E111/><V122/><F122/><W34/><G34/><T19/><D22/><U25/><E23/><V68/><F68/><W31/><G31/><T64/><D64/><U100/><E100/><V1/><F1/><AGARI ba="1,2" hai="1,2,4,6,8,9,24,27,37,40,45,82,86,90" machi="1" ten="30,12000,2" yaku="1,1,7,1,9,1,52,1,53,2" doraHai="39" doraHaiUra="0" who="3" fromWho="2" sc="239,0,222,0,366,-123,153,143" /><INIT seed="3,0,0,5,0,72" ten="239,222,243,296" oya="3" hai0="130,127,60,126,33,9,5,47,74,77,40,106,67" hai1="48,90,38,128,30,96,133,28,52,16,86,1,50" hai2="110,83,0,95,94,12,99,34,11,26,82,10,37" hai3="62,13,43,63,58,4,98,56,100,104,134,51,68"/><W61/><G68/><N who="0" m="42087" /><D106/><U88/><E1/><V31/><F110/><W44/><REACH who="3" step="1"/><G134/><REACH who="3" ten="239,222,243,286" step="2"/><T64/><D130/><U91/><E133/><V93/><F99/><W36/><G36/><N who="0" m="21895" /><D64/><U15/><E38/><V92/><F37/><W125/><G125/><T59/><D59/><N who="1" m="33159" /><E50/><V20/><F34/><W55/><G55/><T84/><D33/><U85/><E96/><V71/><F71/><W23/><G23/><T49/><D49/><U65/><E65/><V80/><N who="2" m="23552" /><DORA hai="79" /><V97/><F97/><W117/><G117/><T105/><D105/><U24/><E128/><V54/><F54/><W69/><G69/><T132/><D132/><U17/><E24/><V27/><F27/><W39/><G39/><T70/><D70/><U66/><E66/><V73/><F73/><W76/><G76/><T115/><D115/><U123/><E123/><V25/><F25/><W118/><G118/><T2/><D84/><N who="1" m="32363" /><E17/><V107/><F107/><W41/><G41/><T103/><D103/><U22/><AGARI ba="0,1" hai="15,16,22,28,30,88,90,91" m="32363,33159" machi="22" ten="30,7900,0" yaku="8,1,54,3" doraHai="72,79" who="1" fromWho="1" sc="239,-20,222,89,243,-20,286,-39" /><INIT seed="4,0,0,2,5,74" ten="219,311,223,247" oya="0" hai0="87,26,8,2,33,43,131,31,97,42,95,110,6" hai1="51,78,15,119,59,126,61,129,9,123,109,32,112" hai2="71,125,122,99,66,93,5,54,111,38,81,91,83" hai3="48,18,0,120,55,115,52,76,127,11,85,114,124"/><T121/><D121/><U53/><E32/><V35/><F122/><W104/><G104/><T23/><D131/><U133/><E123/><V21/><F35/><W46/><G120/><T57/><D110/><U102/><E109/><V40/><F111/><W100/><G100/><T44/><D44/><U30/><E133/><V135/><F135/><W41/><G18/><T98/><D98/><U90/><E129/><V92/><F125/><N who="3" m="48203" /><G11/><T39/><D39/><U69/><E112/><N who="3" m="43050" /><G0/><T68/><D68/><U84/><E102/><V34/><F34/><W7/><G7/><T3/><D3/><U20/><E119/><V36/><F71/><W105/><G105/><T116/><D116/><U13/><E126/><V49/><F5/><W107/><G107/><T45/><D45/><U14/><E69/><V88/><F21/><W113/><G113/><T22/><D57/><U128/><E128/><V50/><F40/><W70/><G70/><T86/><D23/><U10/><E20/><V56/><F99/><W60/><G60/><T19/><D43/><U25/><E30/><V65/><F56/><W80/><AGARI ba="0,0" hai="41,46,48,52,55,76,80,85" m="43050,48203" machi="80" ten="40,8000,1" yaku="18,1,15,1,52,1,54,1" doraHai="74" who="3" fromWho="3" sc="219,-40,311,-20,223,-20,247,80" /><INIT seed="5,0,0,0,3,31" ten="179,291,203,327" oya="1" hai0="87,40,2,74,126,48,3,59,102,89,9,26,112" hai1="75,88,34,114,20,42,99,108,94,32,4,85,105" hai2="0,80,6,22,56,69,81,18,43,30,16,68,27" hai3="63,132,13,107,65,83,116,111,115,127,67,64,125"/><U101/><E75/><V50/><F68/><W77/><G107/><T110/><D74/><U37/><E108/><V57/><F69/><W73/><G111/><T79/><D110/><U1/><E114/><V118/><F118/><W84/><G115/><T49/><D112/><U95/><E105/><V41/><F0/><W103/><G103/><T58/><D126/><N who="3" m="48137" /><G132/><T5/><D3/><U7/><E20/><V14/><F6/><W117/><G63/><T21/><D79/><U47/><REACH who="1" step="1"/><E7/><REACH who="1" ten="179,281,203,327" step="2"/><V35/><F22/><W100/><G73/><T82/><D102/><U28/><E28/><V52/><F30/><W129/><G100/><T25/><D21/><U44/><E44/><V134/><F18/><W78/><G117/><T23/><D23/><U15/><E15/><V38/><F14/><W109/><G116/><T62/><D26/><U130/><E130/><V91/><F16/><W8/><G109/><T45/><D25/><U51/><E51/><V133/><F27/><W96/><G129/><T19/><D19/><U86/><E86/><V76/><F50/><W113/><G113/><T104/><D104/><U71/><E71/><V54/><F38/><W92/><G13/><T135/><D135/><U55/><E55/><V98/><F134/><W93/><G84/><T119/><D119/><U70/><E70/><V29/><F133/><W36/><G36/><N who="0" m="21639" /><D62/><U46/><E46/><V61/><F29/><W66/><G66/><T124/><D124/><U11/><AGARI ba="0,1" hai="1,4,11,32,34,37,42,47,85,88,94,95,99,101" machi="11" ten="30,18000,2" yaku="1,1,0,1,52,2,54,1,53,1" doraHai="31" doraHaiUra="33" who="1" fromWho="1" sc="179,-60,281,190,203,-60,327,-60" /><INIT seed="5,1,0,2,4,87" ten="119,471,143,267" oya="1" hai0="26,29,53,118,36,67,79,130,94,123,42,54,19" hai1="62,105,74,59,7,126,85,101,81,17,97,112,31" hai2="55,110,8,12,122,18,98,64,45,115,108,9,121" hai3="30,61,2,34,16,127,6,11,50,22,89,90,38"/><U44/><E126/><V0/><F64/><W75/><G38/><T111/><D111/><N who="2" m="42538" /><F55/><W95/><G75/><T133/><D118/><U14/><E112/><V80/><F45/><W41/><G127/><T70/><D130/><U132/><E132/><V65/><F65/><W86/><G61/><T72/><D133/><U100/><E100/><V48/><F48/><W102/><G102/><T1/><D123/><N who="2" m="47114" /><F80/><W131/><G131/><T88/><D19/><U20/><E44/><V37/><F37/><W106/><G106/><T3/><D54/><U84/><E31/><V69/><F98/><W43/><G50/><T114/><D114/><U109/><E109/><V58/><F58/><W124/><G124/><T91/><D53/><U78/><E7/><N who="2" m="1127" /><F69/><W107/><G107/><T129/><D129/><U47/><E47/><V23/><F115/><W68/><G68/><T103/><D42/><U116/><E116/><V128/><F128/><W125/><G125/><T92/><D103/><U4/><E4/><V113/><F113/><W83/><G43/><T39/><D79/><U66/><AGARI ba="1,0" hai="14,17,20,59,62,66,74,78,81,84,85,97,101,105" machi="66" ten="20,2100,0" yaku="0,1,7,1" doraHai="87" who="1" fromWho="1" sc="119,-8,471,24,143,-8,267,-8" /><INIT seed="5,2,0,0,1,95" ten="111,495,135,259" oya="1" hai0="31,38,67,69,8,97,39,130,102,81,27,103,135" hai1="115,35,98,78,4,92,24,25,55,50,53,19,30" hai2="75,1,56,93,63,2,106,123,41,5,57,16,131" hai3="105,112,9,101,83,43,62,52,87,70,72,15,11"/><U17/><E78/><V58/><F106/><W47/><G72/><T54/><D103/><U129/><E129/><V37/><F123/><W48/><G112/><T84/><D135/><U82/><E115/><V79/><F131/><W90/><G11/><T22/><D130/><U126/><E126/><V127/><F127/><W100/><G105/><T32/><D54/><U23/><E82/><V64/><F37/><W125/><G125/><T88/><D22/><U7/><E19/><V61/><F41/><W49/><G62/><N who="0" m="40183" /><D8/><U65/><E55/><V6/><F58/><W77/><G70/><T107/><AGARI ba="2,0" hai="27,31,32,38,39,81,84,88,97,102,107" m="40183" machi="107" ten="30,4000,0" yaku="25,1,52,1,54,1" doraHai="95" who="0" fromWho="0" sc="111,46,495,-22,135,-12,259,-12" /><INIT seed="6,0,0,0,4,133" ten="157,473,123,247" oya="2" hai0="94,38,27,41,40,108,58,122,12,107,35,65,64" hai1="36,63,51,109,113,120,84,87,132,69,116,71,83" hai2="59,88,11,56,26,91,32,78,114,21,52,30,7" hai3="28,14,25,4,131,124,13,96,39,128,106,112,15"/><V92/><F114/><W118/><G39/><T46/><D107/><U34/><E87/><V66/><F78/><W5/><G118/><T45/><D108/><U23/><E84/><V16/><F66/><W102/><G112/><T0/><D0/><U75/><E63/><V89/><F92/><W103/><G103/><T98/><D12/><U67/><E51/><V47/><F32/><N who="3" m="20495" /><G124/><T70/><D70/><U54/><E23/><N who="2" m="15711" /><F7/><W1/><G1/><T76/><D122/><U19/><E67/><V61/><F11/><W77/><G77/><T125/><D76/><U8/><E83/><V43/><F43/><W90/><G90/><T99/><D125/><U42/><E8/><V135/><F135/><W17/><G17/><T55/><D27/><U123/><E42/><V119/><F119/><W20/><G20/><T53/><D94/><U95/><E19/><V129/><F129/><AGARI ba="0,0" hai="4,5,13,14,15,96,102,106,128,129,131" m="20495" machi="129" ten="30,1000,0" yaku="19,1" doraHai="133" who="3" fromWho="2" sc="157,0,473,0,123,-10,247,10" /><INIT seed="7,0,0,2,0,118" ten="157,473,113,257" oya="3" hai0="11,105,74,4,85,125,82,64,62,96,2,20,50" hai1="133,63,94,23,52,107,9,45,88,19,126,26,103" hai2="34,91,56,120,122,12,30,32,5,135,8,53,113" hai3="29,121,57,90,101,14,102,70,114,71,123,40,98"/><W18/><G29/><T7/><D125/><U68/><E107/><V46/><F113/><W72/><G72/><T75/><D7/><U48/><E133/><V44/><F135/><W33/><G33/><N who="2" m="12905" /><F91/><W3/><G3/><T73/><D50/><U111/><E111/><V66/><F66/><W31/><G31/><T61/><D20/><U110/><E126/><V49/><F30/><W47/><G90/><T119/><D119/><U80/><E110/><V15/><F12/><W104/><G57/><T79/><REACH who="0" step="1"/><D64/><REACH who="0" ten="147,473,113,257" step="2"/><U130/><E130/><V134/><F134/><W84/><G114/><T97/><D97/><N who="1" m="59831" /><E68/><V1/><F1/><W132/><G132/><T54/><D54/><U81/><E88/><V28/><F28/><W43/><G98/><T16/><D16/><N who="1" m="12647" /><E63/><V0/><F0/><W115/><G18/><T86/><D86/><U112/><E112/><V38/><F38/><W22/><G84/><T36/><D36/><U69/><E69/><V51/><F49/><W42/><G71/><T76/><D76/><U124/><E124/><V6/><F5/><W87/><G70/><T21/><D21/><U10/><E10/><V108/><F108/><W77/><G22/><T67/><D67/><U58/><E45/><V92/><F92/><W127/><G47/><T17/><D17/><U95/><E95/><V41/><F41/><W13/><G115/><T59/><D59/><U93/><E93/><V117/><F117/><W99/><G127/><T25/><D25/><U24/><E24/><V116/><F116/><W78/><G78/><T89/><D89/><U27/><E27/><RYUUKYOKU ba="0,1" sc="147,10,473,10,113,10,257,-30" hai0="2,4,11,61,62,73,74,75,79,82,85,96,105" hai1="9,19,48,52,58,80,81" hai2="6,8,15,44,46,51,53,56,120,122" owari="157,-24.0,493,59.0,123,-38.0,227,3.0" /></mjloggm>