<mjloggm ver="2.3"><GO type="169" lobby="0"/><UN n0="%E3%82%8F%E3%81%98%E2%98%86%E5%BD%A1" n1="%E3%81%B4%E3%81%8A%E3%81%B4%E3%81%8A%EF%BC%91%EF%BC%91" n2="%69%71%31%38%30%E7%9C%9F%E5%89%A3%E6%A7%98" n3="%6B%6F%6B%6F%72%6F%6E%69" dan="17,18,16,16" rate="2190.43,2271.15,2099.81,2145.02" sx="M,M,M,M"/><TAIKYOKU oya="0"/><INIT seed="0,0,0,4,1,127" ten="250,250,250,250" oya="0" hai0="55,99,91,128,95,68,40,15,8,13,132,65,38" hai1="106,130,27,19,84,28,88,123,24,80,0,1,124" hai2="60,61,31,97,54,44,74,7,81,76,125,47,111" hai3="37,89,4,103,50,10,43,119,100,63,36,108,64"/><T85/><D132/><U126/><E123/><V129/><F125/><N who="1" m="48233" /><E106/><V29/><F111/><W67/><G67/><T39/><D68/><U25/><E28/><V30/><F7/><W35/><G35/><T78/><D65/><U102/><E102/><V96/><F129/><W107/><G107/><T83/><D128/><U82/><E130/><V113/><F113/><W118/><G108/><T98/><D40/><U121/><E121/><V23/><F23/><W134/><G134/><T16/><D55/><U5/><E5/><V75/><F54/><W101/><G89/><T9/><REACH who="0" step="1"/><D99/><REACH who="0" ten="240,250,250,250" step="2"/><U92/><E19/><AGARI ba="0,1" hai="8,9,13,15,16,19,38,39,78,83,85,91,95,98" machi="19" ten="30,12000,1" yaku="1,1,2,1,7,1,9,1,54,1,53,0" doraHai="127" doraHaiUra="105" who="0" fromWho="1" sc="240,130,250,-120,250,0,250,0" /><INIT seed="0,1,0,2,5,114" ten="370,130,250,250" oya="0" hai0="22,25,5,87,91,63,62,73,74,115,84,69,88" hai1="51,80,67,82,70,7,2,43,92,4,95,18,108" hai2="75,119,134,30,53,10,54,135,29,123,83,13,104" hai3="100,118,113,32,0,65,57,129,39,97,98,59,117"/><T41/><D115/><U85/><E108/><V19/><F123/><W45/><G0/><T52/><D41/><U133/><E133/><V77/><F104/><W116/><G113/><T60/><D69/><U121/><E121/><V17/><F17/><W36/><G32/><T109/><D109/><U8/><E7/><V58/><F54/><W132/><G132/><N who="2" m="50729" /><F119/><W28/><G28/><T71/><D71/><U46/><E70/><V15/><F13/><W106/><G129/><T128/><D5/><U11/><E67/><V38/><F38/><W1/><G1/><T47/><D128/><U79/><E82/><V34/><F34/><W130/><G130/><T49/><D87/><U94/><E18/><V21/><F21/><W81/><G81/><T27/><D91/><U96/><REACH who="1" step="1"/><E11/><REACH who="1" ten="370,120,250,250" step="2"/><V64/><F64/><W42/><G65/><T72/><REACH who="0" step="1"/><D22/><REACH who="0" ten="360,120,250,250" step="2"/><U26/><E26/><V131/><F131/><W93/><REACH who="3" step="1"/><G39/><REACH who="3" ten="360,120,250,240" step="2"/><T12/><D12/><U111/><E111/><V76/><F76/><W101/><AGARI ba="1,3" hai="36,42,45,57,59,93,97,98,100,101,106,116,117,118" machi="101" ten="40,12000,2" yaku="1,1,2,1,0,1,52,3,53,0" doraHai="114" doraHaiUra="56" who="3" fromWho="3" sc="360,-61,120,-31,250,-31,240,153" /><INIT seed="1,0,0,0,2,33" ten="299,89,219,393" oya="1" hai0="21,37,65,80,117,38,82,68,2,24,1,72,45" hai1="5,60,16,78,104,87,31,25,90,55,19,121,98" hai2="116,34,58,69,91,96,122,53,52,127,77,13,32" hai3="7,42,43,133,135,61,9,92,57,79,71,63,74"/><U50/><E121/><V108/><F122/><W131/><G131/><T130/><D117/><U94/><E5/><V0/><F116/><W129/><G129/><T134/><D130/><U48/><E60/><V93/><F69/><W51/><G79/><T132/><D65/><U75/><E75/><V99/><F108/><W118/><G74/><T70/><D21/><U59/><E50/><V20/><F77/><W95/><G118/><T41/><D24/><U44/><E44/><V64/><F64/><N who="3" m="41359" /><G95/><T54/><D54/><U27/><E27/><V81/><F81/><N who="0" m="31338" /><D72/><U88/><E78/><V30/><F34/><W14/><G92/><T39/><D68/><U40/><E40/><V76/><F76/><W115/><G115/><T73/><D70/><U103/><REACH who="1" step="1"/><E90/><REACH who="1" ten="299,79,219,393" step="2"/><V26/><F91/><W86/><G43/><T105/><D73/><U46/><E46/><V97/><F26/><W56/><G42/><T17/><D45/><U109/><E109/><V124/><F53/><W101/><G51/><T111/><D41/><U84/><E84/><V23/><F52/><W125/><G63/><T106/><D111/><U102/><E102/><V4/><F4/><W119/><G101/><T15/><D39/><U11/><E11/><V18/><F58/><W62/><G86/><T112/><D38/><U67/><E67/><V28/><F97/><W10/><G10/><N who="0" m="6391" /><D37/><U110/><E110/><V107/><F99/><W47/><G47/><T123/><D123/><U12/><E12/><V128/><F96/><W22/><G119/><T35/><D112/><U66/><E66/><V3/><F128/><RYUUKYOKU ba="0,1" sc="299,-10,79,30,219,-10,393,-10" hai1="16,19,25,31,48,55,59,87,88,94,98,103,104" /><INIT seed="1,1,1,1,3,5" ten="289,109,209,383" oya="1" hai0="20,123,93,119,110,45,125,122,39,83,15,100,131" hai1="74,78,130,117,14,121,9,48,88,102,104,50,116" hai2="55,103,2,86,40,75,114,43,12,135,64,13,99" hai3="11,87,35,36,0,106,8,62,133,56,92,41,59"/><U7/><E121/><N who="0" m="46089" /><D110/><U68/><E68/><V21/><F2/><W10/><G106/><T66/><D119/><U27/><E130/><V53/><F75/><W98/><G35/><T38/><D66/><U24/><E116/><V63/><F86/><W82/><G0/><T91/><D100/><U84/><E117/><V4/><F135/><W69/><G133/><T128/><D83/><U44/><E74/><V54/><F114/><W79/><G36/><N who="0" m="13867" /><D45/><U80/><E78/><V76/><F76/><W77/><G41/><T18/><D125/><U113/><E113/><V111/><F111/><W65/><REACH who="3" step="1"/><G79/><REACH who="3" ten="289,109,209,373" step="2"/><T31/><D31/><U90/><E90/><AGARI ba="1,2" hai="8,10,11,56,59,62,65,69,77,82,87,90,92,98" machi="90" ten="40,12000,2" yaku="1,1,2,1,52,3,53,1" doraHai="5" doraHaiUra="85" who="3" fromWho="1" sc="289,0,109,-123,209,0,373,143" owari="289,9.0,-14,-51.0,209,-19.0,516,61.0" /></mjloggm>