<mjloggm ver="2.3"><GO type="169" lobby="0"/><UN n0="%33%6E%6F%6D%79%5F%64%73" n1="%E3%83%A4%E3%82%B3%E3%83%96%E7%94%B0%E4%B8%AD" n2="%E4%BA%BA%E7%94%9F%E3%81%9C%E3%82%93%E3%81%A4%E3%81%A3%E3%81%B1" n3="%E3%81%B8%E3%82%80%E3%81%B8%E3%82%80%EF%BC%92%E5%8F%B7" dan="17,16,18,17" rate="2159.87,2103.65,2205.04,2154.30" sx="M,F,M,M"/><TAIKYOKU oya="0"/><INIT seed="0,0,0,0,1,38" ten="250,250,250,250" oya="0" hai0="60,105,11,39,41,121,47,63,77,87,48,66,119" hai1="69,49,78,125,84,128,80,29,70,93,14,104,64" hai2="40,25,102,96,56,103,92,53,100,8,19,15,108" hai3="110,16,124,24,106,54,107,74,37,28,10,44,88"/><T85/><D105/><U21/><E104/><V131/><F108/><W76/><G110/><T20/><D121/><U112/><E128/><V36/><F131/><W0/><G124/><T65/><D119/><U79/><E125/><V17/><F36/><W109/><G109/><T122/><D122/><U42/><E79/><V113/><F113/><W73/><G88/><T57/><D77/><U83/><E83/><V55/><F40/><W117/><G117/><T27/><D11/><U1/><E1/><V82/><F82/><W43/><G54/><T6/><D6/><U13/><E64/><V133/><F133/><W35/><G73/><T98/><D98/><U126/><E112/><V97/><F56/><W7/><G16/><T129/><D39/><U91/><E14/><V31/><F19/><W120/><G120/><T23/><D129/><U90/><E91/><V68/><F68/><W71/><G71/><T34/><D34/><U81/><E80/><AGARI ba="0,0" hai="0,7,10,24,28,35,37,43,44,74,76,80,106,107" machi="80" ten="40,12000,2" yaku="25,2,33,3,52,1" doraHai="38" who="3" fromWho="1" sc="250,0,250,-120,250,0,250,120" /><INIT seed="1,0,0,3,1,33" ten="250,130,250,370" oya="1" hai0="39,10,87,2,38,59,3,35,37,119,68,84,94" hai1="105,82,20,122,17,112,18,40,41,99,127,91,51" hai2="71,86,131,109,117,36,29,14,121,103,19,46,81" hai3="54,57,65,134,24,22,66,100,60,34,6,69,55"/><U97/><E112/><V49/><F121/><W80/><G134/><T133/><D68/><U70/><E122/><V107/><F117/><W16/><G34/><T15/><D133/><U5/><E70/><V52/><F109/><W114/><G114/><T93/><D35/><U108/><E127/><V4/><F131/><W28/><G100/><T128/><D128/><U88/><E108/><V45/><F4/><W63/><G6/><T129/><D129/><U95/><E105/><V12/><F29/><W11/><G11/><T85/><D59/><U64/><E64/><V27/><F71/><W124/><G124/><T116/><D15/><U47/><E5/><V111/><F111/><W48/><G28/><T92/><D10/><U78/><E40/><V126/><F126/><W75/><REACH who="3" step="1"/><G48/><REACH who="3" ten="250,130,250,360" step="2"/><T30/><REACH who="0" step="1"/><D30/><REACH who="0" ten="240,130,250,360" step="2"/><U73/><REACH who="1" step="1"/><E20/><REACH who="1" ten="240,120,250,360" step="2"/><V101/><F107/><W72/><G72/><T104/><D104/><U98/><E98/><V106/><F106/><W56/><G56/><T113/><D113/><U89/><E89/><V115/><F115/><W23/><G23/><T8/><D8/><U26/><E26/><V135/><F27/><W61/><G61/><T43/><D43/><U74/><E74/><V102/><F135/><W123/><G123/><T77/><D77/><AGARI ba="0,3" hai="16,22,24,54,55,57,60,63,65,66,69,75,77,80" machi="77" ten="40,2600,0" yaku="1,1,54,1,53,0" doraHai="33" doraHaiUra="96" who="3" fromWho="0" sc="240,-26,120,0,250,0,360,56" /><INIT seed="2,0,0,3,2,96" ten="214,120,250,416" oya="2" hai0="66,17,2,15,87,45,103,29,26,9,73,41,127" hai1="118,40,94,97,25,42,71,133,63,51,35,81,83" hai2="117,130,22,75,58,16,23,56,24,8,90,112,7" hai3="53,10,122,106,30,115,13,107,126,52,14,79,67"/><V50/><F117/><W19/><G122/><T131/><D73/><U125/><E118/><V33/><F112/><W27/><G115/><T84/><D131/><U74/><E133/><V114/><F114/><W77/><G126/><T91/><D127/><U37/><E37/><V78/><F130/><W128/><G67/><T86/><D2/><U119/><E125/><V109/><F33/><W57/><G128/><T100/><D66/><U44/><E74/><V32/><F32/><W129/><G129/><T105/><D91/><U99/><E42/><V34/><F34/><W61/><G13/><T108/><D105/><U46/><E44/><V82/><F109/><W47/><G106/><T132/><D132/><U134/><E99/><V68/><F68/><W110/><G107/><T0/><D0/><U76/><E134/><V69/><F69/><W135/><G135/><T80/><D80/><U88/><E76/><V43/><F23/><N who="3" m="15743" /><G110/><T59/><D59/><U101/><E119/><V5/><F90/><W38/><G38/><T85/><N who="0" m="21504" /><DORA hai="55" /><T72/><D72/><U89/><E81/><V1/><REACH who="2" step="1"/><F5/><REACH who="2" ten="214,120,240,416" step="2"/><W21/><G21/><N who="0" m="15567" /><D108/><U6/><E6/><V121/><F121/><W12/><G79/><T62/><D62/><U124/><E124/><V120/><F120/><W11/><G77/><T65/><D65/><U116/><E116/><V95/><F95/><W102/><G61/><T36/><D36/><U49/><E63/><V98/><F98/><W70/><G70/><T4/><D4/><U64/><E71/><V48/><F48/><W104/><G104/><T123/><D123/><RYUUKYOKU ba="0,1" sc="214,15,120,-15,240,15,416,-15" hai0="9,15,17,41,45,100,103" hai2="1,7,8,16,22,24,43,50,56,58,75,78,82" /><INIT seed="2,1,1,4,5,13" ten="229,105,255,401" oya="2" hai0="73,68,30,32,26,96,21,123,127,6,78,93,108" hai1="124,97,35,135,81,85,38,99,90,25,16,33,43" hai2="122,46,2,95,5,14,10,94,18,58,92,4,15" hai3="31,131,41,63,87,84,86,52,67,57,62,8,9"/><V133/><F122/><W101/><G131/><T72/><D108/><U125/><E43/><V115/><F115/><W109/><G109/><T132/><D132/><U64/><E38/><V49/><F133/><W23/><G101/><T88/><D127/><N who="1" m="48715" /><E64/><V53/><F4/><W37/><G37/><T89/><D68/><U98/><E135/><V114/><F114/><W3/><G3/><T29/><D123/><U105/><E105/><V76/><F76/><W118/><G41/><T39/><D39/><U11/><E11/><N who="3" m="4170" /><G118/><T61/><D6/><U82/><E82/><V113/><F113/><W7/><G7/><T111/><D111/><U1/><E1/><V24/><REACH who="2" step="1"/><F46/><REACH who="2" ten="229,105,245,401" step="2"/><W12/><G31/><T56/><D78/><U103/><E103/><V45/><F45/><W59/><G12/><T50/><D30/><U42/><E42/><V126/><F126/><W65/><G65/><T70/><D29/><U112/><E112/><V107/><F107/><W27/><G67/><T117/><D117/><U104/><E104/><V106/><F106/><W121/><G121/><T74/><D72/><U91/><E91/><V71/><F71/><W0/><G0/><T48/><D73/><U134/><E134/><V128/><F128/><W22/><G27/><T55/><D74/><U19/><E25/><V80/><F80/><W119/><G119/><T77/><D89/><U44/><E44/><V40/><F40/><W28/><G28/><N who="0" m="17487" /><D70/><U47/><E47/><V100/><F100/><W60/><G59/><T51/><D77/><U129/><E129/><V110/><F110/><W34/><G57/><RYUUKYOKU ba="1,2" sc="229,10,105,10,245,10,401,-30" hai0="32,48,50,51,55,56,61,88,93,96" hai1="16,19,33,35,81,85,90,97,98,99" hai2="2,5,10,14,15,18,24,49,53,58,92,94,95" /><INIT seed="2,2,2,1,0,69" ten="239,115,255,371" oya="2" hai0="62,35,70,114,5,117,78,6,118,132,46,121,71" hai1="26,29,36,44,40,68,45,48,126,86,43,57,67" hai2="2,129,107,38,14,28,90,102,37,58,13,77,72" hai3="39,23,52,91,99,111,104,79,12,116,64,8,49"/><V130/><F2/><W115/><G116/><T41/><D121/><U4/><E4/><V25/><F90/><W50/><G39/><N who="2" m="14857" /><F58/><W32/><G115/><T33/><D114/><U87/><E126/><V76/><F102/><W18/><G32/><T106/><D106/><U21/><REACH who="1" step="1"/><E57/><REACH who="1" ten="239,105,255,371" step="2"/><V63/><F63/><AGARI ba="2,3" hai="21,26,29,36,40,43,44,45,48,63,67,68,86,87" machi="63" ten="40,5200,0" yaku="1,1,2,1,52,1,53,0" doraHai="69" doraHaiUra="89" who="1" fromWho="2" sc="239,0,105,88,255,-58,371,0" /><INIT seed="3,0,0,1,2,39" ten="239,193,197,371" oya="3" hai0="48,94,79,5,87,17,8,12,125,131,24,51,93" hai1="124,15,69,4,84,92,105,116,54,41,77,98,129" hai2="90,22,106,23,30,123,57,117,38,10,56,31,27" hai3="82,19,13,3,35,9,34,52,86,89,85,130,33"/><W95/><G130/><T21/><D131/><U46/><E69/><V29/><F117/><W20/><G3/><T102/><D125/><U80/><E129/><V68/><F123/><W61/><G61/><T107/><D107/><U118/><E105/><V99/><F68/><W122/><G122/><T66/><D66/><U76/><E54/><V58/><F38/><W2/><G2/><T50/><D102/><U18/><E4/><V44/><F10/><W26/><G52/><T135/><D135/><U81/><E124/><V36/><F27/><W120/><G120/><T88/><REACH who="0" step="1"/><D79/><REACH who="0" ten="229,193,197,371" step="2"/><U126/><E126/><V128/><F128/><W47/><G34/><T67/><D67/><U65/><E65/><V1/><F1/><W100/><G100/><T64/><D64/><U11/><E77/><V74/><F74/><W97/><G33/><T71/><D71/><U28/><E76/><V101/><REACH who="2" step="1"/><F90/><REACH who="2" ten="229,193,187,371" step="2"/><W115/><G89/><T83/><AGARI ba="0,2" hai="5,8,12,17,21,24,48,50,51,83,87,88,93,94" machi="83" ten="30,8000,1" yaku="1,1,0,1,8,1,54,1,53,1" doraHai="39" doraHaiUra="16" who="0" fromWho="0" sc="229,100,193,-20,187,-20,371,-40" /><INIT seed="4,0,0,1,1,88" ten="329,173,167,331" oya="0" hai0="117,62,8,27,35,92,11,24,132,108,69,55,23" hai1="20,96,134,109,59,32,76,97,71,40,102,91,122" hai2="95,77,4,64,113,89,129,135,82,119,51,61,48" hai3="65,53,45,0,6,14,86,110,10,85,68,67,112"/><T38/><D117/><U104/><E71/><V5/><F119/><W12/><G110/><T66/><D132/><U115/><E109/><V49/><F135/><W7/><G112/><T30/><D38/><U26/><E134/><V63/><F113/><W93/><G68/><T125/><D125/><U46/><E122/><V105/><F105/><W17/><G0/><T101/><D108/><U98/><E32/><V22/><F129/><W90/><G85/><T36/><D55/><U126/><E76/><V42/><F42/><W116/><G116/><T50/><D50/><U34/><E34/><V13/><F22/><W123/><G123/><T58/><D36/><U1/><E1/><V128/><F128/><W78/><G78/><T28/><REACH who="0" step="1"/><D69/><REACH who="0" ten="319,173,167,331" step="2"/><U87/><E126/><V56/><F63/><W83/><G6/><T47/><D47/><U103/><E59/><V21/><F4/><W18/><G7/><T16/><D16/><N who="1" m="12551" /><E115/><V29/><F5/><W60/><G45/><T81/><D81/><N who="1" m="49647" /><E104/><V131/><F131/><W19/><G83/><T25/><D25/><U9/><E9/><V120/><F120/><W121/><G121/><T118/><D118/><U70/><E70/><V39/><F39/><W74/><G18/><T41/><D41/><U127/><E127/><V130/><F130/><W54/><G17/><T99/><AGARI ba="0,1" hai="8,11,23,24,27,28,30,35,58,62,66,92,99,101" machi="99" ten="30,12000,1" yaku="1,1,0,1,25,2,52,1,53,0" doraHai="88" doraHaiUra="37" who="0" fromWho="0" sc="319,130,173,-40,167,-40,331,-40" /><INIT seed="4,1,0,4,5,64" ten="449,133,127,291" oya="0" hai0="100,33,40,97,79,12,16,20,50,119,54,89,42" hai1="111,74,13,21,131,90,7,127,41,86,121,95,129" hai2="109,55,120,32,22,3,101,84,47,128,51,107,9" hai3="96,98,72,18,125,91,4,92,71,26,23,68,39"/><T14/><D33/><U61/><E111/><V2/><F120/><W82/><G125/><T1/><D1/><U67/><E121/><V135/><F109/><W63/><G39/><T122/><D122/><U77/><E127/><V15/><F32/><W130/><G130/><T36/><D36/><U102/><E41/><V27/><F128/><N who="1" m="49225" /><E102/><V43/><F135/><W88/><G4/><T75/><D119/><U6/><E77/><V124/><F124/><W17/><G72/><T28/><D28/><U60/><E74/><V134/><F134/><W35/><G35/><T133/><D133/><U59/><E61/><V31/><F101/><W57/><G17/><AGARI ba="1,0" hai="6,7,13,17,21,59,60,67,86,90,95" m="49225" machi="17" ten="30,1000,0" yaku="19,1" doraHai="64" who="1" fromWho="3" sc="449,0,133,13,127,0,291,-13" /><INIT seed="5,0,0,1,4,107" ten="449,146,127,278" oya="1" hai0="11,114,37,130,112,106,80,58,96,122,108,110,70" hai1="12,22,35,0,133,90,125,8,21,131,5,64,46" hai2="103,129,44,15,42,38,19,120,69,57,94,1,47" hai3="99,24,33,74,13,43,126,3,79,9,88,128,76"/><U82/><E133/><V31/><F120/><W59/><G3/><T20/><D20/><U4/><E125/><V52/><F129/><W6/><G126/><T91/><D11/><U26/><E131/><V41/><F69/><W109/><G109/><T36/><D58/><U132/><E132/><V48/><F31/><W115/><G115/><N who="0" m="44075" /><D130/><U56/><E35/><V18/><F1/><W10/><G128/><T102/><D70/><U16/><E46/><V123/><F123/><W68/><G68/><T45/><D122/><U53/><E64/><V124/><F124/><W98/><G59/><T73/><D91/><U63/><E0/><V2/><F2/><W49/><G10/><T84/><D84/><N who="1" m="50455" /><E22/><V105/><F105/><W29/><G88/><T67/><D67/><U60/><E63/><V86/><F15/><W93/><G93/><T30/><D30/><AGARI ba="0,0" hai="4,5,8,12,16,21,26,30,53,56,60" m="50455" machi="30" ten="30,2900,0" yaku="8,1,54,1" doraHai="107" who="1" fromWho="0" sc="449,-29,146,29,127,0,278,0" /><INIT seed="5,1,0,5,5,96" ten="420,175,127,278" oya="1" hai0="51,88,31,27,108,125,7,95,26,42,129,115,109" hai1="1,57,87,63,75,90,19,65,18,132,104,117,54" hai2="22,48,35,49,82,43,52,34,103,91,73,55,30" hai3="118,131,46,77,47,100,36,29,38,25,23,92,74"/><U107/><E117/><V133/><F133/><W16/><G118/><T9/><D115/><U6/><E75/><V20/><F43/><W17/><G131/><T0/><D125/><U72/><E72/><V97/><F91/><W89/><G100/><T3/><D3/><U127/><E132/><V81/><F97/><N who="3" m="57487" /><G38/><T128/><D27/><U93/><E127/><V122/><F73/><W126/><G36/><T98/><D42/><U121/><E121/><V28/><REACH who="2" step="1"/><F103/><REACH who="2" ten="420,175,117,278" step="2"/><W79/><G74/><T66/><D129/><U58/><E107/><V8/><F8/><W114/><G126/><T124/><D128/><U10/><E104/><V68/><F68/><W67/><G114/><T4/><D9/><U94/><REACH who="1" step="1"/><E93/><REACH who="1" ten="420,165,117,278" step="2"/><V44/><F44/><W33/><G47/><T5/><D95/><U113/><E113/><V24/><F24/><W99/><G46/><T130/><D26/><U120/><E120/><AGARI ba="1,2" hai="20,22,28,30,34,35,48,49,52,55,81,82,120,122" machi="120" ten="25,6400,0" yaku="1,1,22,2,54,1,53,0" doraHai="96" doraHaiUra="59" who="2" fromWho="1" sc="420,0,165,-67,117,87,278,0" /><INIT seed="6,0,0,3,4,110" ten="420,98,204,278" oya="2" hai0="108,45,27,42,62,70,91,44,114,59,49,53,65" hai1="119,47,126,52,66,37,63,132,69,2,73,15,99" hai2="60,109,22,55,17,39,86,9,129,13,102,71,67" hai3="95,113,128,30,34,83,81,131,51,28,104,54,117"/><V98/><F109/><W6/><G104/><T123/><D123/><U124/><E2/><V72/><F129/><N who="3" m="49739" /><G117/><T87/><D108/><U90/><E73/><V58/><F72/><W125/><G125/><N who="1" m="48234" /><E15/><V18/><F86/><W105/><G105/><T26/><D114/><U118/><E90/><V74/><F39/><W85/><G113/><T121/><D44/><U64/><E99/><V106/><F74/><W96/><G6/><T5/><D5/><U8/><E8/><V40/><F40/><W14/><G14/><T76/><D76/><U115/><E132/><V38/><F38/><W25/><G30/><T79/><D79/><U100/><E100/><V75/><F75/><W20/><G20/><T133/><D121/><U77/><E77/><V3/><F3/><W31/><G31/><T33/><D33/><U41/><E115/><V36/><F36/><W29/><G29/><T78/><D78/><U19/><E19/><V84/><F84/><W112/><G112/><T107/><D107/><U130/><E66/><V92/><F106/><W1/><G85/><T23/><D23/><U24/><E24/><V103/><F103/><N who="3" m="60831" /><G1/><T93/><D133/><U127/><N who="1" m="48242" /><U7/><DORA hai="80" /><E7/><V0/><F0/><W46/><AGARI ba="0,0" hai="25,28,34,46,51,54,81,83" m="60831,49739" machi="46" ten="30,1100,0" yaku="19,1" doraHai="110,80" who="3" fromWho="3" sc="420,-3,98,-3,204,-5,278,11" /><INIT seed="7,0,0,5,2,32" ten="417,95,199,289" oya="3" hai0="87,133,118,51,80,54,85,50,127,128,4,99,107" hai1="116,117,7,57,35,96,92,115,135,28,5,62,69" hai2="91,86,95,34,100,30,122,79,40,126,39,52,67" hai3="47,89,12,110,109,77,97,1,113,33,19,6,81"/><W64/><G113/><T46/><D118/><U114/><E69/><V105/><F79/><W0/><G33/><T16/><D127/><U25/><E57/><V44/><F122/><W70/><G47/><T94/><D4/><N who="1" m="1611" /><E62/><V65/><F126/><W102/><G6/><T112/><D107/><U98/><E92/><V9/><F9/><N who="3" m="6543" /><G89/><N who="0" m="55759" /><D128/><U45/><E45/><V21/><F34/><W15/><G15/><T3/><D133/><U119/><E96/><V43/><F43/><W121/><G121/><T38/><D38/><U88/><E88/><V106/><F106/><N who="3" m="63823" /><G64/><T84/><D3/><U24/><E98/><V60/><F67/><W123/><G70/><T111/><D112/><N who="1" m="43051" /><E24/><V90/><F65/><W73/><G123/><T68/><D68/><U83/><E83/><V11/><F44/><W42/><G42/><N who="0" m="24919" /><D80/><U29/><E28/><V130/><F30/><W36/><G36/><T53/><D53/><U17/><E17/><V59/><F40/><W20/><G20/><T108/><D16/><U76/><E76/><V78/><F78/><W41/><G41/><T56/><D56/><U75/><E75/><V104/><F39/><W72/><G73/><T55/><D55/><U66/><E66/><V31/><F31/><W63/><G63/><T49/><D49/><U58/><E58/><V27/><F59/><W23/><G23/><T82/><D82/><U18/><E18/><V71/><F60/><W48/><G48/><T37/><D37/><U120/><E120/><V124/><F104/><W93/><G93/><T8/><D8/><U103/><E103/><V74/><F100/><RYUUKYOKU ba="0,0" sc="417,10,95,10,199,-30,289,10" hai0="51,54,84,85,87,108,111" hai1="25,29,35,116,117,119,135" hai3="0,1,72,77,81,109,110" /><INIT seed="7,1,0,0,1,128" ten="427,105,169,299" oya="3" hai0="47,66,20,123,36,104,33,40,134,45,72,48,90" hai1="29,57,120,77,22,71,61,85,102,98,30,101,2" hai2="97,69,78,11,125,111,127,74,58,4,50,27,18" hai3="96,49,64,109,132,7,32,82,44,21,25,81,1"/><W59/><G109/><T119/><D33/><U19/><E71/><V46/><F69/><W88/><G32/><T42/><D123/><U117/><E120/><V60/><F97/><W68/><G68/><T35/><D35/><U24/><E2/><N who="2" m="407" /><F78/><W55/><G7/><T51/><D104/><U84/><E117/><V118/><F74/><W89/><G132/><T99/><D72/><U70/><E70/><V73/><F73/><W92/><G1/><T100/><D134/><U131/><E131/><V86/><F86/><W105/><G105/><T80/><D36/><U31/><E77/><V130/><F18/><W87/><G82/><T53/><D100/><U39/><E39/><V5/><F27/><W106/><G106/><T122/><D122/><U67/><REACH who="1" step="1"/><E98/><REACH who="1" ten="427,95,169,299" step="2"/><V83/><F118/><W15/><G15/><T23/><D99/><U116/><E116/><V37/><F130/><W93/><G81/><T79/><D119/><U52/><E52/><V108/><F83/><W54/><G64/><T26/><D66/><U62/><E62/><V10/><F37/><W95/><G95/><T6/><D79/><U110/><E110/><V28/><F111/><W107/><G107/><T9/><D53/><U114/><E114/><V76/><F108/><W63/><G25/><T56/><D26/><U112/><E112/><V126/><F76/><W113/><G113/><T103/><D103/><U124/><E124/><V91/><F126/><W129/><REACH who="3" step="1"/><G129/><REACH who="3" ten="427,95,169,289" step="2"/><T41/><D80/><U121/><E121/><V75/><F127/><W34/><G34/><T17/><D6/><U115/><E115/><RYUUKYOKU ba="1,2" sc="427,-15,95,15,169,-15,289,15" hai1="19,22,24,29,30,31,57,61,67,84,85,101,102" hai3="21,44,49,54,55,59,63,87,88,89,92,93,96" /><INIT seed="7,2,2,5,5,73" ten="412,110,154,304" oya="3" hai0="74,23,91,86,49,28,41,89,92,119,123,32,94" hai1="71,8,10,2,35,128,15,134,50,59,80,109,120" hai2="75,37,129,38,14,100,46,135,102,114,77,78,116" hai3="17,118,130,54,108,111,19,20,21,127,44,47,83"/><W69/><G118/><T64/><D123/><U0/><E109/><N who="3" m="42058" /><G69/><T70/><D32/><U42/><E120/><V68/><F14/><N who="3" m="9271" /><G130/><T27/><D74/><U30/><E128/><V121/><F46/><W45/><G127/><T113/><D113/><U104/><E71/><V51/><F51/><N who="3" m="29031" /><G83/><T76/><D119/><U133/><E104/><V132/><F68/><W122/><G122/><T31/><D70/><U56/><E42/><V90/><F121/><W105/><G105/><T125/><D125/><U82/><E30/><V95/><F116/><W98/><G98/><N who="0" m="57615" /><D28/><U126/><E126/><V65/><F129/><W39/><G39/><T53/><D41/><U3/><E35/><V36/><F114/><W107/><G107/><T29/><D29/><U1/><N who="1" m="0" /><DORA hai="106" /><U34/><E34/><V87/><F75/><W58/><G58/><N who="1" m="22058" /><E50/><V115/><F115/><W62/><G62/><T112/><D112/><U48/><E48/><V22/><F38/><W67/><G67/><T63/><D64/><U7/><E10/><V43/><F65/><W61/><G61/><T11/><D63/><U13/><E15/><AGARI ba="2,2" hai="15,19,21,45,47" m="29031,9271,42058" machi="15" ten="30,1500,0" yaku="10,1" doraHai="73,106" who="3" fromWho="1" sc="412,0,110,-21,154,0,304,41" /><INIT seed="7,3,0,2,0,8" ten="412,89,154,345" oya="3" hai0="76,103,28,41,113,109,53,123,49,121,85,73,110" hai1="93,15,67,64,101,10,108,117,74,52,37,102,24" hai2="125,3,48,69,132,25,88,27,71,46,83,126,94" hai3="5,135,31,22,23,77,51,50,56,106,90,65,81"/><W26/><G135/><T68/><D68/><N who="2" m="26186" /><F83/><W95/><G106/><T2/><D2/><U16/><E108/><V114/><F3/><W13/><G65/><N who="1" m="25162" /><E117/><V4/><F4/><W29/><G29/><T78/><D73/><U115/><E115/><V89/><F132/><W1/><G1/><T19/><D85/><U133/><E133/><V36/><F36/><W61/><G61/><T116/><D53/><U100/><E37/><V57/><F57/><W60/><G60/><T80/><D49/><U124/><E124/><N who="2" m="47723" /><F114/><W97/><G56/><T75/><D19/><N who="1" m="8695" /><E74/><V99/><F89/><W44/><G44/><T118/><D28/><U42/><E42/><AGARI ba="3,0" hai="25,27,42,46,48,88,94,99" m="47723,26186" machi="42" ten="30,2000,0" yaku="18,1,54,1" doraHai="8" who="2" fromWho="1" sc="412,0,89,-29,154,29,345,0" owari="412,51.0,60,-44.0,183,-22.0,345,15.0" /></mjloggm>