<mjloggm ver="2.3"><GO type="185" lobby="0"/><UN n0="%E3%83%93%E3%83%83%E3%82%B0%E3%83%9E%E3%83%A1" n1="%E9%B4%A8%E6%90%8D" n2="%E9%9B%AA%E6%9D%91%E5%8D%83%E7%B5%B5%E8%8E%89" n3="" dan="17,16,17,0" rate="2186.45,2132.33,2272.62,1500.00" sx="M,M,F,C"/><TAIKYOKU oya="0"/><INIT seed="0,0,0,2,0,89" ten="350,350,350,0" oya="0" hai0="118,57,55,49,133,44,38,77,71,102,113,65,64" hai1="2,90,40,101,41,86,45,34,37,54,53,36,105" hai2="97,63,107,81,127,120,112,117,75,67,84,130,116" hai3=""/><T51/><D102/><U32/><E2/><V87/><N who="2" m="30752" /><V72/><F112/><T100/><D100/><U131/><E101/><V106/><F63/><T111/><D77/><U70/><E70/><V119/><F67/><N who="0" m="25674" /><D113/><U33/><E131/><V91/><F130/><T132/><D118/><U1/><E1/><V35/><F35/><T96/><D96/><U121/><N who="1" m="31008" /><U73/><E73/><N who="2" m="28235" /><F127/><T129/><D129/><U47/><REACH who="1" step="1"/><E105/><REACH who="1" ten="350,340,350,0" step="2"/><N who="2" m="39947" /><F81/><AGARI ba="0,1" hai="32,33,34,36,37,40,41,45,47,53,54,81,86,90" m="31008" machi="81" ten="40,5200,0" yaku="1,1,9,1,52,1,53,0" doraHai="89" doraHaiUra="56" who="1" fromWho="2" sc="350,0,340,62,350,-52,0,0" /><INIT seed="1,0,0,0,2,86" ten="350,402,298,0" oya="1" hai0="125,34,81,50,65,85,89,88,117,105,57,111,129" hai1="68,102,2,100,94,78,49,55,91,127,53,120,87" hai2="133,97,56,109,131,82,124,130,43,32,54,132,48" hai3=""/><U44/><N who="1" m="30752" /><U126/><E2/><V59/><F32/><T46/><D105/><U36/><E68/><V70/><F70/><T104/><D104/><U103/><E36/><V41/><F109/><T69/><D34/><U101/><N who="1" m="25600" /><DORA hai="128" /><U3/><E3/><V35/><F35/><T73/><D73/><U119/><E119/><V79/><F97/><T77/><D117/><U112/><E112/><V74/><F124/><T107/><D107/><U52/><REACH who="1" step="1"/><E78/><REACH who="1" ten="350,392,298,0" step="2"/><V33/><F33/><T38/><D38/><U98/><E98/><V42/><REACH who="2" step="1"/><F59/><REACH who="2" ten="350,392,288,0" step="2"/><T37/><D57/><U108/><E108/><V121/><N who="2" m="31008" /><V113/><F113/><T92/><D111/><U134/><E134/><AGARI ba="0,2" hai="41,42,43,48,54,56,74,79,82,130,131,132,133,134" m="31008" machi="134" ten="40,12000,2" yaku="1,1,20,1,52,4,53,0" doraHai="86,128" doraHaiUra="1,114" who="2" fromWho="1" sc="350,0,392,-120,288,140,0,0" /><INIT seed="2,0,0,4,4,50" ten="350,272,428,0" oya="2" hai0="58,47,127,62,92,65,98,129,101,82,133,130,1" hai1="46,120,33,126,91,110,41,54,83,124,99,119,103" hai2="93,64,68,86,107,77,97,34,85,74,113,106,0" hai3=""/><V78/><F0/><T75/><D1/><U104/><N who="1" m="30752" /><U131/><E131/><N who="0" m="50185" /><D133/><U105/><E33/><V115/><F34/><T109/><D109/><U52/><E110/><V49/><F49/><T81/><D127/><N who="1" m="48683" /><E119/><V112/><F64/><T67/><D67/><U79/><E91/><V118/><F68/><T123/><N who="0" m="31520" /><T53/><D75/><U42/><E105/><N who="2" m="39947" /><F118/><T100/><D100/><U121/><N who="1" m="31008" /><U71/><E71/><V84/><F74/><T3/><D3/><U59/><E59/><V45/><F45/><T90/><D101/><AGARI ba="0,0" hai="77,78,84,85,86,93,97,101,112,113,115" m="39947" machi="101" ten="40,3900,0" yaku="34,2" doraHai="50" who="2" fromWho="0" sc="350,-39,272,0,428,39,0,0" /><INIT seed="2,1,0,3,4,33" ten="311,272,467,0" oya="2" hai0="135,98,41,97,131,78,60,69,66,51,62,85,50" hai1="134,73,42,72,36,52,61,38,119,104,47,120,43" hai2="124,40,45,86,130,48,111,92,93,37,67,109,59" hai3=""/><V2/><F130/><T35/><D35/><U91/><N who="1" m="30752" /><U70/><E134/><V3/><F124/><T110/><D135/><U125/><E125/><V87/><F93/><T46/><D131/><U89/><E119/><V63/><F37/><T65/><D110/><N who="2" m="41994" /><F92/><T102/><D51/><U95/><E104/><V112/><F112/><T128/><D128/><U100/><E100/><V84/><AGARI ba="1,0" hai="2,3,40,45,48,59,63,67,84,86,87" m="41994" machi="84" ten="30,7800,0" yaku="14,1,10,1,52,2" doraHai="33" who="2" fromWho="2" sc="311,-40,272,-40,467,80,0,0" /><INIT seed="2,2,0,2,4,32" ten="271,232,547,0" oya="2" hai0="113,101,82,37,94,49,130,64,114,53,122,0,92" hai1="125,74,77,58,56,2,42,135,61,47,51,126,76" hai2="117,46,129,54,106,36,121,35,108,50,131,97,118" hai3=""/><V70/><N who="2" m="31008" /><V41/><F35/><T86/><N who="0" m="31264" /><T66/><D37/><U48/><E74/><V133/><F133/><T63/><D130/><N who="2" m="49674" /><F108/><T69/><D66/><U67/><E135/><V44/><F97/><T98/><D0/><U107/><E107/><V55/><F106/><T119/><D119/><N who="2" m="45578" /><F70/><T115/><D98/><U72/><E72/><V52/><AGARI ba="2,0" hai="36,41,44,46,50,52,54,55" m="45578,49674,31008" machi="52" ten="40,8000,1" yaku="19,1,34,2,52,1,54,1" doraHai="32" who="2" fromWho="2" sc="271,-42,232,-42,547,84,0,0" /><INIT seed="2,3,0,2,5,41" ten="229,190,631,0" oya="2" hai0="47,118,105,46,45,70,107,127,56,34,87,85,117" hai1="124,32,39,59,100,65,98,77,134,101,116,93,64" hai2="123,114,86,126,43,89,97,76,119,96,83,2,71" hai3=""/><V78/><N who="2" m="31520" /><V92/><F2/><T103/><D70/><U73/><E32/><V113/><F71/><T48/><D34/><U1/><E1/><V131/><F119/><N who="0" m="45578" /><D48/><U128/><E39/><V38/><F131/><T35/><D35/><U52/><E77/><N who="2" m="29803" /><F43/><T82/><D82/><U115/><E128/><V53/><F53/><T81/><D81/><U33/><E64/><V121/><N who="2" m="31008" /><V80/><F126/><T99/><D99/><N who="2" m="37962" /><F38/><T50/><D50/><U55/><E65/><V91/><F83/><T44/><D127/><U109/><E55/><V3/><F3/><T110/><D56/><U79/><E59/><V111/><F111/><T66/><D110/><U102/><E109/><V133/><F133/><T62/><D66/><U58/><E116/><V125/><F125/><T60/><N who="0" m="11776" /><DORA hai="40" /><T36/><D36/><U106/><E124/><V57/><F57/><T51/><D51/><U95/><E58/><V0/><F0/><T63/><D103/><U88/><E102/><V132/><F132/><T94/><D94/><U112/><E95/><V72/><F72/><T122/><N who="0" m="31264" /><T67/><D67/><U37/><E101/><V90/><F92/><T68/><D68/><U104/><E93/><V49/><F49/><RYUUKYOKU ba="3,0" sc="229,10,190,-20,631,10,0,0" hai0="60,62,63,85,87,105,107" hai2="80,86,89,90,91,113,114" /><INIT seed="2,4,0,4,0,63" ten="239,170,641,0" oya="2" hai0="107,100,113,83,79,49,60,118,123,32,114,91,3" hai1="86,56,70,124,44,55,64,133,57,126,89,106,109" hai2="77,105,38,78,102,115,135,95,94,96,62,39,117" hai3=""/><V85/><F117/><T127/><N who="0" m="31520" /><T92/><D118/><U72/><E72/><V81/><F115/><N who="0" m="44042" /><D32/><U87/><E106/><V103/><F135/><T82/><D3/><U40/><E133/><V41/><F78/><T66/><D127/><U84/><E109/><V101/><F105/><T0/><D0/><U69/><E89/><V93/><F96/><T75/><D83/><U121/><N who="1" m="31008" /><U48/><E56/><V47/><REACH who="2" step="1"/><F62/><REACH who="2" ten="239,170,631,0" step="2"/><T90/><D107/><U104/><E104/><V110/><F110/><T97/><D49/><AGARI ba="4,1" hai="38,39,41,47,49,77,81,85,93,94,95,101,102,103" machi="49" ten="40,2000,0" yaku="1,1,53,0" doraHai="63" doraHaiUra="58" who="2" fromWho="0" sc="239,-28,170,0,631,38,0,0" /><INIT seed="2,5,0,3,3,32" ten="211,170,669,0" oya="2" hai0="93,127,63,0,33,109,66,102,42,48,39,65,46" hai1="86,58,91,59,45,116,101,43,53,88,98,49,113" hai2="129,133,135,106,120,105,40,83,119,75,85,97,60" hai3=""/><V126/><N who="2" m="30752" /><V71/><F119/><T64/><D33/><U50/><E116/><V35/><F35/><T125/><D102/><U62/><E113/><V55/><F40/><T124/><D93/><U112/><E112/><V96/><F75/><T122/><N who="0" m="31264" /><T84/><D84/><U76/><E76/><V68/><F55/><T2/><D109/><U61/><E86/><V90/><F60/><T38/><D63/><U70/><E70/><V128/><F71/><T100/><D100/><U74/><E74/><V89/><F68/><T34/><D34/><U92/><E62/><V80/><F85/><T69/><D69/><U94/><E92/><V82/><F82/><T37/><AGARI ba="5,0" hai="0,2,37,38,39,42,46,48,64,65,66,124,125,127" m="31264" machi="37" ten="50,9000,2" yaku="0,1,29,2,18,1,52,3" doraHai="32" who="0" fromWho="0" sc="211,100,170,-35,669,-65,0,0" /><INIT seed="4,0,0,3,4,90" ten="311,135,604,0" oya="0" hai0="0,84,123,133,65,57,86,34,3,58,94,108,1" hai1="80,44,124,41,101,121,32,88,38,111,54,120,61" hai2="52,97,102,67,131,77,83,39,113,78,33,46,40" hai3=""/><T132/><N who="0" m="31520" /><T117/><D34/><U99/><N who="1" m="30752" /><U69/><N who="1" m="31008" /><U112/><E32/><V63/><F113/><T135/><D117/><U64/><E111/><V79/><F131/><T43/><D108/><U98/><E124/><V45/><F33/><T68/><D43/><U59/><E112/><V2/><F2/><T36/><D36/><U100/><E80/><V89/><F89/><T56/><D94/><U66/><E66/><V110/><F110/><T119/><D119/><U106/><E88/><V130/><F130/><T91/><D91/><U103/><REACH who="1" step="1"/><E99/><REACH who="1" ten="311,125,604,0" step="2"/><V92/><F83/><T47/><D47/><U96/><E96/><V87/><F46/><T93/><D93/><U72/><E72/><V74/><F74/><T125/><D125/><U82/><E82/><V55/><F92/><T50/><D50/><AGARI ba="0,1" hai="38,41,44,50,54,59,61,64,69,98,100,101,103,106" m="31008,30752" machi="50" ten="30,12000,2" yaku="1,1,7,1,24,2,52,2,53,0" doraHai="90" doraHaiUra="126" who="1" fromWho="0" sc="311,-120,125,130,604,0,0,0" /><INIT seed="5,0,0,5,5,107" ten="191,255,604,0" oya="1" hai0="118,127,91,109,49,77,40,96,65,103,63,123,88" hai1="1,99,134,38,35,53,84,0,51,120,55,106,34" hai2="78,132,48,76,46,80,108,67,66,102,32,105,44" hai3=""/><U125/><N who="1" m="30752" /><U2/><E38/><V116/><F32/><T115/><N who="0" m="31520" /><T87/><D109/><U89/><E134/><V70/><F108/><T100/><D118/><U72/><E72/><V64/><F132/><T98/><D127/><U59/><E125/><V90/><F116/><T110/><D110/><U56/><E106/><V47/><F70/><T43/><D115/><U75/><E99/><N who="0" m="37929" /><D77/><U95/><REACH who="1" step="1"/><E75/><REACH who="1" ten="191,245,604,0" step="2"/><V130/><F105/><T117/><D117/><U94/><E94/><V68/><F102/><N who="0" m="38954" /><D87/><U135/><E135/><V128/><F128/><T57/><D49/><AGARI ba="0,1" hai="0,1,2,34,35,49,51,53,55,56,59,84,89,95" m="30752" machi="49" ten="40,12000,1" yaku="1,1,9,1,52,1,53,1" doraHai="107" doraHaiUra="119" who="1" fromWho="0" sc="191,-120,245,130,604,0,0,0" /><INIT seed="5,1,0,4,4,83" ten="71,375,604,0" oya="1" hai0="95,102,37,114,0,112,94,43,82,2,99,89,98" hai1="135,63,90,100,53,76,57,34,101,93,104,74,67" hai2="65,92,68,122,45,46,133,55,88,85,59,118,84" hai3=""/><U52/><E34/><V41/><N who="2" m="31264" /><V3/><F3/><T107/><D43/><U130/><E130/><V71/><F118/><T72/><D37/><U56/><E135/><V69/><F133/><T61/><D61/><U116/><E116/><V79/><F65/><T81/><D2/><U1/><E1/><V77/><F84/><T117/><D0/><U113/><E113/><V47/><REACH who="2" step="1"/><F41/><REACH who="2" ten="71,375,594,0" step="2"/><T119/><D72/><U126/><E126/><V125/><F125/><T58/><D58/><U91/><E67/><V120/><N who="2" m="30752" /><V40/><F40/><T111/><D111/><U50/><E104/><V49/><AGARI ba="1,1" hai="45,46,47,49,55,59,68,69,71,77,79,85,88,92" m="30752,31264" machi="49" ten="40,9000,2" yaku="1,1,0,1,52,3,54,1,53,1" doraHai="83" doraHaiUra="80" who="2" fromWho="2" sc="71,-31,375,-61,594,102,0,0" /><INIT seed="6,0,0,0,4,117" ten="40,314,696,0" oya="2" hai0="119,124,34,129,121,65,45,51,109,120,96,83,106" hai1="99,80,44,39,110,100,86,32,48,122,58,107,103" hai2="130,94,64,38,53,72,66,74,104,98,41,88,68" hai3=""/><V70/><F130/><T112/><N who="0" m="30752" /><T126/><D51/><U114/><N who="1" m="31264" /><U61/><E110/><V3/><F3/><T134/><D83/><U37/><E114/><V108/><F108/><T1/><D96/><U135/><E135/><V131/><F131/><T81/><D65/><U89/><E103/><V123/><N who="2" m="31520" /><V62/><F104/><T36/><D81/><U132/><E132/><V50/><F41/><T113/><D45/><U93/><E32/><V55/><F38/><T90/><D90/><U118/><E118/><V101/><F101/><T67/><D67/><U85/><E107/><V128/><F128/><T79/><D79/><U42/><E86/><V59/><F55/><AGARI ba="0,0" hai="37,39,42,44,48,55,58,61,80,85,89,93,99,100" m="31264" machi="55" ten="30,3900,0" yaku="7,1,52,2" doraHai="117" who="1" fromWho="2" sc="40,0,314,39,696,-39,0,0" owari="40,-56.0,353,-5.0,657,61.0,0,0.0" /></mjloggm>