<mjloggm ver="2.3"><GO type="169" lobby="0"/><UN n0="%41%6D%61%79%62%65" n1="%E3%81%A8%E3%82%89%E3%81%8D%E3%81%A1%E3%81%B5%E3%81%8F" n2="%47%2E%4B%2E" n3="%75%66%6F%5F" dan="16,16,16,18" rate="2082.90,2085.50,2125.39,2253.97" sx="M,M,M,M"/><TAIKYOKU oya="0"/><INIT seed="0,0,0,3,2,95" ten="250,250,250,250" oya="0" hai0="34,99,59,78,44,126,89,124,106,86,9,123,45" hai1="77,102,38,23,84,37,82,79,69,118,134,113,62" hai2="104,53,110,4,54,101,85,18,129,25,115,111,35" hai3="90,57,73,83,48,26,12,7,100,52,32,2,28"/><T132/><D123/><U36/><E118/><V41/><F115/><W68/><G68/><T133/><D34/><U98/><E134/><N who="0" m="51817" /><D9/><U131/><E131/><V8/><F129/><W3/><G100/><N who="0" m="62751" /><D59/><U97/><E113/><V120/><F41/><W121/><G121/><T58/><D58/><U72/><E102/><V33/><F85/><W65/><G65/><T42/><D42/><U30/><E30/><V20/><F120/><W14/><G14/><T80/><D44/><U128/><E23/><V122/><F122/><W94/><G12/><T63/><D63/><U112/><E112/><V116/><F116/><W91/><G7/><T67/><D45/><U109/><E128/><V96/><F35/><W60/><G48/><T19/><D19/><U125/><E37/><V11/><F33/><W74/><G2/><T76/><D67/><U51/><E38/><V10/><REACH who="2" step="1"/><F4/><REACH who="2" ten="250,250,240,250" step="2"/><W75/><G32/><T87/><D87/><U105/><E84/><V40/><F40/><W16/><G75/><T114/><D114/><U61/><E72/><V92/><F92/><W1/><G74/><T27/><D27/><U46/><E36/><V127/><F127/><AGARI ba="0,1" hai="76,78,80,86,89,124,126,127" m="62751,51817" machi="127" ten="30,12000,1" yaku="18,1,20,1,34,2,52,1" doraHai="95" who="0" fromWho="2" sc="250,130,250,0,240,-120,250,0" /><INIT seed="0,1,0,1,0,14" ten="380,250,120,250" oya="0" hai0="40,126,118,121,104,35,115,89,90,37,26,0,51" hai1="135,124,88,125,82,91,39,117,98,5,16,46,71" hai2="9,41,127,56,81,129,49,73,63,87,18,24,128" hai3="59,44,123,55,22,83,80,58,84,107,69,43,110"/><T102/><D115/><U130/><E117/><V111/><F73/><W53/><G110/><T1/><D118/><U4/><E71/><V79/><F111/><W47/><G69/><T100/><D37/><U103/><E135/><V93/><F127/><N who="1" m="48713" /><E130/><N who="2" m="50283" /><F93/><W60/><G107/><T105/><D126/><U10/><E46/><N who="2" m="25807" /><F9/><W48/><G123/><T106/><D121/><U99/><E39/><V29/><F29/><W120/><G120/><T54/><D40/><U86/><E91/><V65/><F24/><W32/><G32/><T36/><D36/><U64/><E64/><V109/><F109/><W108/><G108/><T85/><D26/><U2/><E2/><V112/><F112/><W31/><G43/><T13/><D13/><N who="1" m="7223" /><E99/><V20/><F20/><W57/><G47/><T28/><D35/><U113/><E113/><V30/><F30/><W119/><G119/><T74/><D28/><U21/><E21/><V11/><F11/><W72/><G31/><T3/><D89/><U8/><E8/><V134/><F134/><W133/><G133/><T131/><D131/><U101/><E103/><V114/><F114/><W94/><G22/><T15/><D15/><U122/><E122/><V66/><F66/><W70/><G83/><T78/><D78/><U33/><E33/><V34/><F34/><W17/><G80/><T52/><D54/><U97/><E97/><V6/><F6/><W62/><G55/><T61/><D52/><U50/><E50/><V132/><F132/><W12/><G48/><T95/><D51/><U76/><E76/><V7/><F7/><W75/><G53/><RYUUKYOKU ba="1,0" sc="380,-15,250,15,120,15,250,-15" hai1="4,5,82,86,88,98,101" hai2="18,56,63,65,79,81,87" /><INIT seed="1,2,0,3,2,59" ten="365,265,135,235" oya="1" hai0="31,118,24,111,105,48,49,115,100,73,45,116,13" hai1="37,65,83,26,101,35,102,108,29,14,97,128,133" hai2="41,17,6,132,75,55,20,52,39,114,58,8,98" hai3="123,86,135,9,72,57,30,11,120,10,61,96,99"/><U18/><E133/><V103/><F75/><W22/><G72/><T112/><D73/><U117/><E117/><V74/><F74/><W0/><G0/><T71/><D71/><U124/><E124/><V122/><F122/><W104/><G135/><T64/><D64/><U5/><E128/><V32/><F32/><W25/><G86/><T119/><D111/><U77/><E37/><V89/><F114/><W60/><G104/><T91/><D13/><U70/><E5/><V134/><F39/><W79/><G79/><T46/><D100/><U113/><E113/><V53/><F41/><W110/><G110/><T125/><D105/><U47/><E47/><V15/><F132/><W23/><G23/><T16/><D91/><U82/><E77/><V121/><F121/><W27/><G27/><T92/><D92/><U3/><E102/><V87/><F134/><W56/><G120/><T62/><D62/><N who="3" m="24169" /><G123/><T51/><D125/><U2/><E108/><V81/><F98/><AGARI ba="2,0" hai="9,10,11,22,25,30,56,57,96,98,99" m="24169" machi="98" ten="30,7700,0" yaku="8,1,52,3" doraHai="59" who="3" fromWho="2" sc="365,0,265,0,135,-83,235,83" /><INIT seed="2,0,0,2,3,135" ten="365,265,52,318" oya="2" hai0="54,24,42,110,64,82,29,131,67,23,37,77,126" hai1="86,62,35,99,0,81,114,108,18,52,102,132,20" hai2="124,73,57,100,11,123,97,105,17,70,15,121,5" hai3="92,31,74,106,51,45,1,34,63,25,91,3,118"/><V109/><F70/><W14/><G118/><T95/><D110/><U83/><E132/><V66/><F73/><W16/><G106/><T96/><D131/><U113/><E108/><V71/><F109/><W12/><G12/><T4/><D4/><U69/><E35/><V21/><F71/><W39/><G39/><T44/><D126/><U129/><E0/><V19/><F19/><W76/><G63/><T115/><D54/><U117/><E117/><V93/><F105/><W27/><G27/><T56/><D56/><U10/><E10/><V128/><F128/><W30/><G30/><T85/><REACH who="0" step="1"/><D115/><REACH who="0" ten="355,265,52,318" step="2"/><U130/><E130/><V119/><F119/><W80/><G45/><T65/><D65/><U101/><E129/><V122/><F57/><W49/><G3/><T46/><D46/><U94/><E114/><V103/><F66/><W111/><G1/><T53/><D53/><U50/><E113/><V72/><F72/><W79/><G111/><T6/><D6/><U116/><E116/><V9/><F124/><W32/><G32/><T48/><D48/><U87/><E69/><V7/><F5/><W40/><G40/><T38/><D38/><U33/><E50/><V112/><F112/><W75/><G75/><T127/><D127/><U60/><E52/><V134/><F134/><W55/><G55/><T78/><D78/><U36/><E36/><V59/><F59/><W133/><G79/><T98/><D98/><U107/><E62/><V43/><F43/><W8/><G133/><T47/><D47/><U13/><E60/><V120/><N who="2" m="31232" /><DORA hai="84" /><V61/><F61/><RYUUKYOKU ba="0,1" sc="355,15,265,-15,52,-15,318,15" hai0="23,24,29,37,42,44,64,67,77,82,85,95,96" hai3="8,14,16,25,31,34,49,51,74,76,80,91,92" /><INIT seed="3,1,1,2,4,100" ten="370,250,37,333" oya="3" hai0="59,11,57,34,119,77,72,13,86,82,106,53,123" hai1="44,127,56,14,68,19,133,1,18,42,112,63,58" hai2="85,109,128,51,124,26,83,31,15,64,126,35,130" hai3="54,43,23,28,122,117,73,70,24,61,131,25,104"/><W2/><G117/><T114/><D119/><U37/><E1/><V22/><F64/><W66/><G122/><T74/><D123/><U120/><E112/><V105/><F51/><W108/><G73/><T17/><D114/><U7/><E120/><V75/><F75/><W55/><G2/><T87/><D34/><U89/><E133/><V16/><F105/><W38/><G131/><N who="2" m="50217" /><F85/><W115/><G115/><T129/><D129/><U95/><E68/><V76/><F83/><W9/><G9/><T103/><D59/><U45/><E58/><V135/><F76/><W110/><G25/><T80/><D103/><U132/><E45/><V49/><F49/><W102/><G43/><T41/><D106/><U98/><E132/><V121/><F121/><W60/><G38/><T65/><D65/><U134/><E134/><V116/><F135/><W88/><G88/><T4/><D4/><U48/><E37/><V62/><F62/><W27/><G27/><T69/><D69/><U20/><E42/><V46/><F46/><W79/><G79/><T92/><D92/><U10/><E44/><V78/><F78/><W21/><G21/><T84/><D41/><U99/><E89/><V107/><F107/><W40/><G40/><T113/><D113/><U71/><E71/><V52/><F116/><W96/><REACH who="3" step="1"/><G61/><REACH who="3" ten="370,250,37,323" step="2"/><N who="0" m="36015" /><D74/><U5/><E63/><V93/><F109/><AGARI ba="1,2" hai="23,24,28,54,55,60,66,70,96,102,104,108,109,110" machi="109" ten="40,12000,1" yaku="1,1,14,1,10,1,52,1,53,0" doraHai="100" doraHaiUra="91" who="3" fromWho="2" sc="370,0,250,0,37,-123,323,143" owari="370,17.0,250,-15.0,-86,-59.0,466,57.0" /></mjloggm>