<mjloggm ver="2.3"><GO type="169" lobby="0"/><UN n0="%6B%6F%69%74%74%65" n1="%E6%94%BE%E9%8A%83%E7%8E%8B%EF%BC%94" n2="%E8%8B%B1%E5%9B%BD%E5%A3%B2%E5%8D%B4" n3="%E3%83%9C%E3%83%9E%E3%83%BC" dan="17,17,17,16" rate="2206.46,2215.76,2134.34,2211.36" sx="F,F,M,M"/><TAIKYOKU oya="0"/><INIT seed="0,0,0,3,4,65" ten="250,250,250,250" oya="0" hai0="112,135,106,70,26,122,110,102,103,36,54,114,17" hai1="125,53,45,0,52,34,126,120,104,128,64,130,75" hai2="8,2,3,6,13,9,56,19,69,129,72,57,22" hai3="63,121,61,101,80,93,67,124,85,83,127,78,49"/><T32/><D122/><U71/><E104/><V99/><F72/><W82/><G121/><T95/><D135/><U94/><E34/><V62/><F129/><N who="1" m="49769" /><E0/><V58/><F99/><N who="3" m="59631" /><G63/><T81/><D36/><U44/><E75/><V31/><F31/><W12/><G12/><T50/><D106/><U105/><E105/><V15/><REACH who="2" step="1"/><F9/><REACH who="2" ten="250,250,240,250" step="2"/><W89/><G124/><T16/><D114/><U51/><E120/><V115/><F115/><W87/><G127/><T4/><D112/><U117/><E117/><V123/><F123/><W86/><G49/><T28/><D50/><N who="1" m="28743" /><E94/><V37/><F37/><W134/><G134/><T132/><D95/><U47/><E45/><V118/><F118/><W76/><G61/><AGARI ba="0,1" hai="47,51,53,61,64,71,125,126" m="28743,49769" machi="61" ten="30,8000,1" yaku="19,1,34,2,52,1,54,1" doraHai="65" who="1" fromWho="3" sc="250,0,250,90,240,0,250,-80" /><INIT seed="1,0,0,1,3,132" ten="250,340,240,170" oya="1" hai0="73,57,70,28,89,59,82,128,74,1,112,94,108" hai1="44,91,9,81,38,49,30,100,6,20,105,4,62" hai2="118,29,109,15,71,48,106,117,55,80,119,87,11" hai3="45,50,24,40,130,51,98,16,114,102,32,86,83"/><U88/><E38/><V41/><F71/><W8/><G114/><T122/><D1/><U63/><E105/><V90/><F106/><W18/><G130/><T5/><D70/><U42/><E100/><V46/><F109/><W120/><G120/><T75/><D108/><U101/><E101/><V13/><F29/><W134/><G134/><T125/><D112/><U37/><E37/><V33/><F33/><W60/><G60/><N who="1" m="23082" /><E9/><V104/><F104/><W127/><G127/><T61/><D5/><N who="1" m="2155" /><E81/><V26/><F26/><AGARI ba="0,0" hai="20,26,30,42,44,49,88,91" m="2155,23082" machi="26" ten="30,2900,0" yaku="8,1,54,1" doraHai="132" who="1" fromWho="2" sc="250,0,340,29,240,-29,170,0" /><INIT seed="1,1,0,2,5,9" ten="250,369,211,170" oya="1" hai0="67,131,54,52,30,57,80,10,14,86,79,87,122" hai1="88,84,109,38,130,112,78,66,125,127,50,33,123" hai2="73,62,42,46,129,119,118,58,102,31,85,2,28" hai3="108,29,82,107,91,63,24,11,48,22,106,37,23"/><U104/><E123/><V111/><F73/><W32/><G37/><T72/><D131/><U121/><E121/><V60/><F2/><W116/><G116/><T113/><D113/><U8/><E38/><V51/><F111/><W16/><G108/><T17/><D122/><U13/><E109/><V12/><F129/><W75/><G32/><T7/><D30/><U41/><E104/><V64/><F102/><W45/><G11/><T81/><D72/><U47/><E33/><V76/><F62/><W68/><G63/><N who="0" m="38383" /><D7/><U61/><E78/><AGARI ba="1,0" hai="10,14,17,52,54,78,79,80,81,86,87" m="38383" machi="78" ten="30,3900,0" yaku="8,1,52,1,54,1" doraHai="9" who="0" fromWho="1" sc="250,42,369,-42,211,0,170,0" /><INIT seed="2,0,0,2,5,32" ten="292,327,211,170" oya="2" hai0="24,55,108,9,21,11,95,27,29,53,84,50,38" hai1="46,131,87,36,34,103,133,89,16,126,49,121,23" hai2="123,61,4,2,33,135,88,112,105,99,124,82,37" hai3="52,39,12,78,73,8,0,122,40,58,77,97,116"/><V132/><F112/><W66/><G66/><T81/><D108/><U85/><E133/><N who="2" m="51275" /><F123/><W119/><G122/><T35/><D38/><U13/><E121/><V47/><F33/><W25/><G25/><T69/><D95/><U10/><E34/><V15/><F15/><W45/><G97/><T102/><D102/><U106/><E131/><V76/><F61/><W134/><G134/><T63/><D55/><U68/><E68/><V128/><F128/><W43/><G43/><T28/><D69/><U3/><E36/><V6/><F6/><N who="3" m="1095" /><G12/><T79/><D63/><U71/><E71/><V101/><F124/><W48/><G78/><T83/><D83/><AGARI ba="0,0" hai="39,40,45,48,52,58,73,77,83,116,119" m="1095" machi="83" ten="30,3900,0" yaku="25,1,52,1,54,1" doraHai="32" who="3" fromWho="0" sc="292,-39,327,0,211,0,170,39" /><INIT seed="3,0,0,5,2,79" ten="253,327,211,209" oya="3" hai0="91,111,105,21,75,135,98,28,73,49,50,11,47" hai1="99,81,113,107,55,67,34,129,23,57,96,5,80" hai2="119,94,56,69,29,17,106,112,134,61,109,118,121" hai3="12,59,108,123,124,115,90,38,122,87,30,1,132"/><W127/><G1/><T41/><D111/><U42/><E34/><V128/><F17/><W31/><G38/><T63/><D135/><U131/><E113/><V82/><F56/><W16/><G115/><T14/><D50/><U9/><E42/><V24/><F94/><W102/><G102/><T78/><D63/><U74/><E23/><V25/><F61/><W43/><G43/><T72/><D21/><U103/><E96/><V18/><F18/><W2/><G2/><T45/><D28/><N who="3" m="10793" /><G59/><T101/><D91/><U36/><E36/><V126/><F29/><W93/><G108/><T116/><D45/><U4/><E67/><V39/><F25/><W19/><G19/><T22/><D22/><U77/><E80/><V27/><F82/><N who="3" m="49527" /><G132/><T85/><D116/><U52/><E55/><V86/><F86/><W37/><G93/><T95/><D85/><U64/><E64/><V117/><F27/><W60/><G60/><T33/><D33/><U44/><E44/><V114/><F24/><W15/><G15/><T58/><D58/><U130/><REACH who="1" step="1"/><E9/><REACH who="1" ten="253,317,211,209" step="2"/><V32/><F118/><W20/><G37/><T133/><D133/><U97/><E97/><V35/><F35/><W51/><G51/><AGARI ba="0,1" hai="4,5,51,52,57,74,77,81,99,103,107,129,130,131" machi="51" ten="40,12000,2" yaku="1,1,19,1,52,1,54,1,53,2" doraHai="79" doraHaiUra="3" who="1" fromWho="3" sc="253,0,317,130,211,0,209,-120" /><INIT seed="4,0,0,3,2,97" ten="253,447,211,89" oya="0" hai0="78,33,23,17,103,111,12,41,113,88,122,6,107" hai1="2,20,126,85,35,124,30,21,121,4,128,56,60" hai2="76,14,75,80,94,45,36,61,104,106,125,70,51" hai3="133,134,91,40,131,32,92,74,42,135,29,87,57"/><T49/><D113/><U11/><E121/><V90/><F125/><N who="1" m="48233" /><E128/><V55/><F36/><W100/><G74/><T7/><D33/><U130/><E130/><V5/><F5/><W127/><G131/><T119/><D78/><U68/><E68/><V65/><REACH who="2" step="1"/><F14/><REACH who="2" ten="253,447,201,89" step="2"/><W86/><G127/><T84/><D7/><U95/><E4/><V18/><F18/><W48/><G32/><T123/><D6/><U24/><E2/><V66/><F66/><W13/><G13/><T77/><D123/><U71/><E35/><V115/><F115/><W72/><G29/><T44/><D122/><U3/><E3/><V102/><F102/><W64/><G64/><T116/><D111/><U37/><E37/><V67/><F67/><W99/><G72/><T46/><D116/><U59/><E30/><V54/><F54/><N who="3" m="31943" /><G87/><AGARI ba="0,1" hai="45,51,55,61,65,70,75,76,80,87,90,94,104,106" machi="87" ten="30,2000,0" yaku="1,1,7,1,53,0" doraHai="97" doraHaiUra="15" who="2" fromWho="3" sc="253,0,447,0,201,30,89,-20" /><INIT seed="5,0,0,0,2,22" ten="253,447,231,69" oya="1" hai0="9,69,130,129,59,73,106,104,134,113,24,91,16" hai1="11,50,32,102,90,4,46,84,12,135,38,42,93" hai2="108,44,81,107,65,133,2,6,34,33,71,7,35" hai3="110,48,111,64,53,132,68,120,88,85,66,31,117"/><U126/><E126/><V78/><F108/><W62/><G120/><T23/><D69/><U79/><E135/><V57/><F107/><W72/><G72/><T96/><D73/><U45/><E32/><V26/><F71/><W49/><G117/><T5/><D113/><U55/><E102/><V20/><F133/><W86/><G132/><T76/><D76/><U131/><E131/><N who="0" m="50185" /><D59/><U37/><E79/><V8/><F7/><W119/><G119/><T15/><D134/><U52/><REACH who="1" step="1"/><E55/><REACH who="1" ten="253,437,231,69" step="2"/><V43/><F34/><W70/><G53/><T127/><D127/><U1/><E1/><V61/><F33/><W124/><G124/><T0/><D0/><U47/><E47/><V36/><F35/><W74/><G74/><T98/><D91/><U13/><E13/><V40/><F43/><W60/><REACH who="3" step="1"/><G88/><REACH who="3" ten="253,437,231,59" step="2"/><T25/><D98/><U109/><E109/><V56/><F78/><W51/><G51/><AGARI ba="0,2" hai="4,11,12,37,38,42,45,46,50,51,52,84,90,93" machi="51" ten="30,5800,0" yaku="1,1,7,1,54,1,53,0" doraHai="22" doraHaiUra="77" who="1" fromWho="3" sc="253,0,437,78,231,0,59,-58" /><INIT seed="5,1,0,5,2,32" ten="253,515,231,1" oya="1" hai0="122,11,97,123,31,77,90,46,54,81,79,59,96" hai1="65,71,100,60,26,75,133,51,124,36,126,105,125" hai2="69,101,110,20,104,83,7,19,44,57,87,109,86" hai3="43,16,48,58,88,28,5,64,15,45,63,10,22"/><U80/><E36/><V120/><F120/><N who="0" m="46122" /><D46/><U52/><E133/><V35/><F35/><W6/><G28/><T27/><D11/><U93/><E105/><V62/><F69/><W76/><G76/><N who="0" m="29259" /><D81/><U38/><E80/><V102/><F104/><W135/><G135/><T17/><D17/><U134/><E134/><V9/><F44/><W118/><G118/><T107/><D90/><U131/><E38/><V37/><F37/><W0/><G0/><T24/><D24/><U34/><E75/><V132/><F132/><W25/><G6/><T39/><D39/><U29/><E26/><V40/><F40/><W119/><G119/><T21/><D107/><U56/><E29/><V103/><F83/><W72/><G72/><T130/><D130/><U53/><E34/><V108/><F20/><W113/><G113/><T49/><AGARI ba="1,0" hai="21,27,31,49,54,59,96,97" m="29259,46122" machi="49" ten="30,1100,0" yaku="13,1" doraHai="32" who="0" fromWho="0" sc="253,14,515,-6,231,-4,1,-4" owari="267,7.0,509,60.0,227,-17.0,-3,-50.0" /></mjloggm>