<mjloggm ver="2.3"><GO type="185" lobby="0"/><UN n0="%E3%83%A8%E3%83%83%E3%82%B7%E3%83%BC%39%7A%64%65" n1="%E6%A8%BD%E3%81%AA%E3%81%AE%E5%A3%8A%E3%81%95%E3%81%AA%E3%81%84%E3%81%A7" n2="%E5%8C%97%E5%B0%8F%E8%B7%AF%3A%E9%9A%86%E5%A4%AA" n3="" dan="16,17,16,0" rate="2180.11,2293.02,2203.80,1500.00" sx="M,M,M,C"/><TAIKYOKU oya="0"/><INIT seed="0,0,0,2,0,134" ten="350,350,350,0" oya="0" hai0="121,49,54,45,96,129,84,120,95,132,46,60,125" hai1="126,97,87,93,61,117,135,59,50,44,52,51,64" hai2="48,36,131,57,122,68,42,102,100,106,66,79,76" hai3=""/><T94/><N who="0" m="30752" /><T107/><N who="0" m="31008" /><T53/><D132/><U65/><E135/><V108/><N who="2" m="31264" /><V91/><F131/><T71/><D129/><U1/><E1/><V55/><F108/><T133/><D133/><U92/><E117/><V62/><F91/><T32/><D32/><U77/><E51/><V81/><F106/><T35/><D35/><U118/><E118/><V0/><F0/><T75/><D75/><U43/><E126/><V69/><F69/><T3/><D3/><U124/><E124/><V104/><F104/><T110/><D110/><U112/><E112/><V82/><F82/><T56/><D125/><U105/><E105/><V103/><REACH who="2" step="1"/><F81/><REACH who="2" ten="350,350,340,0" step="2"/><T99/><D107/><U111/><E111/><V40/><F40/><T67/><D95/><U39/><E77/><V83/><F83/><T34/><D34/><U123/><N who="1" m="31520" /><U63/><E93/><V38/><F38/><T73/><D71/><U89/><E97/><V70/><F70/><T37/><D37/><U114/><E114/><V130/><F130/><T127/><D127/><U119/><E119/><V115/><F115/><T78/><D78/><U98/><E98/><V41/><F41/><T116/><D116/><U113/><E113/><V128/><F128/><RYUUKYOKU ba="0,1" sc="350,-20,350,10,340,10,0,0" hai1="39,43,44,50,52,59,61,63,64,65,87,89,92" hai2="36,42,48,55,57,62,66,68,76,79,100,102,103" /><INIT seed="1,1,1,2,3,83" ten="330,360,350,0" oya="1" hai0="102,48,104,84,73,76,126,38,131,40,36,32,78" hai1="82,79,96,50,37,74,33,34,87,59,122,130,0" hai2="119,99,52,77,85,61,134,112,43,41,69,106,57" hai3=""/><U86/><N who="1" m="31264" /><U103/><E0/><V67/><F119/><T98/><D32/><U45/><E130/><V92/><F112/><T111/><D131/><U110/><E110/><V62/><F134/><T49/><D111/><U3/><E3/><V108/><F108/><T91/><D126/><U75/><E37/><V113/><F113/><T60/><D60/><U100/><E59/><V93/><F106/><T97/><D97/><U90/><E34/><V121/><N who="2" m="31008" /><V114/><F114/><T46/><D78/><U51/><E51/><V123/><N who="2" m="31520" /><V94/><REACH who="2" step="1"/><F99/><REACH who="2" ten="330,360,340,0" step="2"/><T105/><D105/><U116/><E33/><V95/><N who="2" m="23552" /><DORA hai="118" /><V54/><F54/><T125/><D98/><U81/><E116/><V129/><F129/><T70/><D104/><U89/><E96/><V115/><F115/><T132/><D132/><U1/><E1/><V42/><F42/><T107/><D40/><U117/><E117/><V120/><N who="2" m="30752" /><V35/><F35/><T44/><D107/><U101/><E79/><V71/><F71/><T133/><D70/><U58/><E103/><V124/><F124/><T127/><D76/><U135/><E135/><V65/><F65/><T63/><D133/><U88/><E101/><V47/><F47/><RYUUKYOKU ba="1,2" sc="330,-10,360,-10,340,20,0,0" hai2="41,43,52,57,61,62,67,69,77,85" /><INIT seed="2,2,2,2,2,102" ten="320,350,360,0" oya="2" hai0="90,104,58,42,40,43,105,54,88,82,55,135,92" hai1="77,56,119,126,120,71,113,107,75,72,35,67,46" hai2="115,53,64,133,51,70,101,121,84,74,62,60,103" hai3=""/><V86/><N who="2" m="31008" /><V80/><F115/><T131/><D131/><U94/><N who="1" m="30752" /><U93/><E35/><V0/><F0/><T99/><D135/><U68/><E119/><V117/><F117/><T33/><D33/><U91/><E113/><V108/><F133/><T111/><D111/><U122/><N who="1" m="31264" /><U109/><E109/><V32/><F32/><T76/><D90/><U49/><E107/><V69/><F74/><T73/><REACH who="0" step="1"/><D55/><REACH who="0" ten="310,350,360,0" step="2"/><U81/><E126/><V83/><F108/><T57/><D57/><U106/><E56/><V114/><F114/><T118/><D118/><U95/><E71/><V134/><F134/><T87/><D87/><U96/><E75/><V89/><F69/><T112/><D112/><U52/><REACH who="1" step="1"/><E106/><REACH who="1" ten="310,340,360,0" step="2"/><V59/><REACH who="2" step="1"/><F60/><AGARI ba="2,4" hai="40,42,43,54,58,60,73,76,82,88,92,99,104,105" machi="60" ten="40,8000,1" yaku="1,1,52,2,54,1,53,0" doraHai="102" doraHaiUra="34" who="0" fromWho="2" sc="310,124,340,0,360,-84,0,0" /><AGARI ba="2,0" hai="46,49,52,60,67,68,72,77,81,91,93,94,95,96" m="31264,30752" machi="60" ten="40,8000,1" yaku="1,1,2,1,52,2,54,1,53,0" doraHai="102" doraHaiUra="34" who="1" fromWho="2" sc="434,0,340,80,276,-80,0,0" /><INIT seed="4,0,0,2,3,85" ten="434,420,196,0" oya="0" hai0="63,39,43,110,75,60,132,70,38,127,68,49,35" hai1="87,134,109,90,128,40,76,113,126,59,95,42,37" hai2="135,56,61,79,129,92,45,102,112,93,44,105,32" hai3=""/><T120/><N who="0" m="30752" /><T115/><D35/><U125/><E109/><V130/><F32/><T88/><D75/><U53/><E134/><V65/><F135/><T78/><D132/><U54/><E128/><N who="2" m="49259" /><F112/><T94/><D110/><U107/><E107/><V34/><F34/><T73/><D127/><U74/><E113/><V84/><F105/><T99/><D115/><U48/><E37/><V55/><F102/><T122/><N who="0" m="31264" /><T111/><D111/><U2/><E2/><V131/><N who="2" m="49267" /><V77/><DORA hai="114" /><F44/><T51/><D51/><U119/><E119/><V97/><F97/><T82/><D49/><U1/><E1/><V106/><F106/><T124/><D124/><U46/><E126/><V3/><F3/><T100/><D39/><U50/><E125/><V57/><F45/><T47/><REACH who="0" step="1"/><D100/><REACH who="0" ten="424,420,196,0" step="2"/><U58/><E46/><V96/><F96/><T62/><AGARI ba="0,1" hai="38,43,47,60,62,63,68,70,73,78,82,88,94,99" m="31264,30752" machi="62" ten="30,16000,3" yaku="1,1,2,1,0,1,52,3,54,1,53,1" doraHai="85,114" doraHaiUra="71,81" who="0" fromWho="0" sc="424,170,420,-80,196,-80,0,0" /><INIT seed="4,1,0,5,0,105" ten="594,340,116,0" oya="0" hai0="38,97,0,81,129,73,45,71,47,64,111,57,32" hai1="110,96,119,107,65,49,67,66,75,123,87,50,99" hai2="39,91,94,90,84,80,41,132,78,79,36,133,117" hai3=""/><T101/><D129/><U116/><N who="1" m="31520" /><U53/><E110/><V102/><F41/><T72/><D111/><U135/><E135/><N who="2" m="51787" /><F36/><T46/><D32/><U127/><E127/><V54/><F54/><T3/><D71/><U55/><E87/><V93/><F39/><T58/><D38/><U42/><E107/><V113/><F117/><T109/><D109/><U121/><N who="1" m="31008" /><U83/><E83/><V62/><F62/><T37/><D37/><U2/><E42/><V98/><F113/><T60/><D81/><U43/><E43/><V69/><F69/><T106/><REACH who="0" step="1"/><D58/><REACH who="0" ten="584,340,116,0" step="2"/><U68/><E68/><V118/><F118/><T61/><D61/><U128/><E119/><V104/><F104/><T1/><AGARI ba="1,1" hai="0,1,3,45,46,47,57,60,64,72,73,97,101,106" machi="1" ten="40,8000,1" yaku="1,1,0,1,52,2,53,0" doraHai="105" doraHaiUra="70" who="0" fromWho="0" sc="584,92,340,-41,116,-41,0,0" /><INIT seed="4,2,0,0,2,108" ten="676,299,75,0" oya="0" hai0="116,94,97,77,124,0,51,126,82,130,105,110,45" hai1="46,65,79,32,58,50,86,133,52,83,125,89,85" hai2="54,2,121,49,135,55,47,117,73,42,59,128,35" hai3=""/><T71/><D0/><U120/><N who="1" m="30752" /><U64/><E133/><V92/><N who="2" m="31008" /><V76/><F2/><T39/><D39/><U99/><E125/><N who="0" m="48233" /><D71/><U100/><E32/><V80/><F35/><T69/><D69/><U103/><E46/><V36/><F117/><T104/><D110/><U38/><E38/><V131/><F135/><T118/><D130/><U3/><E3/><V75/><F75/><T112/><D112/><U56/><E56/><V53/><REACH who="2" step="1"/><F92/><REACH who="2" ten="676,299,65,0" step="2"/><T43/><D116/><U68/><E68/><V90/><F90/><T34/><D118/><U63/><E103/><V84/><F84/><T101/><D34/><U1/><E1/><V107/><F107/><T44/><D44/><U95/><E86/><AGARI ba="2,1" hai="43,45,51,77,82,86,94,97,101,104,105" m="48233" machi="86" ten="30,1500,0" yaku="18,1" doraHai="108" who="0" fromWho="1" sc="676,29,299,-19,65,0,0,0" /><INIT seed="4,3,0,2,3,87" ten="705,280,65,0" oya="0" hai0="72,123,100,53,52,40,64,91,135,67,78,120,115" hai1="133,39,113,128,55,69,79,103,132,63,94,57,126" hai2="80,48,125,74,84,110,92,81,127,93,47,76,41" hai3=""/><T38/><N who="0" m="30752" /><T118/><N who="0" m="31520" /><T58/><D118/><U49/><E39/><V60/><F110/><T44/><D115/><U90/><E79/><V34/><F34/><T108/><D108/><U95/><E128/><V114/><F114/><T3/><D3/><U107/><E126/><N who="2" m="48139" /><F60/><T112/><D112/><U131/><E131/><V101/><F101/><T106/><D135/><U75/><E75/><V83/><F83/><T111/><D111/><U59/><E69/><V122/><N who="2" m="31264" /><V61/><F61/><T121/><N who="0" m="31008" /><T109/><D109/><U99/><E107/><V66/><F66/><T71/><D64/><U51/><E113/><V134/><F134/><N who="1" m="51817" /><E59/><V77/><AGARI ba="3,0" hai="41,47,48,74,76,77,80,81,84,92,93" m="31264,48139" machi="77" ten="30,1500,0" yaku="18,1,52,1" doraHai="87" who="2" fromWho="2" sc="705,-13,280,-8,65,21,0,0" /><INIT seed="5,0,0,2,2,123" ten="692,272,86,0" oya="1" hai0="94,44,34,127,113,64,131,59,103,90,75,133,96" hai1="132,73,116,82,101,104,80,36,84,79,135,45,128" hai2="98,72,40,67,83,71,108,35,91,86,74,115,50" hai3=""/><U42/><E116/><V65/><F115/><T37/><D34/><U99/><REACH who="1" step="1"/><E128/><REACH who="1" ten="692,262,86,0" step="2"/><V130/><F130/><T124/><D131/><U77/><AGARI ba="0,1" hai="36,42,45,73,77,79,80,82,84,99,101,104,132,135" machi="77" ten="30,4000,0" yaku="1,1,2,1,0,1,53,0" doraHai="123" doraHaiUra="49" who="1" fromWho="1" sc="692,-20,262,50,86,-20,0,0" /><INIT seed="5,1,0,2,2,68" ten="672,312,66,0" oya="1" hai0="48,58,75,127,119,132,56,79,59,85,100,108,120" hai1="114,51,93,67,115,130,77,131,97,118,110,46,86" hai2="53,116,129,65,3,91,105,126,121,122,96,50,42" hai3=""/><U52/><E118/><V66/><N who="2" m="31008" /><V87/><N who="2" m="31264" /><V92/><F126/><T84/><N who="0" m="30752" /><T128/><D108/><U60/><E110/><V109/><F109/><T99/><D127/><U71/><E86/><V36/><F116/><T76/><D128/><N who="1" m="49195" /><E77/><V37/><F3/><T107/><D132/><U133/><E133/><V95/><F105/><T90/><D119/><U49/><E49/><V69/><F42/><T103/><D103/><AGARI ba="1,0" hai="46,51,52,60,67,71,93,97,103,114,115" m="49195" machi="103" ten="30,2900,0" yaku="19,1,54,1" doraHai="68" who="1" fromWho="0" sc="672,-31,312,31,66,0,0,0" /><INIT seed="5,2,0,3,5,50" ten="641,343,66,0" oya="1" hai0="100,67,129,115,127,39,1,47,105,86,123,54,114" hai1="80,81,113,94,121,61,131,75,118,33,93,76,37" hai2="108,64,91,68,95,135,55,101,134,65,59,106,57" hai3=""/><U38/><N who="1" m="31008" /><U102/><E118/><V119/><F119/><T72/><N who="0" m="31520" /><T66/><D1/><U117/><E117/><V52/><F68/><T116/><D116/><U110/><E33/><V104/><F101/><T77/><D72/><U40/><E110/><V70/><F70/><T56/><D127/><U44/><E131/><V96/><F108/><T82/><D129/><U58/><E113/><N who="0" m="43017" /><D100/><U62/><E37/><V98/><F91/><T36/><D105/><U87/><E61/><V103/><F103/><T32/><D32/><U132/><E132/><V120/><REACH who="2" step="1"/><F95/><REACH who="2" ten="641,343,56,0" step="2"/><T42/><D39/><U43/><E102/><V41/><F41/><T89/><D89/><U122/><N who="1" m="31264" /><AGARI ba="2,1" hai="52,55,57,59,64,65,96,98,104,106,120,122,134,135" machi="122" ten="25,12000,2" yaku="1,1,22,2,52,2,54,1,53,0" doraHai="50" doraHaiUra="2" who="2" fromWho="1" sc="641,0,343,-124,56,134,0,0" /><INIT seed="6,0,0,3,4,127" ten="641,219,190,0" oya="2" hai0="130,61,101,41,112,98,54,65,76,128,74,81,96" hai1="117,135,105,95,43,68,40,73,129,75,36,78,64" hai2="49,63,111,53,71,120,42,97,51,55,124,33,131" hai3=""/><V66/><N who="2" m="30752" /><V122/><N who="2" m="31264" /><V83/><F33/><T39/><D54/><U45/><E117/><V50/><F124/><T134/><D134/><U91/><E105/><V2/><F2/><T57/><D112/><U58/><E135/><V100/><F111/><T1/><D1/><U0/><E0/><V123/><N who="2" m="31520" /><V77/><F42/><T107/><REACH who="0" step="1"/><D96/><REACH who="0" ten="631,219,190,0" step="2"/><U47/><E43/><V84/><REACH who="2" step="1"/><F131/><REACH who="2" ten="631,219,180,0" step="2"/><T118/><D118/><U70/><E129/><V113/><F113/><T62/><D62/><U44/><E40/><V85/><F85/><T67/><D67/><U60/><E64/><V121/><N who="2" m="31008" /><V69/><F69/><T92/><D92/><AGARI ba="0,2" hai="49,50,51,53,55,63,66,71,77,83,84,92,97,100" m="31008,31520,31264,30752" machi="92" ten="40,18000,2" yaku="1,1,52,4,53,1" doraHai="127" doraHaiUra="79" who="2" fromWho="0" sc="631,-180,219,0,180,200,0,0" /><INIT seed="6,1,0,3,4,113" ten="451,219,380,0" oya="2" hai0="77,50,35,92,80,131,133,100,84,99,91,55,108" hai1="83,121,72,94,65,107,115,44,3,123,124,88,128" hai2="39,0,117,101,71,74,70,46,59,34,129,68,102" hai3=""/><V104/><F34/><T33/><D108/><U56/><N who="1" m="31008" /><U95/><N who="1" m="31520" /><U98/><E3/><V51/><F0/><T2/><D2/><U61/><E115/><V69/><F129/><T132/><D131/><U43/><E128/><V106/><F117/><T120/><N who="0" m="30752" /><T32/><REACH who="0" step="1"/><D100/><REACH who="0" ten="441,219,380,0" step="2"/><U1/><E1/><V42/><F74/><T118/><D118/><U45/><E124/><V114/><F114/><T111/><D111/><U90/><E107/><V36/><F106/><T79/><D79/><U87/><REACH who="1" step="1"/><E43/><REACH who="1" ten="441,209,380,0" step="2"/><V85/><F104/><T78/><D78/><AGARI ba="1,2" hai="44,45,56,61,65,72,78,83,87,88,90,94,95,98" m="31520,31008" machi="78" ten="40,12000,2" yaku="1,1,2,1,52,2,54,1,53,1" doraHai="113" doraHaiUra="82" who="1" fromWho="0" sc="441,-122,209,142,380,0,0,0" /><INIT seed="8,0,0,4,1,42" ten="319,351,380,0" oya="0" hai0="59,65,62,68,49,83,51,90,95,110,72,86,39" hai1="132,131,133,91,87,50,67,47,44,108,43,40,61" hai2="60,63,58,97,89,82,78,100,121,81,36,45,77" hai3=""/><T64/><D39/><U71/><E131/><V0/><N who="2" m="31008" /><V119/><F0/><T85/><D72/><U123/><N who="1" m="31520" /><U37/><REACH who="1" step="1"/><E108/><REACH who="1" ten="319,341,380,0" step="2"/><V79/><F119/><T103/><D110/><U48/><E48/><N who="0" m="18505" /><D68/><U98/><E98/><V112/><F112/><T52/><D103/><U38/><E38/><V124/><F100/><T109/><D109/><U101/><E101/><V107/><F36/><T80/><D80/><AGARI ba="0,1" hai="37,40,43,44,47,50,61,67,71,80,87,91,132,133" m="31520" machi="80" ten="40,8000,1" yaku="1,1,52,3,53,0" doraHai="42" doraHaiUra="127" who="1" fromWho="0" sc="319,-80,341,90,380,0,0,0" owari="239,-36.0,431,38.0,380,-2.0,0,0.0" /></mjloggm>