<mjloggm ver="2.3"><GO type="169" lobby="0"/><UN n0="%E3%81%BF%E3%82%84%E3%81%B3%40%E6%9D%B1%E9%A2%A8" n1="%E9%9D%92%E5%B1%B1%E5%AD%A6%E9%99%A2%EF%BC%94%E5%B9%B4" n2="%6B%61%74%65%72%69%6E%61" n3="%E5%A4%9A%E6%91%A9%E3%82%BD%E3%83%BC%E3%82%B8" dan="16,17,17,17" rate="2122.68,2200.73,2222.07,2268.59" sx="M,M,M,M"/><TAIKYOKU oya="0"/><INIT seed="0,0,0,0,4,77" ten="250,250,250,250" oya="0" hai0="28,85,113,58,51,99,67,128,72,108,55,101,35" hai1="9,94,10,118,52,59,92,65,38,132,32,45,31" hai2="36,6,119,33,129,15,80,3,68,18,60,126,11" hai3="131,49,57,112,61,20,17,26,93,135,120,13,42"/><T133/><D113/><U117/><E132/><V8/><F126/><W88/><G131/><T29/><D128/><U125/><E125/><V102/><F129/><W2/><G135/><T79/><D133/><U5/><E65/><V87/><F119/><W47/><G120/><T0/><D0/><U1/><E10/><V103/><F36/><W78/><G2/><T24/><D108/><U41/><E32/><V91/><REACH who="2" step="1"/><F33/><REACH who="2" ten="250,250,240,250" step="2"/><W64/><G112/><T130/><D130/><U90/><E31/><V115/><F115/><W74/><G74/><T62/><D28/><U69/><E69/><V34/><F34/><W30/><G78/><T110/><D110/><U54/><E94/><V96/><F96/><N who="3" m="57383" /><G30/><T27/><D29/><U66/><E66/><AGARI ba="0,1" hai="3,6,8,11,15,18,60,66,68,80,87,91,102,103" machi="66" ten="40,5200,0" yaku="1,1,52,1,53,1" doraHai="77" doraHaiUra="83" who="2" fromWho="1" sc="250,0,250,-52,240,62,250,0" /><INIT seed="1,0,0,4,3,44" ten="250,198,302,250" oya="1" hai0="61,10,88,17,52,27,119,74,128,111,20,94,85" hai1="60,23,83,92,32,90,91,62,100,106,102,47,11" hai2="118,46,45,50,26,112,4,2,66,129,130,57,122" hai3="81,114,8,115,70,7,55,6,82,16,87,86,99"/><U126/><E32/><V71/><F26/><W98/><G70/><T38/><D111/><U67/><E106/><V80/><F80/><W109/><G109/><T5/><D128/><N who="2" m="49258" /><F4/><W64/><G64/><T65/><D119/><U113/><E113/><V69/><F2/><W73/><G55/><T78/><D38/><U123/><E123/><V43/><F122/><W39/><G39/><T79/><D74/><U72/><E11/><V124/><F124/><W31/><G8/><T41/><D41/><U42/><E23/><V3/><F3/><W59/><G59/><T134/><D134/><U131/><E126/><V21/><F21/><W84/><G16/><T36/><D36/><U133/><E133/><V95/><F95/><W24/><G73/><T77/><D65/><U135/><E135/><V40/><F118/><W25/><REACH who="3" step="1"/><G87/><REACH who="3" ten="250,198,302,240" step="2"/><T9/><D5/><U68/><E131/><V104/><F57/><AGARI ba="0,1" hai="9,10,17,20,27,52,57,61,77,78,79,85,88,94" machi="57" ten="40,5200,0" yaku="8,1,54,2" doraHai="44" who="0" fromWho="2" sc="250,62,198,0,302,-52,240,0" /><INIT seed="2,0,0,4,5,107" ten="312,198,250,240" oya="2" hai0="120,14,55,118,106,22,61,49,69,26,1,50,70" hai1="121,72,15,82,134,109,119,25,79,84,71,52,28" hai2="83,104,126,125,114,101,90,116,81,74,23,123,32" hai3="62,124,89,6,92,18,47,65,44,35,132,8,5"/><V27/><F32/><W9/><G35/><T127/><D120/><U4/><E119/><V63/><F123/><W98/><G132/><T7/><D118/><U56/><E121/><V20/><F114/><W122/><G124/><T53/><D127/><U66/><E109/><V117/><F63/><W30/><G30/><T112/><D112/><U34/><E134/><V110/><F104/><W51/><G122/><T85/><D106/><U31/><E28/><V67/><F67/><W13/><G51/><T105/><D105/><U54/><E71/><V12/><F12/><W17/><G17/><T37/><D37/><U115/><E115/><V87/><F101/><W97/><G98/><T80/><D1/><U88/><E66/><V76/><F125/><W99/><G99/><T131/><D131/><U2/><E2/><V108/><F126/><W16/><G5/><T59/><D14/><U38/><E38/><V95/><F83/><W111/><G18/><T11/><D11/><U64/><E64/><V33/><F20/><W113/><G111/><N who="2" m="42537" /><F33/><W128/><G128/><T45/><D7/><U78/><E56/><V75/><F75/><W41/><G41/><T77/><D61/><U43/><E43/><V73/><F73/><W133/><G133/><T24/><D24/><U100/><E100/><V3/><F3/><W129/><G129/><T42/><D42/><U0/><E0/><V96/><F96/><W135/><G135/><T40/><D40/><U86/><E72/><V36/><F36/><W19/><G113/><T10/><D10/><N who="1" m="4551" /><E84/><V130/><F130/><W21/><G62/><RYUUKYOKU ba="0,0" sc="312,10,198,10,250,10,240,-30" hai0="22,26,45,49,50,53,55,59,69,70,77,80,85" hai1="25,31,34,52,54,78,79,82,86,88" hai2="23,27,74,76,81,87,90,95,116,117" /><INIT seed="2,1,0,1,2,67" ten="322,208,260,210" oya="2" hai0="0,18,21,5,90,108,68,104,123,57,125,22,91" hai1="9,54,17,13,117,76,66,112,135,110,130,92,72" hai2="27,109,99,45,89,31,73,51,61,37,30,15,84" hai3="23,83,86,101,41,87,32,94,6,85,77,16,1"/><V24/><F73/><W52/><G32/><T53/><D123/><U20/><E112/><V134/><F37/><W62/><G41/><T26/><D108/><U107/><E107/><V50/><F109/><W19/><G1/><T56/><D104/><U43/><E110/><V115/><F115/><W34/><G34/><T71/><D125/><U97/><E117/><V70/><F70/><W96/><G6/><T35/><D35/><U48/><E130/><V102/><F61/><W11/><G11/><T14/><D0/><U44/><E135/><V81/><F15/><W79/><G79/><T59/><D53/><U33/><E33/><V69/><F69/><W39/><G39/><T124/><D124/><U95/><E66/><V2/><F2/><W103/><G103/><T128/><D128/><U98/><E76/><V82/><F82/><W36/><G36/><T88/><REACH who="0" step="1"/><D5/><REACH who="0" ten="312,208,260,210" step="2"/><U116/><E116/><V29/><F134/><W40/><G40/><T106/><D106/><U58/><E43/><N who="2" m="24895" /><F51/><W111/><G111/><T3/><D3/><U114/><E114/><V65/><F65/><W120/><G120/><T126/><D126/><U105/><E105/><V122/><F122/><W7/><G7/><T28/><AGARI ba="1,1" hai="14,18,21,22,26,28,56,57,59,68,71,88,90,91" machi="28" ten="30,8000,1" yaku="1,1,0,1,52,2,54,1,53,0" doraHai="67" doraHaiUra="80" who="0" fromWho="0" sc="312,93,208,-21,260,-41,210,-21" /><INIT seed="3,0,0,4,3,102" ten="405,187,219,189" oya="3" hai0="134,63,74,75,112,104,27,26,77,41,120,133,72" hai1="78,19,53,55,117,124,122,35,132,52,71,32,50" hai2="110,14,28,96,103,4,86,90,125,66,106,84,73" hai3="46,100,109,57,114,25,20,92,67,2,108,33,39"/><W91/><G114/><T21/><D77/><U61/><E122/><V43/><F110/><N who="3" m="42603" /><G2/><T17/><D120/><U10/><E78/><V37/><F125/><W24/><G33/><T107/><D112/><U16/><E124/><V47/><F28/><W45/><G100/><T131/><D131/><U85/><E85/><V59/><F73/><W30/><G39/><T121/><D121/><U15/><E132/><N who="0" m="50793" /><D41/><U0/><E117/><V51/><F37/><W29/><G67/><T11/><D11/><U126/><E126/><V76/><F76/><W38/><G57/><T49/><D49/><U82/><E82/><V79/><F79/><W101/><G101/><T34/><D63/><U3/><E50/><V65/><F86/><W93/><G38/><T62/><D62/><U129/><E129/><V68/><F59/><W113/><G113/><T54/><D54/><U118/><E118/><V95/><F68/><W116/><G116/><T23/><D34/><U22/><E35/><V130/><F130/><W88/><G25/><T9/><D9/><U40/><E40/><V56/><F56/><W115/><G115/><T5/><D5/><U97/><E97/><V123/><F123/><W128/><G128/><T98/><D98/><U80/><E32/><V99/><F99/><N who="3" m="57759" /><G30/><AGARI ba="0,0" hai="17,21,23,26,27,30,72,74,75,104,107" m="50793" machi="30" ten="40,5200,0" yaku="20,1,52,2" doraHai="102" who="0" fromWho="3" sc="405,52,187,0,219,0,189,-52" /><INIT seed="4,0,0,0,5,67" ten="457,187,219,137" oya="0" hai0="15,30,117,65,81,92,73,124,66,134,5,125,31" hai1="14,114,94,123,100,56,91,57,41,60,46,104,62" hai2="89,79,37,87,112,106,69,127,126,50,133,86,4" hai3="45,132,51,35,71,131,113,82,25,9,116,135,0"/><T54/><D117/><U99/><E123/><V24/><F37/><W130/><G116/><T84/><D54/><U122/><E122/><V44/><F106/><W55/><G82/><T21/><D92/><U59/><E114/><V80/><F112/><W3/><G113/><T74/><D21/><U43/><E14/><V49/><F133/><N who="3" m="51275" /><G55/><T17/><D134/><U61/><REACH who="1" step="1"/><E46/><REACH who="1" ten="457,177,219,137" step="2"/><V28/><F44/><W95/><G45/><T23/><D15/><U58/><N who="1" m="14336" /><DORA hai="121" /><U109/><E109/><V18/><F127/><W64/><G51/><T88/><D125/><U77/><E77/><V20/><F50/><W63/><G95/><T42/><D124/><U119/><E119/><V48/><F48/><W7/><G0/><T32/><D66/><U128/><E128/><V2/><F49/><W78/><G78/><T110/><D65/><U53/><E53/><V10/><F126/><W34/><G25/><T39/><D110/><U102/><E102/><V13/><F2/><W85/><G85/><AGARI ba="0,1" hai="41,43,60,61,62,85,91,94,99,100,104" m="14336" machi="85" ten="50,1600,0" yaku="1,1,53,0" doraHai="67,121" doraHaiUra="68,40" who="1" fromWho="3" sc="457,0,177,26,219,0,137,-16" /><INIT seed="5,0,0,2,5,22" ten="457,203,219,121" oya="1" hai0="39,121,65,14,99,77,20,43,60,38,49,91,8" hai1="32,19,111,118,108,115,40,26,37,94,12,56,124" hai2="25,80,105,31,133,1,81,119,73,15,35,97,69" hai3="46,72,27,21,131,18,41,110,34,127,90,13,89"/><U82/><E118/><V98/><F119/><W71/><G110/><T113/><D113/><U67/><E115/><V83/><F1/><W45/><G127/><T4/><D121/><U47/><E124/><V106/><F133/><W62/><G131/><T104/><D77/><U68/><E68/><V74/><F15/><W7/><G72/><T59/><D104/><U63/><E94/><V76/><F69/><W17/><G7/><T101/><D91/><U50/><E82/><V33/><F33/><W92/><G34/><T24/><D43/><U88/><E37/><V57/><F57/><W70/><G90/><T85/><D85/><U135/><E135/><V5/><F5/><W102/><G102/><T107/><D49/><U123/><E123/><V52/><F52/><W28/><G28/><AGARI ba="0,0" hai="4,8,14,20,24,28,38,39,59,60,65,99,101,107" machi="28" ten="30,2000,0" yaku="7,1,52,1" doraHai="22" who="0" fromWho="3" sc="457,20,203,0,219,0,121,-20" /><INIT seed="6,0,0,5,4,108" ten="477,203,219,101" oya="2" hai0="100,33,34,5,61,130,43,10,69,119,127,54,72" hai1="121,51,79,9,111,44,20,134,47,105,38,15,58" hai2="85,94,124,62,68,92,90,42,35,49,107,12,45" hai3="48,27,74,65,1,115,102,128,80,66,29,2,3"/><V53/><F124/><W103/><G128/><T13/><D130/><U56/><E105/><V55/><F107/><W31/><G48/><T93/><D72/><U36/><E79/><V32/><F32/><W78/><G27/><T86/><D127/><U81/><E81/><V88/><F35/><W129/><G129/><T24/><D119/><U19/><E111/><V7/><F68/><W25/><G25/><T113/><D113/><U122/><E134/><V40/><F7/><W118/><G118/><T84/><D43/><U131/><E131/><V22/><F22/><W135/><G135/><T46/><D84/><U125/><E125/><V132/><F12/><W18/><G18/><T8/><D24/><U21/><E9/><V91/><F91/><W71/><G71/><T6/><D46/><U63/><E21/><V41/><F55/><W123/><G123/><N who="1" m="47114" /><E47/><V114/><F132/><W4/><G4/><T96/><D86/><U23/><E23/><V106/><F106/><W109/><G109/><T11/><D11/><U98/><E98/><N who="2" m="57607" /><F114/><W52/><G52/><T17/><D69/><U133/><E133/><V116/><F116/><W110/><G115/><T89/><D89/><U83/><E83/><V76/><F76/><W39/><G39/><N who="1" m="14890" /><E63/><AGARI ba="0,0" hai="40,41,42,45,49,53,62,63,85,90,94" m="57607" machi="63" ten="30,2900,0" yaku="8,1,54,1" doraHai="108" who="2" fromWho="1" sc="477,0,203,-29,219,29,101,0" /><INIT seed="6,1,0,2,0,4" ten="477,174,248,101" oya="2" hai0="111,37,56,93,105,19,34,96,118,63,15,94,38" hai1="134,78,83,53,77,68,0,103,30,28,26,36,98" hai2="11,61,112,67,90,129,75,44,60,27,5,54,117" hai3="49,8,113,41,1,12,119,74,100,25,80,95,123"/><V104/><F117/><W115/><G123/><T50/><D111/><U116/><E36/><V101/><F112/><N who="3" m="43083" /><G119/><T120/><D120/><U132/><E116/><V102/><F75/><W16/><G1/><T17/><D34/><U72/><E78/><V108/><F108/><W88/><G25/><T87/><D105/><U21/><E68/><V73/><F73/><W39/><G39/><T47/><D38/><U81/><E81/><V23/><F129/><W125/><G125/><T43/><D37/><U99/><E0/><V66/><F90/><W135/><G135/><N who="1" m="51754" /><E53/><V6/><F6/><W18/><G100/><N who="0" m="60431" /><D15/><U35/><E103/><V48/><F104/><W32/><G32/><T51/><D51/><U2/><E2/><V14/><F61/><W86/><G18/><T133/><D133/><U130/><E130/><V62/><F62/><W65/><G65/><N who="2" m="24585" /><F60/><W106/><G106/><T70/><D70/><U52/><E35/><V64/><F64/><W107/><G107/><T7/><D7/><U122/><E122/><V121/><F121/><W40/><G49/><T45/><D118/><U109/><E109/><V128/><F128/><W84/><G74/><T91/><D45/><U59/><E30/><AGARI ba="1,0" hai="5,11,14,23,27,30,44,48,54,101,102" m="24585" machi="30" ten="30,2900,0" yaku="8,1,52,1" doraHai="4" who="2" fromWho="1" sc="477,0,174,-32,248,32,101,0" /><INIT seed="6,2,0,2,5,128" ten="477,142,280,101" oya="2" hai0="91,118,23,40,130,100,134,92,16,44,21,0,135" hai1="32,86,76,20,77,114,15,84,133,97,58,11,57" hai2="83,47,94,102,93,19,26,108,121,28,62,120,65" hai3="69,13,74,18,119,80,41,30,1,79,33,2,51"/><V68/><F108/><W96/><G119/><T89/><D130/><U63/><E32/><V123/><F102/><W35/><G69/><T54/><D0/><U132/><E114/><V67/><F67/><W50/><G1/><T117/><D100/><U29/><E97/><V111/><F111/><W34/><G2/><T7/><D7/><U59/><E63/><V45/><F19/><W110/><G110/><T71/><D23/><U46/><E46/><V6/><F6/><W60/><G30/><T122/><D54/><U38/><E38/><V14/><F14/><W43/><G60/><T22/><D22/><U31/><E20/><V66/><F66/><W17/><G96/><N who="0" m="57359" /><D91/><U10/><E58/><V73/><F94/><W12/><G80/><T115/><D122/><U95/><E95/><V98/><F93/><W52/><G79/><T24/><D115/><U39/><E39/><V78/><REACH who="2" step="1"/><F98/><REACH who="2" ten="477,142,270,101" step="2"/><W9/><G13/><AGARI ba="2,1" hai="10,11,13,15,29,31,57,59,76,77,84,86,132,133" machi="13" ten="25,6400,0" yaku="22,2,52,2" doraHai="128" who="1" fromWho="3" sc="477,0,142,80,270,0,101,-70" /><INIT seed="7,0,0,3,1,98" ten="477,222,270,31" oya="3" hai0="5,95,61,124,116,60,93,126,15,119,121,134,104" hai1="83,105,59,122,36,115,57,7,69,82,90,29,78" hai2="125,110,35,11,135,70,96,99,39,42,92,132,33" hai3="68,97,46,31,65,54,106,8,88,63,75,45,18"/><W62/><G75/><T56/><D104/><U133/><E69/><V16/><F110/><W48/><G31/><T101/><D121/><U44/><E122/><V100/><F70/><W1/><G62/><T2/><D2/><U76/><E29/><V94/><F125/><N who="0" m="48234" /><D134/><N who="2" m="51242" /><F42/><W108/><G108/><T80/><D80/><U74/><E90/><N who="2" m="55319" /><F39/><W112/><G112/><T51/><D93/><U84/><E105/><V71/><F71/><W6/><G18/><T3/><D3/><U129/><E129/><V103/><F103/><W50/><G106/><T123/><D123/><U10/><E115/><V23/><F11/><W40/><REACH who="3" step="1"/><G97/><REACH who="3" ten="477,222,270,21" step="2"/><N who="0" m="59583" /><D61/><U131/><E133/><V17/><F17/><W127/><G127/><T79/><D60/><U32/><E131/><V91/><F35/><W86/><G86/><T25/><D25/><U9/><E32/><V20/><F33/><W89/><AGARI ba="0,1" hai="1,6,8,40,45,46,48,50,54,63,65,68,88,89" machi="89" ten="30,11700,0" yaku="1,1,0,1,54,1,53,1" doraHai="98" doraHaiUra="37" who="3" fromWho="3" sc="477,-39,222,-39,270,-39,21,127" /><INIT seed="7,1,0,2,2,38" ten="438,183,231,148" oya="3" hai0="56,115,41,23,75,120,62,87,60,112,90,125,77" hai1="20,118,7,81,84,127,19,46,30,107,108,78,65" hai2="67,24,42,3,26,134,53,106,83,10,18,130,32" hai3="99,9,105,74,76,15,35,1,133,82,122,119,101"/><W45/><G133/><T12/><D120/><U111/><E107/><V104/><F134/><W123/><G119/><T110/><D110/><U6/><E30/><V135/><F67/><W63/><G35/><T57/><D125/><U121/><E121/><V71/><F71/><W34/><G34/><T103/><D103/><U128/><E128/><V49/><F26/><W17/><G1/><T73/><D41/><U21/><E127/><V54/><F54/><W48/><REACH who="3" step="1"/><G63/><REACH who="3" ten="438,183,231,138" step="2"/><T72/><D62/><U43/><E118/><V50/><F32/><W97/><G97/><T94/><D60/><U0/><E65/><V93/><F3/><W70/><G70/><T2/><D2/><U100/><E0/><V114/><F135/><W91/><G91/><T13/><D77/><U69/><E69/><V39/><F130/><W51/><G51/><T40/><D90/><U55/><E111/><V37/><F50/><W129/><G129/><T102/><D102/><U117/><E108/><V92/><F49/><W89/><G89/><T80/><D57/><U33/><E33/><V58/><F58/><W131/><G131/><T79/><D56/><U109/><E109/><V86/><F39/><W8/><G8/><T27/><D79/><U64/><E117/><V66/><F10/><W98/><G98/><T61/><D61/><U116/><E116/><V52/><F37/><W16/><G16/><T68/><D23/><U126/><E20/><V85/><F18/><W28/><G28/><T25/><D68/><U96/><E21/><V22/><F22/><W4/><G4/><T113/><D113/><RYUUKYOKU ba="1,1" sc="438,-10,183,-10,231,-10,138,30" hai3="9,15,17,45,48,74,76,82,99,101,105,122,123" /><INIT seed="7,2,1,5,4,87" ten="428,173,221,168" oya="3" hai0="17,106,78,127,18,25,15,28,56,24,109,40,5" hai1="59,2,126,129,60,8,102,27,39,30,86,67,97" hai2="43,37,100,103,65,22,50,120,94,16,53,61,36" hai3="82,57,9,33,90,6,73,52,79,135,107,91,0"/><W38/><G107/><T12/><D109/><U119/><E39/><V48/><F120/><W13/><G33/><T84/><D106/><U42/><E42/><V85/><F37/><W23/><G135/><T92/><D127/><U32/><E129/><V108/><F108/><W121/><G121/><T130/><D130/><U113/><E113/><V115/><F36/><W77/><G77/><T98/><D40/><U95/><E126/><V10/><F10/><W118/><G118/><T4/><D56/><U89/><E8/><V26/><F50/><W75/><G75/><T81/><D15/><U41/><E41/><V72/><F115/><W46/><G46/><T128/><D17/><U70/><E2/><V19/><F19/><W110/><G38/><T20/><D128/><U116/><REACH who="1" step="1"/><E59/><REACH who="1" ten="428,163,221,168" step="2"/><V31/><F43/><W47/><G47/><T71/><D71/><U99/><E99/><V69/><F69/><W62/><REACH who="3" step="1"/><G110/><REACH who="3" ten="428,163,221,158" step="2"/><T111/><D111/><U58/><E58/><V114/><F114/><W124/><G124/><T74/><D74/><U54/><E54/><V29/><F72/><W122/><G122/><T21/><D78/><U132/><E132/><V34/><F53/><W68/><G68/><T1/><D1/><U80/><AGARI ba="2,3" hai="27,30,32,60,67,70,80,86,89,95,97,102,116,119" machi="80" ten="30,7900,0" yaku="1,1,0,1,52,1,53,1" doraHai="87" doraHaiUra="76" who="1" fromWho="1" sc="428,-22,163,115,221,-22,158,-41" owari="406,50.0,278,8.0,199,-20.0,117,-38.0" /></mjloggm>