<mjloggm ver="2.3"><GO type="185" lobby="0"/><UN n0="%64%73%61%6E" n1="%4E%45%47%49%54%53" n2="%6E%6F%70%72%6F%70%73" n3="" dan="16,17,17,0" rate="2203.41,2313.56,2200.16,1500.00" sx="M,F,F,C"/><TAIKYOKU oya="0"/><INIT seed="0,0,0,4,2,82" ten="350,350,350,0" oya="0" hai0="35,1,90,40,75,74,51,71,122,116,36,128,41" hai1="34,45,104,133,58,3,89,76,67,103,44,112,81" hai2="70,53,92,130,106,63,66,109,119,108,68,62,79" hai3=""/><T88/><N who="0" m="31264" /><T64/><D35/><U97/><E3/><V54/><F106/><T94/><D1/><U87/><E34/><V50/><F79/><T0/><D0/><U95/><E133/><V57/><F92/><T69/><D116/><U59/><E112/><V55/><F119/><T111/><D36/><U43/><E67/><V99/><F99/><T65/><D51/><U125/><E125/><V42/><F130/><T48/><D48/><U91/><E91/><V113/><F113/><T100/><D94/><U78/><E78/><V102/><F102/><T85/><D100/><U101/><E101/><V60/><F109/><T126/><D126/><U121/><N who="1" m="31008" /><U124/><E124/><V114/><F114/><T56/><D56/><U72/><E44/><V110/><F110/><T120/><N who="0" m="30752" /><T2/><D2/><U115/><E115/><V77/><F77/><T83/><D83/><U73/><E73/><V123/><N who="2" m="31520" /><V135/><F108/><T129/><D111/><U86/><E86/><AGARI ba="0,0" hai="40,41,64,65,69,71,74,75,85,86,88,90,128,129" m="30752,31264" machi="86" ten="25,18000,2" yaku="22,2,52,4,54,1" doraHai="82" who="0" fromWho="1" sc="350,180,350,-180,350,0,0,0" /><INIT seed="0,1,0,2,0,53" ten="530,170,350,0" oya="0" hai0="133,123,45,79,110,65,49,73,82,115,97,69,125" hai1="56,34,112,101,108,68,40,98,85,76,92,122,54" hai2="51,96,109,35,91,70,1,75,111,90,118,66,52" hai3=""/><T121/><N who="0" m="31008" /><T71/><N who="0" m="31520" /><T116/><D116/><U134/><N who="1" m="31264" /><U135/><E34/><V132/><F35/><T94/><D115/><U32/><E32/><V80/><F1/><T88/><D125/><U100/><E68/><V126/><F126/><T37/><D133/><N who="1" m="50699" /><E108/><V128/><F132/><T62/><D110/><U119/><E119/><V50/><F118/><T84/><D37/><U107/><E112/><V130/><F96/><T113/><D113/><U46/><E76/><V81/><F70/><T78/><D71/><U93/><E85/><V127/><F127/><T60/><D60/><U102/><E107/><V117/><F117/><T106/><D106/><U77/><E77/><V44/><F75/><T72/><D78/><U124/><E124/><V64/><REACH who="2" step="1"/><F52/><AGARI ba="1,0" hai="45,49,52,62,65,69,72,73,79,82,84,88,94,97" m="31520,31008" machi="52" ten="30,12000,1" yaku="7,1,52,2,54,2" doraHai="53" who="0" fromWho="2" sc="530,122,170,0,350,-122,0,0" /><INIT seed="0,2,0,3,2,116" ten="652,170,228,0" oya="0" hai0="41,37,33,68,91,52,73,49,45,124,57,130,74" hai1="36,53,102,129,103,107,126,108,106,86,43,89,83" hai2="2,81,77,72,32,51,122,96,110,3,59,104,40" hai3=""/><T120/><N who="0" m="30752" /><T75/><D33/><U54/><E126/><V84/><N who="2" m="31264" /><V119/><F32/><T44/><D124/><U90/><E129/><V101/><F119/><T99/><D130/><U63/><E108/><V125/><F125/><T92/><REACH who="0" step="1"/><D68/><REACH who="0" ten="642,170,228,0" step="2"/><U64/><E107/><V67/><F104/><T60/><D60/><U109/><E106/><V112/><F2/><T95/><D95/><U70/><E109/><V1/><F3/><T82/><D82/><U114/><E70/><V87/><F81/><T121/><N who="0" m="31008" /><T94/><D94/><U128/><E63/><V134/><F1/><T131/><D131/><U0/><E128/><V38/><F110/><T56/><AGARI ba="2,1" hai="37,41,44,45,49,52,56,57,73,74,75,91,92,99" m="31008,30752" machi="56" ten="40,16000,3" yaku="1,1,0,1,52,4,54,1,53,1" doraHai="116" doraHaiUra="39" who="0" fromWho="0" sc="642,174,170,-82,228,-82,0,0" /><INIT seed="0,3,0,4,2,127" ten="816,88,146,0" oya="0" hai0="116,54,62,82,63,67,122,91,46,108,55,88,1" hai1="90,124,119,50,68,2,80,107,123,71,103,69,52" hai2="98,129,48,113,64,33,109,133,115,132,87,40,105" hai3=""/><T79/><N who="0" m="31264" /><T112/><D1/><U93/><N who="1" m="31520" /><U37/><E2/><V0/><F33/><T97/><D116/><U49/><E37/><V110/><F0/><T121/><N who="0" m="31008" /><T65/><D112/><N who="2" m="43082" /><F64/><T102/><D108/><N who="2" m="41578" /><F48/><T76/><D82/><U118/><E124/><V57/><F57/><T114/><D114/><U83/><E107/><V84/><F40/><T131/><D131/><U36/><E103/><V3/><F3/><T99/><D102/><U73/><E49/><V74/><F74/><T44/><AGARI ba="3,0" hai="44,46,54,55,62,63,65,67,76,79,88,91,97,99" m="31008,31264" machi="44" ten="25,12000,2" yaku="0,1,22,2,8,1,52,2,54,1" doraHai="127" who="0" fromWho="0" sc="816,126,88,-63,146,-63,0,0" /><INIT seed="0,4,0,0,1,2" ten="942,25,83,0" oya="0" hai0="67,124,71,112,68,132,81,98,130,118,45,38,74" hai1="103,129,121,86,60,62,90,87,54,128,73,88,79" hai2="52,82,39,84,102,93,75,135,76,80,3,69,32" hai3=""/><T78/><D118/><U126/><N who="1" m="31008" /><U108/><E108/><V119/><F3/><T34/><D112/><U120/><N who="1" m="30752" /><U72/><E79/><V35/><F69/><T85/><D132/><U91/><E103/><V65/><F39/><T123/><N who="0" m="31520" /><T41/><D130/><N who="1" m="50283" /><E126/><V44/><F65/><T83/><D124/><U104/><E104/><V66/><F66/><T100/><D67/><U59/><E62/><V77/><F135/><T117/><D117/><U50/><E60/><V49/><REACH who="2" step="1"/><F119/><REACH who="2" ten="942,25,73,0" step="2"/><T51/><D38/><U56/><E56/><V116/><F116/><T99/><D68/><U1/><E1/><V95/><F95/><T125/><D71/><U36/><E36/><V43/><F43/><T134/><D125/><U133/><E133/><V42/><F42/><T70/><D134/><U61/><E61/><V57/><F57/><T111/><D70/><U92/><E92/><V47/><F47/><T109/><D109/><U122/><N who="1" m="31264" /><U48/><E48/><V127/><F127/><T105/><D111/><U113/><E113/><V107/><F107/><T46/><D46/><U64/><E64/><V106/><F106/><T33/><D98/><AGARI ba="4,1" hai="32,35,44,49,52,75,76,77,80,82,84,93,98,102" machi="98" ten="40,8000,1" yaku="1,1,52,2,54,1,53,0" doraHai="2" doraHaiUra="53" who="2" fromWho="0" sc="942,-88,25,0,73,98,0,0" /><INIT seed="1,0,0,4,1,134" ten="854,25,171,0" oya="1" hai0="112,1,37,2,98,67,71,95,109,120,76,86,93" hai1="69,108,87,64,90,60,89,40,56,32,107,63,101" hai2="33,114,111,106,128,68,59,66,104,45,36,131,46" hai3=""/><U91/><E32/><V88/><F33/><T58/><N who="0" m="30752" /><T119/><D112/><U54/><E108/><V3/><F3/><T82/><D109/><U129/><E129/><N who="2" m="49739" /><F111/><T81/><D119/><U47/><E101/><V75/><F114/><T44/><D71/><U102/><E102/><V38/><F68/><T83/><D83/><U94/><REACH who="1" step="1"/><E107/><REACH who="1" ten="854,15,171,0" step="2"/><V116/><F106/><T96/><D2/><U48/><AGARI ba="0,1" hai="40,47,48,54,56,60,63,64,69,87,89,90,91,94" machi="48" ten="20,8000,1" yaku="1,1,2,1,0,1,7,1,53,1" doraHai="134" doraHaiUra="62" who="1" fromWho="1" sc="854,-40,15,90,171,-40,0,0" /><INIT seed="1,1,0,3,3,94" ten="814,105,131,0" oya="1" hai0="61,1,48,53,62,70,135,56,40,92,116,96,50" hai1="32,83,91,68,107,58,122,118,0,123,93,109,76" hai2="117,121,88,73,82,128,126,110,124,98,60,79,71" hai3=""/><U3/><N who="1" m="31264" /><U51/><N who="1" m="31520" /><U55/><E32/><V105/><N who="2" m="31008" /><V36/><F36/><T104/><D1/><U130/><E118/><V87/><F117/><T102/><D116/><U43/><E107/><V127/><F110/><T108/><D108/><U84/><E109/><V41/><F41/><T72/><D135/><U67/><E130/><V103/><F128/><T114/><D114/><U111/><E111/><V89/><F71/><T34/><D34/><U45/><E67/><V39/><F39/><T131/><D131/><U97/><REACH who="1" step="1"/><E68/><REACH who="1" ten="814,95,131,0" step="2"/><V37/><F37/><AGARI ba="1,1" hai="0,3,37,43,45,51,55,58,76,83,84,91,93,97" m="31520,31264" machi="37" ten="30,18000,2" yaku="1,1,2,1,7,1,52,3,53,0" doraHai="94" doraHaiUra="100" who="1" fromWho="2" sc="814,0,95,192,131,-182,0,0" owari="814,76.0,287,-11.0,-51,-65.0,0,0.0" /></mjloggm>