<mjloggm ver="2.3"><GO type="169" lobby="0"/><UN n0="%E3%83%9E%E3%83%83%E3%82%AF%30%34" n1="%E3%81%B5%E3%81%98%E3%81%8B%E3%81%A4" n2="%73%7A%2E%64%31" n3="%64%75%72%72%72%72%72" dan="16,17,16,16" rate="2156.42,2165.19,2095.39,2128.84" sx="F,M,M,M"/><TAIKYOKU oya="0"/><INIT seed="0,0,0,4,3,54" ten="250,250,250,250" oya="0" hai0="12,130,79,133,4,112,35,127,119,11,101,43,15" hai1="32,75,21,92,59,100,84,87,58,78,122,3,27" hai2="22,1,126,53,128,81,20,23,90,134,28,31,97" hai3="124,0,37,68,61,93,89,120,39,77,2,108,105"/><T5/><D101/><U67/><E122/><V45/><F1/><W88/><G105/><T49/><D112/><U14/><E3/><V114/><F126/><W62/><G77/><T13/><D119/><U106/><E106/><V74/><F128/><W85/><G68/><T135/><D79/><U51/><E32/><V110/><F134/><N who="0" m="51210" /><D49/><U73/><E14/><N who="0" m="5737" /><D43/><U86/><E67/><V123/><F123/><W26/><G120/><T47/><D47/><U57/><E51/><V69/><F69/><W44/><G44/><T25/><D127/><U9/><E9/><V30/><F74/><W7/><G124/><T46/><D46/><U40/><E40/><V42/><F114/><W66/><G37/><T117/><D117/><U64/><E64/><V80/><F42/><W60/><G66/><T76/><D76/><U109/><E109/><V19/><F110/><W8/><G39/><T129/><D4/><U121/><E121/><V113/><F113/><W72/><G108/><T6/><D5/><U91/><E100/><V132/><F132/><W41/><G41/><T48/><D48/><U65/><E78/><V125/><F125/><W83/><G72/><T104/><D104/><U52/><E65/><V107/><F107/><W102/><G102/><T99/><D99/><N who="1" m="57759" /><E75/><V94/><F45/><W33/><G7/><T71/><D71/><U29/><E73/><V115/><F115/><W103/><G103/><T131/><D25/><U50/><AGARI ba="0,0" hai="21,27,29,50,52,57,58,59,84,86,87" m="57759" machi="50" ten="30,8000,1" yaku="8,1,52,3,54,1" doraHai="54" who="1" fromWho="1" sc="250,-40,250,80,250,-20,250,-20" /><INIT seed="1,0,0,1,0,95" ten="210,330,230,230" oya="1" hai0="16,29,22,110,114,9,6,67,116,58,12,102,121" hai1="27,33,41,134,132,8,79,10,99,56,120,13,11" hai2="127,97,81,4,36,0,47,129,103,46,52,62,130" hai3="2,105,65,71,90,60,24,106,88,111,19,3,86"/><U98/><E120/><V50/><F127/><W107/><G111/><T113/><D116/><U73/><E41/><N who="2" m="22823" /><F81/><W42/><G42/><T78/><D78/><U55/><E73/><V43/><F4/><W5/><G5/><T72/><D72/><U7/><E79/><V85/><F85/><W32/><G19/><T84/><D110/><U117/><E117/><V34/><F34/><W64/><G64/><T87/><D121/><U92/><E92/><V69/><F0/><W123/><G123/><T93/><D113/><U96/><E33/><V77/><F77/><W104/><N who="3" m="26624" /><DORA hai="18" /><W66/><G66/><T82/><D114/><U14/><E27/><V70/><F97/><W108/><G108/><T59/><D82/><U30/><E30/><V135/><F103/><W20/><G20/><T115/><D115/><U100/><E100/><V109/><F135/><N who="1" m="51753" /><E7/><V131/><F109/><W23/><G32/><T126/><D126/><U94/><E94/><V40/><F40/><W15/><G15/><N who="0" m="5559" /><D67/><U76/><E76/><V44/><F62/><AGARI ba="0,0" hai="8,10,11,13,14,55,56,62,96,98,99" m="51753" machi="62" ten="40,12000,1" yaku="20,1,52,3" doraHai="95,18" who="1" fromWho="2" sc="210,0,330,120,230,-120,230,0" /><INIT seed="1,1,0,5,5,99" ten="210,450,110,230" oya="1" hai0="19,31,113,124,120,4,87,89,82,135,105,8,44" hai1="83,14,9,125,85,25,103,49,68,123,37,15,108" hai2="36,26,58,54,95,119,104,128,112,114,66,110,35" hai3="73,23,3,106,48,34,10,45,132,107,74,76,57"/><U62/><E123/><V17/><F36/><W12/><G34/><T116/><D113/><U47/><E125/><V32/><F104/><W97/><G132/><T129/><D116/><U16/><E37/><V80/><F119/><W1/><G57/><T61/><D124/><U69/><E108/><V133/><F110/><W20/><G76/><T81/><D135/><U91/><E25/><V56/><F128/><W50/><G97/><T51/><D129/><U33/><E33/><V130/><F133/><W13/><REACH who="3" step="1"/><G10/><REACH who="3" ten="210,450,110,220" step="2"/><T27/><D8/><U131/><E131/><V98/><F130/><W2/><G2/><T40/><D120/><U122/><E122/><V39/><F35/><W88/><G88/><T22/><D89/><U18/><E69/><V75/><F32/><W11/><G11/><T78/><D78/><U67/><E103/><V41/><F112/><W52/><G52/><T92/><D40/><U121/><E121/><V59/><F114/><W118/><G118/><T60/><D44/><AGARI ba="1,1" hai="1,3,12,13,20,23,44,45,48,50,73,74,106,107" machi="44" ten="25,3200,0" yaku="1,1,22,2,53,0" doraHai="99" doraHaiUra="64" who="3" fromWho="0" sc="210,-35,450,0,110,0,220,45" /><INIT seed="2,0,0,1,5,33" ten="175,450,110,265" oya="2" hai0="125,18,114,45,90,14,77,100,51,104,57,21,50" hai1="15,78,55,61,62,103,60,76,91,44,126,75,64" hai2="112,83,105,20,43,53,13,88,12,35,118,37,58" hai3="36,69,89,130,94,47,38,0,63,115,24,25,133"/><V42/><F118/><W4/><G130/><T134/><D134/><U92/><E126/><V41/><F105/><W82/><G82/><T10/><D125/><U80/><E103/><V72/><F35/><W27/><G133/><T119/><D119/><U67/><E78/><V34/><F112/><W29/><G115/><T3/><D114/><U85/><E55/><V66/><F34/><W22/><G36/><T31/><D77/><U132/><E132/><V73/><F37/><W108/><G108/><T23/><D104/><U84/><E44/><V54/><F66/><W97/><G69/><T135/><D100/><U49/><E49/><V7/><F53/><W28/><G63/><T74/><D74/><U48/><E48/><V56/><F56/><W9/><REACH who="3" step="1"/><G22/><REACH who="3" ten="175,450,110,255" step="2"/><T107/><D21/><U120/><E120/><V68/><F68/><W102/><G102/><T113/><D23/><U98/><E67/><V52/><F73/><W129/><G129/><T101/><D51/><U70/><E75/><V5/><F72/><W122/><G122/><T17/><D101/><U59/><E70/><V121/><F58/><W71/><G71/><T65/><D65/><U123/><E123/><V106/><F121/><W111/><G111/><T86/><D57/><U79/><E64/><V11/><F106/><W46/><G46/><T19/><D107/><U96/><E59/><V99/><F20/><W81/><G81/><T109/><D109/><U6/><E76/><V95/><F83/><W32/><G32/><T110/><D110/><U124/><E124/><V131/><F131/><W39/><G39/><RYUUKYOKU ba="0,1" sc="175,-30,450,10,110,10,255,10" hai1="6,15,60,61,62,79,80,84,85,91,92,96,98" hai2="5,7,11,12,13,41,42,43,52,54,88,95,99" hai3="0,4,9,24,25,27,28,29,38,47,89,94,97" /><INIT seed="2,1,1,1,1,77" ten="145,460,120,265" oya="2" hai0="35,106,104,53,123,80,56,34,24,96,75,55,5" hai1="33,38,67,62,70,124,27,132,8,32,0,18,23" hai2="15,69,2,52,103,58,118,6,109,73,131,47,4" hai3="48,113,133,129,81,39,17,21,54,107,86,110,44"/><V117/><F73/><W19/><G107/><T59/><D123/><U61/><E132/><V91/><F109/><W128/><G110/><T100/><D5/><U121/><E124/><V12/><F131/><N who="3" m="50251" /><G133/><T25/><D75/><U87/><E121/><V78/><F69/><W37/><G113/><T46/><D46/><U29/><E38/><N who="3" m="14346" /><G21/><T10/><D10/><U92/><E62/><V31/><F78/><AGARI ba="1,1" hai="17,19,44,48,54,78,81,86" m="14346,50251" machi="78" ten="30,2000,0" yaku="19,1,52,1" doraHai="77" who="3" fromWho="2" sc="145,0,460,0,120,-23,265,33" /><INIT seed="3,0,0,4,2,129" ten="145,460,97,298" oya="3" hai0="102,119,88,79,10,44,70,94,25,69,13,84,111" hai1="22,26,45,113,49,90,59,83,56,76,105,41,135" hai2="39,124,57,46,126,109,92,27,86,72,20,96,101" hai3="95,33,47,122,64,40,17,127,118,108,89,116,14"/><W130/><G33/><T100/><D119/><U125/><E105/><V63/><F72/><W93/><G122/><T68/><D111/><U82/><E113/><V128/><F109/><W110/><G130/><T23/><D79/><U7/><E125/><V81/><F128/><W2/><G2/><T74/><D74/><U106/><E106/><V19/><F39/><W36/><G127/><T58/><D44/><U99/><E7/><V5/><F46/><W24/><G24/><T62/><D10/><U103/><E90/><V132/><F5/><W53/><G93/><T114/><D114/><U131/><E131/><V51/><F51/><W117/><G53/><T9/><D9/><U34/><E34/><V16/><F19/><W104/><G64/><T18/><REACH who="0" step="1"/><D25/><REACH who="0" ten="135,460,97,298" step="2"/><U15/><E76/><V28/><F124/><W61/><G108/><T66/><AGARI ba="0,1" hai="13,18,23,58,62,66,68,69,70,84,88,94,100,102" machi="66" ten="30,7900,0" yaku="1,1,2,1,0,1,54,1,53,0" doraHai="129" doraHaiUra="121" who="0" fromWho="0" sc="135,89,460,-20,97,-20,298,-39" /><INIT seed="4,0,0,0,3,79" ten="224,440,77,259" oya="0" hai0="114,48,22,107,98,99,70,123,118,105,75,85,94" hai1="33,35,59,120,87,64,69,66,14,113,74,102,86" hai2="97,89,9,90,82,21,73,125,128,103,1,72,7" hai3="53,83,38,65,63,30,81,20,17,54,58,6,121"/><T80/><D70/><U28/><E120/><V93/><F128/><W34/><G38/><T61/><D61/><U116/><E74/><V111/><F125/><W101/><G121/><T0/><D0/><U104/><E116/><V25/><F111/><W124/><G124/><T57/><D123/><U2/><E2/><V92/><F103/><W117/><G117/><T5/><D118/><U133/><E133/><V106/><F106/><W96/><G34/><T67/><D67/><U127/><E127/><V16/><REACH who="2" step="1"/><F82/><REACH who="2" ten="224,440,67,259" step="2"/><W51/><G81/><T71/><D107/><U95/><E104/><V10/><F10/><W100/><G83/><T4/><D105/><U47/><E102/><V77/><F77/><W50/><G101/><T129/><D129/><U46/><E95/><V88/><F88/><W131/><G100/><T62/><D94/><U122/><E122/><V52/><F52/><W112/><G53/><T44/><D80/><U91/><E91/><V37/><F37/><W56/><G54/><T135/><D135/><U13/><E66/><V119/><F119/><W49/><G65/><T132/><D132/><U18/><E69/><V40/><F40/><W19/><G131/><T31/><D71/><U11/><E11/><V29/><F29/><W41/><G41/><T15/><D31/><U39/><E28/><V84/><AGARI ba="0,1" hai="1,7,9,16,21,25,72,73,84,89,90,92,93,97" machi="84" ten="20,5200,0" yaku="1,1,0,1,7,1,54,1,53,0" doraHai="79" doraHaiUra="60" who="2" fromWho="2" sc="224,-26,440,-13,67,62,259,-13" /><INIT seed="5,0,0,3,2,12" ten="198,427,129,246" oya="1" hai0="53,83,11,113,109,79,110,34,10,28,97,78,99" hai1="19,22,58,123,60,101,119,116,47,16,41,25,18" hai2="30,74,49,13,86,21,88,36,131,68,9,64,76" hai3="127,1,6,90,46,103,56,95,70,48,81,8,132"/><U51/><E123/><V93/><F131/><W94/><G70/><T72/><D113/><U32/><E32/><V20/><F36/><W29/><G132/><T35/><D53/><U112/><E112/><V66/><F49/><W117/><G127/><T7/><D28/><N who="1" m="17463" /><E119/><V17/><F68/><W39/><G39/><T69/><D69/><U73/><E73/><V37/><F37/><W118/><G56/><T115/><D115/><U128/><E128/><V15/><F74/><W23/><G103/><T55/><D55/><N who="1" m="33887" /><E116/><N who="3" m="44650" /><G81/><T61/><D83/><U124/><E124/><V98/><F76/><W75/><G90/><T4/><D72/><U87/><E87/><V104/><F86/><W92/><G75/><T31/><D31/><U2/><E2/><V134/><F104/><W50/><G46/><T111/><D111/><U89/><E89/><V54/><F134/><W105/><G105/><T45/><D45/><U106/><E106/><V107/><F107/><W26/><AGARI ba="0,0" hai="1,6,8,23,26,29,48,50,92,94,95" m="44650" machi="26" ten="40,1500,0" yaku="12,1" doraHai="12" who="3" fromWho="3" sc="198,-4,427,-7,129,-4,246,15" /><INIT seed="6,0,0,1,5,127" ten="194,420,125,261" oya="2" hai0="109,101,63,5,59,76,17,78,65,97,29,117,99" hai1="108,46,73,51,7,11,67,47,122,22,85,69,66" hai2="12,125,114,77,16,94,111,48,13,10,95,91,3" hai3="2,23,14,121,113,87,19,79,32,68,92,80,44"/><V110/><F114/><W112/><G121/><T54/><D109/><N who="2" m="41482" /><F125/><W83/><G68/><T55/><D117/><U104/><E108/><V4/><F77/><N who="0" m="29802" /><D5/><U53/><E104/><V116/><F116/><W42/><G32/><T35/><D35/><U103/><E73/><V84/><F48/><W30/><G2/><T102/><D29/><U57/><E122/><V26/><F26/><W15/><G30/><T90/><D17/><U119/><E119/><V130/><F130/><W38/><G83/><T20/><D20/><U60/><E103/><N who="0" m="39433" /><D90/><U100/><E100/><V58/><F58/><W82/><G82/><T64/><D54/><U93/><E22/><N who="2" m="11527" /><F3/><W18/><G18/><T132/><D132/><U39/><E7/><V56/><F56/><W72/><G14/><T27/><D27/><U107/><E11/><V24/><F24/><W37/><G37/><T133/><D133/><U49/><E39/><V81/><AGARI ba="0,0" hai="4,10,13,81,84,91,94,95" m="11527,41482" machi="81" ten="30,3000,0" yaku="10,1,54,1" doraHai="127" who="2" fromWho="2" sc="194,-10,420,-10,125,30,261,-10" /><INIT seed="6,1,0,3,3,135" ten="184,410,155,251" oya="2" hai0="121,44,95,49,37,69,117,113,102,83,94,56,24" hai1="36,50,96,43,45,48,106,59,54,10,132,63,55" hai2="2,47,114,101,29,103,122,90,133,20,120,14,7" hai3="76,38,99,105,30,13,68,81,111,5,61,0,39"/><V57/><F133/><W109/><G13/><T129/><D121/><U71/><E106/><V4/><F114/><W41/><G30/><T77/><D69/><U28/><E96/><V100/><F2/><W26/><G26/><T58/><D113/><U131/><E10/><V12/><F47/><N who="3" m="23991" /><G39/><T70/><D70/><U73/><E28/><V110/><F110/><W86/><G86/><T87/><D129/><U40/><E73/><V128/><F128/><W46/><G46/><T74/><D117/><U32/><E32/><V64/><F120/><W107/><G107/><T104/><D37/><U62/><E132/><V75/><F75/><N who="3" m="43167" /><G5/><N who="2" m="2121" /><F122/><W85/><G85/><T130/><D24/><U22/><E22/><V115/><F115/><W3/><G111/><T127/><D130/><U98/><E98/><V31/><F90/><W84/><G84/><T18/><D95/><U82/><E82/><V15/><F20/><W52/><G52/><N who="0" m="29735" /><D18/><U78/><E78/><V33/><F33/><W9/><G9/><T126/><D58/><N who="1" m="35167" /><E131/><V88/><F88/><W125/><G109/><T16/><D56/><U92/><E36/><V65/><F57/><W8/><G8/><T97/><D16/><U17/><E17/><V123/><F123/><W1/><G105/><T23/><D23/><U80/><E92/><V53/><F53/><W19/><G19/><T66/><D66/><AGARI ba="1,0" hai="12,14,15,29,31,64,65,66,100,101,103" m="2121" machi="66" ten="40,7700,0" yaku="28,2,8,1" doraHai="135" who="2" fromWho="0" sc="184,-80,410,0,155,80,251,0" /><INIT seed="6,2,0,1,2,95" ten="104,410,235,251" oya="2" hai0="110,11,75,21,4,115,17,114,38,70,107,54,20" hai1="111,91,125,12,49,28,42,40,88,130,87,39,92" hai2="135,93,25,7,89,80,72,6,56,105,31,133,104" hai3="24,27,33,78,10,101,67,121,35,99,13,106,112"/><V123/><F123/><W83/><G121/><T119/><D38/><U55/><E111/><V32/><F56/><W48/><G112/><N who="0" m="43051" /><D75/><U0/><E0/><V79/><F7/><W82/><G67/><T98/><D70/><U126/><E130/><V81/><F6/><W8/><G48/><T22/><D110/><U94/><E28/><V36/><F80/><W108/><G108/><T76/><D76/><U127/><E12/><V102/><F36/><W103/><G13/><N who="0" m="5351" /><D54/><U1/><E1/><V46/><F46/><W73/><G106/><T58/><D58/><N who="1" m="33135" /><E39/><V113/><F113/><W122/><G78/><T62/><D62/><U53/><E53/><V9/><F9/><W3/><G3/><T45/><D45/><U29/><E29/><V51/><F51/><W15/><G73/><T77/><D77/><U23/><E23/><N who="0" m="8777" /><D107/><U5/><E42/><V120/><F120/><W71/><G122/><T74/><D74/><U96/><E40/><V52/><F52/><W100/><G71/><T66/><D66/><U16/><E5/><V47/><F47/><W57/><G57/><T128/><D128/><U86/><E86/><N who="2" m="52407" /><F105/><W84/><G84/><T129/><D129/><U109/><E109/><V34/><F34/><W43/><G43/><T14/><D98/><AGARI ba="2,0" hai="25,31,32,72,79,81,98,102,104,133,135" m="52407" machi="98" ten="30,2900,0" yaku="24,1,52,1" doraHai="95" who="2" fromWho="0" sc="104,-35,410,0,235,35,251,0" /><INIT seed="6,3,0,5,0,27" ten="69,410,270,251" oya="2" hai0="38,128,39,19,123,7,115,120,81,33,4,46,43" hai1="52,112,93,49,80,71,69,73,5,124,20,100,79" hai2="14,78,10,68,84,87,109,32,12,74,96,105,131" hai3="29,70,31,122,55,40,59,61,83,121,44,60,135"/><V88/><F68/><W98/><G135/><T86/><D33/><U101/><E124/><V24/><F131/><W77/><G98/><T127/><D127/><U15/><E112/><V37/><F37/><W6/><G6/><T3/><D115/><U72/><E72/><V111/><F74/><W92/><G92/><T76/><D128/><U50/><E50/><V108/><F10/><W126/><G126/><T45/><D19/><U28/><E5/><V130/><F130/><W102/><G102/><T35/><D35/><U104/><E104/><V1/><F1/><W118/><G118/><T26/><D26/><U133/><E133/><V117/><F117/><W57/><G70/><T75/><D86/><U95/><E95/><N who="2" m="56423" /><F105/><W51/><G122/><T41/><D7/><U16/><E71/><V103/><F103/><W23/><G23/><T21/><D21/><U2/><E69/><V18/><F18/><W0/><G0/><T99/><REACH who="0" step="1"/><D99/><REACH who="0" ten="59,410,270,251" step="2"/><U106/><E20/><V62/><F84/><N who="3" m="48239" /><G121/><T67/><D67/><AGARI ba="3,1" hai="29,31,40,44,51,55,57,59,60,61,67" m="48239" machi="67" ten="30,3900,0" yaku="8,1,52,2" doraHai="27" who="3" fromWho="0" sc="59,-48,410,0,270,0,251,58" /><INIT seed="7,0,0,5,5,133" ten="11,410,270,309" oya="3" hai0="112,77,34,18,124,90,123,94,19,132,91,21,108" hai1="20,135,63,26,67,107,47,10,52,4,16,82,38" hai2="80,83,118,95,39,43,114,115,128,66,104,42,57" hai3="33,130,59,73,1,134,6,62,14,5,79,113,100"/><W12/><G33/><T28/><D77/><U44/><E107/><V131/><F95/><W11/><G134/><T30/><D94/><U92/><E135/><V56/><F104/><W2/><G100/><T37/><D132/><U29/><E38/><V23/><F23/><W40/><G130/><N who="2" m="49705" /><F118/><W31/><G31/><T3/><D34/><U103/><E82/><N who="2" m="31275" /><F66/><W45/><G79/><T93/><D37/><U24/><E67/><V105/><F39/><W65/><G73/><T46/><D93/><U58/><E103/><V102/><F102/><W53/><G113/><N who="2" m="43017" /><F105/><W89/><G89/><T49/><D112/><U27/><E92/><V76/><F76/><W88/><G88/><T109/><D21/><N who="1" m="15599" /><E24/><V101/><F101/><W8/><G65/><T106/><D106/><U7/><E10/><V64/><F64/><W32/><G32/><T0/><D49/><AGARI ba="0,0" hai="1,2,5,6,8,11,12,14,40,45,49,53,59,62" machi="49" ten="30,2900,0" yaku="7,1,9,1" doraHai="133" who="3" fromWho="0" sc="11,-29,410,0,270,0,309,29" owari="-18,-52.0,410,51.0,270,-13.0,338,14.0" /></mjloggm>