<mjloggm ver="2.3"><GO type="185" lobby="0"/><UN n0="%4F%4D%49%53%4F%2D%53" n1="%50%42%33%2D%50" n2="%E3%81%91%E3%82%93%E3%81%BC" n3="" dan="16,18,16,0" rate="2214.32,2282.80,2196.36,1500.00" sx="M,F,M,C"/><TAIKYOKU oya="0"/><INIT seed="0,0,0,1,3,98" ten="350,350,350,0" oya="0" hai0="91,35,45,101,125,52,79,126,41,60,71,96,134" hai1="62,46,72,51,87,97,82,42,131,129,116,43,36" hai2="53,49,106,123,122,66,2,3,124,37,117,128,57" hai3=""/><T92/><D35/><U54/><E116/><V76/><N who="2" m="31264" /><V95/><N who="2" m="31520" /><V110/><F106/><T102/><D134/><U105/><E72/><V70/><F117/><T34/><D34/><U108/><E108/><V32/><F110/><T107/><D79/><U75/><E75/><V38/><F32/><T83/><D83/><U115/><E115/><V56/><F76/><T109/><D109/><U47/><E62/><V118/><F118/><T120/><N who="0" m="30752" /><T119/><D119/><U93/><E105/><V94/><F70/><T90/><D90/><U111/><E43/><V114/><F114/><T113/><D113/><U1/><E1/><V100/><F3/><T80/><D80/><U64/><E111/><V74/><F74/><T104/><D104/><U89/><REACH who="1" step="1"/><E64/><REACH who="1" ten="350,340,350,0" step="2"/><V130/><F66/><T33/><D33/><U44/><E44/><V86/><F2/><T133/><D107/><U77/><AGARI ba="0,1" hai="36,42,46,47,51,54,77,82,87,89,93,97,129,131" machi="77" ten="30,1500,0" yaku="1,1,0,1,53,0" doraHai="98" doraHaiUra="121" who="1" fromWho="1" sc="350,-10,340,25,350,-5,0,0" /><INIT seed="1,0,0,1,3,44" ten="340,365,345,0" oya="1" hai0="106,134,85,86,118,105,49,59,119,102,75,73,121" hai1="122,94,107,60,77,129,62,39,63,69,127,0,90" hai2="1,115,68,124,32,36,103,50,130,79,74,35,3" hai3=""/><U135/><N who="1" m="31264" /><U131/><E0/><V84/><F36/><T46/><N who="0" m="31008" /><T88/><D134/><U51/><E107/><N who="0" m="40969" /><D59/><U64/><E39/><V98/><F74/><N who="0" m="28170" /><D102/><U66/><E135/><V125/><F68/><T99/><D46/><U71/><E60/><V93/><F115/><T117/><D49/><U76/><E51/><V72/><F72/><T43/><D43/><U54/><E54/><V61/><F61/><T38/><D38/><U91/><E62/><V58/><F3/><T100/><D88/><U81/><E63/><V55/><F1/><T33/><D33/><U78/><E90/><V114/><F114/><T87/><D100/><U42/><E91/><V116/><F35/><T110/><D99/><U52/><E71/><V97/><F97/><T65/><D110/><U67/><E69/><V123/><N who="2" m="31520" /><V133/><F133/><T101/><D101/><U53/><E67/><AGARI ba="0,0" hai="65,67,85,86,87,117,118,119" m="28170,40969,31008" machi="67" ten="50,8000,1" yaku="28,2,12,1,52,1" doraHai="44" who="0" fromWho="1" sc="340,80,365,-80,345,0,0,0" /><INIT seed="2,0,0,3,0,92" ten="420,285,345,0" oya="2" hai0="99,45,35,55,68,85,1,86,105,127,95,98,93" hai1="43,108,104,53,64,58,70,39,57,33,90,78,46" hai2="32,117,44,121,110,100,128,74,69,131,49,61,87" hai3=""/><V51/><N who="2" m="31008" /><V122/><N who="2" m="31264" /><V125/><F117/><T36/><D35/><U120/><N who="1" m="30752" /><U103/><E33/><V134/><F32/><T52/><D1/><U102/><E108/><V60/><F74/><T62/><D105/><U84/><E104/><V47/><F110/><T106/><D106/><U123/><N who="1" m="31520" /><U73/><E58/><V63/><F69/><T126/><D36/><U113/><E113/><V107/><F125/><T54/><D45/><N who="2" m="17482" /><F134/><T79/><D62/><U119/><E119/><V109/><F109/><T72/><D72/><U42/><E42/><V59/><F59/><T132/><D68/><U81/><E64/><V97/><F87/><T40/><D40/><U66/><E66/><V83/><F83/><T91/><D132/><U76/><E70/><V111/><F111/><T96/><D79/><U80/><REACH who="1" step="1"/><E78/><REACH who="1" ten="420,275,345,0" step="2"/><V118/><F118/><T56/><D56/><U75/><E75/><V130/><AGARI ba="0,1" hai="49,51,60,61,63,97,100,107,128,130,131" m="17482,31264,31008" machi="130" ten="40,8000,1" yaku="19,1,52,3" doraHai="92" who="2" fromWho="2" sc="420,-40,275,-40,345,90,0,0" /><INIT seed="2,1,0,5,1,74" ten="380,235,435,0" oya="2" hai0="101,83,57,108,68,122,2,81,132,94,46,59,75" hai1="119,73,3,45,56,103,105,87,32,43,113,66,80" hai2="135,62,70,34,130,77,38,53,96,133,50,131,93" hai3=""/><V117/><F34/><T86/><N who="0" m="31264" /><T91/><D68/><U128/><E32/><V123/><N who="2" m="31520" /><V65/><F117/><T42/><D2/><U110/><E3/><V98/><F77/><T44/><D132/><N who="2" m="50762" /><F38/><T134/><D134/><U115/><E115/><V100/><F98/><T99/><D108/><U78/><E113/><V125/><F125/><T63/><D42/><U33/><E33/><V40/><F40/><T72/><D59/><AGARI ba="1,0" hai="50,53,59,62,65,70,93,96,100,130,131" m="50762,31520" machi="59" ten="30,2900,0" yaku="20,1,52,1" doraHai="74" who="2" fromWho="0" sc="380,-31,235,0,435,31,0,0" /><INIT seed="2,2,0,0,0,84" ten="349,235,466,0" oya="2" hai0="47,133,81,119,68,52,33,35,92,120,108,112,51" hai1="82,3,124,55,90,56,111,85,43,126,121,63,66" hai2="97,42,93,54,2,53,99,44,36,104,57,87,40" hai3=""/><V74/><F2/><T91/><N who="0" m="30752" /><T122/><N who="0" m="31264" /><T79/><D119/><U118/><N who="1" m="31008" /><U129/><E3/><V46/><F74/><T113/><D108/><U95/><E111/><V98/><F104/><T58/><D68/><U67/><E118/><V70/><F70/><T117/><D117/><U100/><E129/><V110/><F110/><T131/><D131/><U1/><E1/><V115/><F115/><N who="0" m="44106" /><D133/><U128/><E128/><V50/><F87/><T106/><D106/><U72/><E43/><V89/><REACH who="2" step="1"/><F54/><REACH who="2" ten="349,235,456,0" step="2"/><T0/><D0/><U75/><E75/><V76/><F76/><T116/><D116/><U107/><E107/><V130/><F130/><T127/><D79/><U103/><E72/><V73/><F73/><T59/><D35/><U48/><E66/><V135/><F135/><T86/><D33/><U132/><E132/><V77/><F77/><T65/><D65/><U71/><REACH who="1" step="1"/><E95/><REACH who="1" ten="349,225,456,0" step="2"/><V114/><F114/><T69/><D92/><U32/><E32/><V102/><F102/><AGARI ba="2,2" hai="48,55,56,63,67,71,82,85,90,100,102,103,124,126" m="31008" machi="102" ten="40,5200,0" yaku="1,1,52,2,53,0" doraHai="84" doraHaiUra="109" who="1" fromWho="2" sc="349,0,225,76,456,-56,0,0" /><INIT seed="4,0,0,2,1,3" ten="349,301,400,0" oya="0" hai0="119,106,89,64,117,2,98,45,104,112,131,80,66" hai1="63,35,101,105,85,57,114,41,96,103,59,70,33" hai2="48,60,37,58,61,38,128,49,62,69,34,56,91" hai3=""/><T120/><N who="0" m="30752" /><T65/><D2/><U50/><E70/><V36/><F34/><T47/><D112/><U67/><E114/><V97/><F97/><T102/><D131/><U100/><E100/><V124/><F91/><T115/><D115/><U68/><E103/><V90/><F90/><T73/><D106/><U39/><E85/><V84/><F84/><T127/><D127/><U123/><N who="1" m="31520" /><U94/><E105/><V122/><N who="2" m="31264" /><V53/><F124/><T72/><D72/><U40/><E59/><V132/><F132/><T92/><D47/><U88/><E101/><V81/><F81/><T1/><D45/><U129/><E129/><V42/><F128/><T71/><D1/><U75/><E75/><V118/><F118/><T134/><D134/><U74/><E74/><V78/><F78/><T79/><REACH who="0" step="1"/><D71/><REACH who="0" ten="339,301,400,0" step="2"/><U51/><E68/><V130/><F130/><T133/><D133/><U54/><E33/><V93/><F69/><T32/><D32/><U109/><E35/><V126/><F126/><T95/><D95/><U82/><E94/><V52/><F93/><T125/><D125/><U116/><E57/><V46/><AGARI ba="0,1" hai="36,37,38,42,46,48,49,52,53,56,58,60,61,62" m="31264" machi="46" ten="30,12000,3" yaku="0,1,9,1,35,6,52,1,54,1" doraHai="3" who="2" fromWho="2" sc="339,-80,301,-40,400,130,0,0" /><INIT seed="5,0,0,4,2,113" ten="259,261,530,0" oya="1" hai0="76,98,75,52,125,48,44,86,79,32,105,130,121" hai1="96,77,92,67,78,103,71,47,88,46,2,69,104" hai2="84,34,120,81,45,33,91,107,58,112,56,36,101" hai3=""/><U131/><E2/><V68/><N who="2" m="30752" /><V94/><F107/><T106/><N who="0" m="31008" /><T95/><D32/><U65/><E131/><V128/><F128/><T49/><D130/><U114/><E114/><V70/><F112/><T38/><D38/><U122/><N who="1" m="31264" /><U123/><N who="1" m="31520" /><U55/><E69/><V50/><F36/><T110/><D110/><U119/><E119/><V83/><F83/><T85/><D75/><U89/><E71/><V97/><F70/><T3/><D3/><U53/><E104/><V127/><F127/><T63/><D63/><U80/><E80/><V74/><F68/><T115/><D115/><U93/><E96/><V41/><F74/><T35/><D35/><U133/><E133/><V99/><F99/><T124/><D98/><U61/><E61/><V102/><F102/><AGARI ba="0,0" hai="46,47,53,55,65,67,77,78,88,89,92,93,102,103" m="31520,31264" machi="102" ten="25,18000,2" yaku="22,2,8,1,52,2,54,1" doraHai="113" who="1" fromWho="2" sc="259,0,261,180,530,-180,0,0" /><INIT seed="5,1,0,1,4,95" ten="259,441,350,0" oya="1" hai0="47,3,72,82,54,66,86,91,115,102,109,101,39" hai1="0,34,135,37,93,131,90,117,124,40,56,64,98" hai2="114,73,45,2,75,48,92,62,122,113,99,63,67" hai3=""/><U79/><E0/><V118/><N who="2" m="31264" /><V35/><F2/><T128/><D109/><U125/><E34/><V89/><F35/><T94/><D3/><U108/><E108/><V51/><F118/><T55/><D115/><N who="2" m="44042" /><F63/><T61/><D128/><U38/><E56/><V127/><F127/><T104/><D102/><U87/><E64/><V36/><F36/><T120/><N who="0" m="30752" /><T126/><D126/><U96/><E37/><V43/><F51/><T49/><D39/><U59/><E38/><V88/><F89/><T119/><D119/><U50/><E90/><V52/><F43/><T97/><D55/><U65/><E40/><V107/><F107/><T129/><D129/><U116/><E125/><V1/><F1/><T78/><D61/><U33/><E131/><V84/><F84/><T81/><REACH who="0" step="1"/><D66/><REACH who="0" ten="249,441,350,0" step="2"/><U121/><N who="1" m="31008" /><U130/><E65/><V41/><F41/><T69/><D69/><AGARI ba="1,1" hai="45,48,52,62,67,69,73,75,88,92,99" m="44042,31264" machi="69" ten="30,12000,2" yaku="15,1,11,1,52,2,54,2" doraHai="95" who="2" fromWho="0" sc="249,-122,441,0,350,132,0,0" /><INIT seed="6,0,0,4,1,35" ten="127,441,482,0" oya="2" hai0="100,87,2,102,129,121,53,113,78,58,70,38,52" hai1="93,116,57,73,1,72,67,40,120,135,51,71,96" hai2="99,115,89,48,0,91,127,55,77,85,43,36,34" hai3=""/><V118/><F34/><T3/><N who="0" m="31008" /><T126/><D87/><U107/><N who="1" m="30752" /><U117/><E107/><V80/><F118/><N who="1" m="45673" /><E135/><V95/><F0/><T84/><D84/><U61/><E1/><V97/><F115/><T122/><N who="0" m="31264" /><T81/><D58/><U98/><E98/><V63/><F127/><T65/><D65/><U60/><E60/><V47/><F63/><T114/><D81/><U44/><E71/><V32/><F32/><T45/><D45/><U90/><E72/><V74/><F91/><T103/><D103/><U42/><E73/><V68/><F68/><T41/><D70/><U50/><E50/><V62/><F62/><T79/><D38/><U82/><E82/><V46/><AGARI ba="0,0" hai="36,43,46,47,48,55,74,77,80,85,89,95,97,99" machi="46" ten="20,1400,0" yaku="0,1,7,1" doraHai="35" who="2" fromWho="2" sc="127,-7,441,-7,482,14,0,0" owari="120,-48.0,434,3.0,496,45.0,0,0.0" /></mjloggm>