<mjloggm ver="2.3"><GO type="225" lobby="0"/><UN n0="%E3%83%AF%E3%83%8B%54%41" n1="%E7%AB%8B%E7%9B%B4%E5%A5%BD%E6%A3%92%40%E5%BF%98" n2="%E6%B4%BE%E9%81%A3%E3%81%AE%E3%82%B8%E3%83%A3%E3%83%83%E3%82%AF" n3="%E3%82%B7%E3%83%88%E3%83%AD%E3%82%A8%E3%83%B3%E3%81%AE%E5%AD%A4%E7%8B%AC" dan="18,17,16,17" rate="2258.59,2243.89,2137.40,2216.88" sx="M,M,M,F"/><TAIKYOKU oya="0"/><INIT seed="0,0,0,5,2,62" ten="250,250,250,250" oya="0" hai0="110,10,85,91,13,123,75,2,25,133,57,35,83" hai1="16,134,106,103,130,3,33,19,102,23,97,108,48" hai2="32,59,69,56,92,68,54,87,43,128,51,34,30" hai3="80,111,9,7,53,66,55,82,95,24,36,98,94"/><T18/><D123/><U15/><E108/><V81/><F128/><W112/><G112/><T8/><D110/><U116/><E116/><V120/><F120/><W118/><G111/><T63/><D133/><U39/><E39/><V27/><F34/><W125/><G36/><T1/><D75/><U89/><E130/><V6/><F6/><W12/><G118/><T105/><D105/><U14/><E3/><V65/><F43/><W58/><G125/><T70/><D70/><U117/><E117/><V49/><F92/><W45/><G24/><T38/><D38/><U114/><E114/><V109/><F109/><W77/><G45/><T121/><D121/><U5/><E5/><V119/><F119/><W100/><G94/><T79/><D79/><U71/><E33/><V60/><REACH who="2" step="1"/><F49/><REACH who="2" ten="250,250,240,250" step="2"/><W131/><G131/><T113/><D113/><U93/><E134/><V72/><F72/><W47/><G80/><T22/><D35/><U88/><E48/><V78/><AGARI ba="0,1" hai="27,30,32,51,54,56,59,60,65,68,69,78,81,87" machi="78" ten="20,5200,0" yaku="1,1,0,1,7,1,52,1,53,0" doraHai="62" doraHaiUra="4" who="2" fromWho="2" sc="250,-26,250,-13,240,62,250,-13" /><INIT seed="1,0,0,3,0,20" ten="224,237,302,237" oya="1" hai0="134,60,26,31,27,91,90,62,53,51,71,117,68" hai1="131,21,57,54,12,33,132,106,1,39,114,63,103" hai2="115,4,87,101,86,135,85,61,133,83,14,92,73" hai3="11,99,41,77,82,104,5,66,70,44,10,56,121"/><U55/><E33/><V122/><F61/><N who="0" m="23658" /><D117/><U74/><E1/><V34/><F34/><W78/><G70/><T127/><D134/><N who="2" m="51210" /><F4/><W32/><G66/><T81/><D68/><U113/><E74/><V98/><F14/><W108/><G121/><T126/><D71/><U105/><E132/><V42/><F42/><W6/><G108/><T24/><D31/><U19/><E39/><V15/><F15/><W17/><G32/><T130/><D130/><U128/><E55/><V23/><F23/><W43/><G56/><N who="0" m="32831" /><D81/><U95/><E106/><N who="2" m="63799" /><F122/><W38/><G43/><T109/><D109/><U110/><E105/><V46/><F46/><W49/><G38/><T59/><D59/><U7/><E110/><V129/><F129/><N who="1" m="49737" /><E7/><V119/><F119/><W75/><G5/><T96/><D96/><AGARI ba="0,0" hai="12,19,21,54,57,63,95,96,103,113,114" m="49737" machi="96" ten="30,1500,0" yaku="19,1" doraHai="20" who="1" fromWho="0" sc="224,-15,237,15,302,0,237,0" /><INIT seed="1,1,0,0,1,118" ten="209,252,302,237" oya="1" hai0="87,24,120,43,90,10,49,50,74,95,32,92,54" hai1="134,128,97,81,38,6,83,119,126,125,56,89,37" hai2="18,16,63,1,55,114,44,69,106,0,135,131,31" hai3="66,3,122,116,14,47,68,34,104,94,48,105,76"/><U88/><E119/><V123/><F123/><W13/><G116/><T113/><D113/><U35/><E35/><V8/><F106/><W93/><G3/><T58/><D74/><U117/><E117/><V20/><F114/><W91/><G34/><T29/><D10/><U70/><E70/><V80/><F135/><W84/><G122/><T53/><D43/><U51/><E6/><V45/><F131/><W17/><G76/><T61/><D120/><U64/><E128/><V19/><F80/><W59/><G68/><T110/><D110/><U12/><E12/><V27/><F69/><W21/><G104/><T111/><D111/><U40/><E134/><V52/><F1/><W82/><G105/><T101/><D101/><U9/><E9/><V72/><F72/><W78/><G13/><T71/><D71/><U132/><E132/><V133/><F133/><W77/><G77/><T124/><D124/><U96/><E51/><N who="2" m="28775" /><F0/><W99/><G93/><T108/><D108/><U75/><E75/><V85/><F85/><W115/><G115/><T121/><D121/><U62/><E40/><V107/><F107/><W15/><G15/><T23/><D32/><U103/><E103/><V5/><F5/><W25/><G14/><T46/><REACH who="0" step="1"/><D61/><REACH who="0" ten="199,252,302,237" step="2"/><U112/><E112/><V7/><F63/><N who="3" m="38271" /><G48/><T11/><D11/><U4/><E62/><V79/><F8/><W130/><G130/><T109/><D109/><U98/><E4/><V41/><F7/><W60/><G60/><T42/><D42/><U127/><E37/><N who="2" m="21679" /><F55/><W129/><G129/><T67/><D67/><U65/><E126/><RYUUKYOKU ba="1,1" sc="199,10,252,-30,302,10,237,10" hai0="23,24,29,46,49,50,53,54,58,87,90,92,95" hai2="16,18,19,20,27,31,79" hai3="17,21,25,47,78,82,84,91,94,99" /><INIT seed="2,2,1,5,3,91" ten="209,222,312,247" oya="2" hai0="3,93,15,9,125,54,87,37,34,0,35,49,89" hai1="68,69,65,72,101,50,64,13,112,134,123,70,2" hai2="36,74,73,130,128,21,31,67,118,42,8,51,12" hai3="5,107,59,132,86,26,11,40,62,92,133,57,52"/><V82/><F36/><W97/><G40/><T90/><D37/><U80/><E2/><V28/><F118/><W115/><G115/><T33/><D125/><U121/><E101/><V116/><F116/><W120/><G120/><N who="1" m="46154" /><E112/><V66/><F51/><W117/><G117/><T109/><D90/><U16/><E134/><N who="3" m="51818" /><G26/><T79/><D79/><N who="1" m="44135" /><E50/><V45/><F45/><W88/><G59/><T98/><D109/><U124/><E124/><V108/><F42/><W22/><G22/><AGARI ba="2,1" hai="13,16,22,64,65,68,69,70" m="44135,46154" machi="22" ten="40,2600,0" yaku="13,1,54,1" doraHai="91" who="1" fromWho="3" sc="209,0,222,42,312,0,247,-32" /><INIT seed="3,0,0,2,4,80" ten="209,264,312,215" oya="3" hai0="70,78,17,127,73,22,121,79,102,99,69,33,30" hai1="16,48,37,75,45,15,118,0,85,51,97,95,96" hai2="21,4,126,24,66,7,117,29,114,88,130,26,86" hai3="32,125,43,40,47,14,56,133,60,2,105,52,91"/><W28/><G2/><T119/><D121/><U76/><E0/><V98/><F117/><W10/><G105/><T116/><D127/><U132/><E37/><V67/><F114/><W111/><G125/><T122/><D122/><U9/><E132/><V3/><F3/><W131/><G133/><T18/><D30/><U35/><E35/><V50/><F130/><W74/><G131/><T20/><D99/><U82/><E118/><N who="0" m="45097" /><D102/><N who="1" m="60703" /><E75/><V12/><F98/><W57/><G74/><T5/><D5/><U90/><E45/><V36/><F36/><W94/><G111/><T110/><D33/><U83/><E83/><V87/><F126/><W104/><G104/><T49/><D49/><N who="1" m="19019" /><E97/><V23/><F50/><N who="3" m="28767" /><G28/><T107/><D107/><U68/><E68/><N who="0" m="26217" /><D110/><U54/><E54/><V112/><F29/><W106/><G106/><T93/><D93/><U77/><AGARI ba="0,0" hai="9,15,16,76,77,82,85,90" m="19019,60703" machi="77" ten="30,4000,0" yaku="8,1,52,1,54,1" doraHai="80" who="1" fromWho="1" sc="209,-10,264,40,312,-10,215,-20" owari="199,-20.0,304,40.0,302,10.0,195,-30.0" /></mjloggm>