<mjloggm ver="2.3"><GO type="185" lobby="0"/><UN n0="%69%6E%75%73%61%6E%34%31" n1="%52%35" n2="%4E%45%47%49%54%53" n3="" dan="16,16,18,0" rate="2218.34,2160.32,2318.30,1500.00" sx="M,M,F,C"/><TAIKYOKU oya="0"/><INIT seed="0,0,0,3,5,87" ten="350,350,350,0" oya="0" hai0="83,134,55,2,110,106,1,45,126,118,93,94,104" hai1="85,108,73,125,135,53,64,86,112,84,131,96,81" hai2="82,123,65,128,74,75,63,51,3,98,58,97,49" hai3=""/><T48/><D118/><U69/><E108/><V40/><N who="2" m="31520" /><V46/><F3/><T42/><D110/><U90/><E131/><V50/><F128/><T41/><D126/><U32/><E32/><V61/><F98/><T116/><D116/><U37/><E125/><V95/><F63/><T101/><D134/><U120/><N who="1" m="30752" /><U111/><E111/><V71/><F82/><T132/><D132/><U72/><E135/><V129/><F129/><T109/><D109/><U33/><E33/><V122/><N who="2" m="31264" /><V43/><F71/><T35/><D35/><U113/><E37/><V66/><F66/><T59/><D106/><U62/><E53/><V79/><F79/><T54/><D83/><U78/><REACH who="1" step="1"/><E73/><REACH who="1" ten="350,340,350,0" step="2"/><V88/><F43/><T100/><D2/><U68/><E68/><V77/><REACH who="2" step="1"/><F77/><REACH who="2" ten="350,340,340,0" step="2"/><T124/><D1/><U115/><E115/><V92/><F92/><AGARI ba="0,2" hai="62,64,69,72,78,81,84,85,86,90,92,96,112,113" m="30752" machi="92" ten="40,5200,0" yaku="1,1,52,2,53,0" doraHai="87" doraHaiUra="39" who="1" fromWho="2" sc="350,0,340,72,340,-52,0,0" /><INIT seed="1,0,0,1,2,68" ten="350,412,288,0" oya="1" hai0="95,84,83,32,76,53,92,122,104,115,37,96,94" hai1="89,119,102,60,35,63,97,105,103,33,58,66,69" hai2="3,71,100,125,65,107,77,134,56,114,72,99,50" hai3=""/><U109/><E119/><V80/><F3/><T81/><N who="0" m="31264" /><T1/><D1/><U38/><E109/><V41/><F71/><T108/><D32/><U82/><E103/><V75/><F134/><T127/><D115/><U86/><REACH who="1" step="1"/><E38/><REACH who="1" ten="350,402,288,0" step="2"/><V46/><F114/><T101/><D108/><U111/><E111/><V42/><F125/><T131/><D127/><U112/><E112/><V55/><F72/><T117/><D117/><U121/><N who="1" m="31008" /><U124/><E124/><V78/><F78/><T45/><D131/><U120/><N who="1" m="30752" /><U61/><E61/><V40/><REACH who="2" step="1"/><F65/><AGARI ba="0,1" hai="33,35,58,60,63,65,66,69,82,86,89,97,102,105" m="30752,31008" machi="65" ten="30,11600,0" yaku="1,1,7,1,52,2,53,0" doraHai="68" doraHaiUra="88" who="1" fromWho="2" sc="350,0,402,126,288,-116,0,0" /><INIT seed="1,1,0,5,0,63" ten="350,528,172,0" oya="1" hai0="78,132,39,99,100,0,75,96,51,126,102,58,123" hai1="115,88,84,107,50,127,72,43,129,130,3,62,106" hai2="74,90,105,71,38,32,101,68,113,81,118,93,73" hai3=""/><U59/><E115/><V64/><F118/><T82/><N who="0" m="31520" /><T49/><D0/><U128/><E3/><V44/><F32/><T83/><D39/><U65/><E72/><V2/><F2/><T120/><N who="0" m="30752" /><T117/><D117/><U60/><E127/><V53/><F113/><T121/><N who="0" m="31008" /><T133/><D126/><U95/><E43/><V57/><F105/><T56/><D78/><U135/><E135/><V104/><F104/><T1/><D1/><U108/><E108/><V98/><F71/><T86/><D86/><U35/><E35/><V124/><F124/><T109/><REACH who="0" step="1"/><D109/><REACH who="0" ten="340,528,172,0" step="2"/><U97/><E84/><V67/><F38/><T110/><D110/><U40/><E62/><V52/><F74/><AGARI ba="1,1" hai="49,51,56,58,74,75,82,83,96,99,100,102,132,133" m="31008,30752,31520" machi="74" ten="25,12000,2" yaku="1,1,22,2,52,3,53,0" doraHai="63" doraHaiUra="103" who="0" fromWho="2" sc="340,132,528,0,172,-122,0,0" /><INIT seed="2,0,0,0,5,51" ten="472,528,50,0" oya="2" hai0="74,113,44,37,119,72,2,78,91,104,128,100,88" hai1="134,93,71,120,132,124,3,49,116,114,123,63,135" hai2="60,90,65,34,40,118,0,61,70,80,64,108,103" hai3=""/><V67/><F0/><T130/><D2/><U46/><N who="1" m="30752" /><U117/><N who="1" m="31520" /><U115/><E3/><V36/><F34/><T98/><D119/><N who="1" m="45643" /><E124/><V126/><F118/><T109/><D37/><U79/><E79/><V89/><F126/><T82/><D44/><U133/><N who="1" m="33792" /><DORA hai="35" /><U69/><E93/><V99/><F108/><T55/><D109/><U33/><E33/><V56/><F67/><T1/><D1/><U95/><E95/><V50/><F36/><T85/><D113/><N who="1" m="43019" /><E63/><V81/><F81/><T127/><D127/><U102/><E102/><V92/><F80/><T76/><D76/><U59/><E59/><V42/><F103/><T58/><D74/><U47/><E47/><V48/><REACH who="2" step="1"/><F90/><REACH who="2" ten="472,528,40,0" step="2"/><T112/><D112/><U111/><E111/><V107/><F107/><T39/><D39/><U97/><E97/><V110/><F110/><T83/><D91/><U87/><E87/><V68/><F68/><T84/><REACH who="0" step="1"/><D72/><REACH who="0" ten="462,528,40,0" step="2"/><U131/><E131/><V129/><F129/><T77/><D77/><U43/><AGARI ba="0,2" hai="43,46,49,69,71" m="43019,33792,45643,31520,30752" machi="43" ten="70,9000,2" yaku="12,1,20,1,34,2,52,2" doraHai="51,35" who="1" fromWho="1" sc="462,-30,528,110,40,-60,0,0" owari="432,3.0,638,59.0,-20,-62.0,0,0.0" /></mjloggm>