<mjloggm ver="2.3"><GO type="169" lobby="0"/><UN n0="%77%69%6C%73%6F%6E" n1="%EF%BC%A9%EF%BC%A3%EF%BC%A8%EF%BC%A9" n2="%E7%8C%BF%2D%53%61%72%75%2D" n3="%64%75%72%72%72%72%72" dan="16,17,17,16" rate="2175.69,2210.11,2250.13,2124.34" sx="M,M,M,M"/><TAIKYOKU oya="0"/><INIT seed="0,0,0,0,4,107" ten="250,250,250,250" oya="0" hai0="122,131,135,60,94,78,83,106,133,120,125,68,129" hai1="47,97,88,71,7,44,40,55,63,27,4,35,130" hai2="59,103,37,69,39,75,65,81,33,31,91,79,34" hai3="12,49,118,58,45,104,111,112,117,110,108,18,113"/><T61/><D94/><U93/><E130/><N who="0" m="49673" /><D106/><U5/><E55/><V24/><F59/><W6/><G104/><T109/><D68/><U57/><E71/><V116/><F103/><W2/><G58/><T132/><D83/><U17/><E35/><N who="2" m="20967" /><F91/><W22/><G49/><T134/><N who="0" m="33792" /><DORA hai="29" /><T96/><D96/><U87/><E87/><V23/><F23/><W77/><G45/><T124/><D78/><U119/><E119/><N who="3" m="45578" /><G77/><T15/><D15/><U70/><E70/><V73/><F116/><W3/><G6/><T10/><D10/><U121/><E7/><V86/><F86/><W25/><G12/><T100/><D100/><U66/><E5/><V51/><F51/><W89/><G89/><T102/><D102/><U76/><E4/><V72/><F79/><W41/><G41/><T46/><D46/><U123/><E76/><V90/><F90/><W56/><G56/><T19/><D19/><U14/><E14/><V32/><F81/><W1/><AGARI ba="0,0" hai="1,2,3,18,22,25,108,110,111,112,113" m="45578" machi="1" ten="50,6400,0" yaku="14,1,34,2" doraHai="107,29" who="3" fromWho="3" sc="250,-32,250,-16,250,-16,250,64" /><INIT seed="1,0,0,1,0,38" ten="218,234,234,314" oya="1" hai0="5,16,115,13,31,29,35,23,6,116,52,125,66" hai1="75,47,82,59,15,68,12,18,77,2,101,56,86" hai2="9,121,102,105,42,14,117,109,94,104,63,100,96" hai3="24,11,50,114,67,71,64,88,92,41,27,40,81"/><U61/><E2/><V99/><F109/><W95/><G114/><T37/><D66/><N who="3" m="25129" /><G71/><T33/><D37/><U87/><E68/><V39/><F117/><W25/><G11/><T98/><D116/><U30/><E30/><N who="0" m="11273" /><D115/><U93/><E15/><V133/><F133/><W128/><G128/><T10/><D98/><U90/><E101/><V126/><F63/><W132/><G132/><T76/><D76/><U97/><E47/><V60/><F60/><W48/><G81/><T72/><D72/><U58/><REACH who="1" step="1"/><E61/><REACH who="1" ten="218,224,234,314" step="2"/><V130/><F14/><W45/><G88/><T32/><D125/><U53/><E53/><V19/><F126/><W0/><G0/><N who="0" m="295" /><D52/><U55/><E55/><V62/><F62/><W4/><G4/><AGARI ba="0,1" hai="4,6,13,16,23,32,33,35" m="295,11273" machi="4" ten="40,12000,2" yaku="35,5,54,1" doraHai="38" who="0" fromWho="3" sc="218,130,224,0,234,0,314,-120" /><INIT seed="2,0,0,2,2,119" ten="348,224,234,194" oya="2" hai0="132,50,47,39,107,93,82,32,94,40,103,111,63" hai1="31,12,6,25,98,16,18,76,87,85,99,15,86" hai2="14,49,11,20,5,81,112,29,30,118,129,126,105" hai3="24,128,91,57,73,123,61,74,96,13,21,80,36"/><V75/><F118/><W68/><G36/><T42/><D32/><U104/><E76/><V67/><F112/><W28/><G68/><T117/><D117/><U109/><E109/><V108/><F105/><W106/><G128/><T120/><D111/><U27/><E6/><V88/><F108/><W125/><G125/><T83/><D107/><U62/><E62/><V48/><F126/><W113/><G113/><T35/><D35/><U84/><E104/><V54/><F129/><W121/><G13/><N who="1" m="5194" /><E87/><N who="2" m="50287" /><F75/><W65/><G74/><T38/><D132/><U56/><E56/><N who="2" m="32839" /><F67/><W89/><G89/><T101/><D63/><U92/><E31/><N who="2" m="11787" /><F49/><W110/><G110/><T64/><D64/><U26/><E92/><V37/><F37/><W122/><G106/><T46/><D50/><U55/><E55/><V66/><F66/><W131/><G131/><T4/><D4/><U130/><E130/><V41/><F20/><W100/><G100/><T77/><REACH who="0" step="1"/><D77/><REACH who="0" ten="338,224,234,194" step="2"/><U69/><E69/><V22/><F22/><W8/><G8/><T116/><D116/><U114/><E114/><V95/><F5/><W0/><G0/><T44/><D44/><U134/><E134/><V1/><F1/><W17/><G65/><T43/><D43/><U115/><E115/><V23/><F23/><W60/><G60/><T127/><D127/><U102/><E102/><V58/><F41/><W19/><G61/><T45/><D45/><U10/><E10/><V3/><F3/><W33/><G33/><T2/><D2/><U34/><E34/><V59/><F11/><W70/><G70/><T9/><D9/><RYUUKYOKU ba="0,1" sc="338,15,224,15,234,-15,194,-15" hai0="38,39,40,42,46,47,82,83,93,94,101,103,120" hai1="16,18,25,26,27,84,85,86,98,99" /><INIT seed="3,1,1,3,1,120" ten="353,239,219,179" oya="3" hai0="19,129,84,31,104,83,85,107,47,46,98,106,14" hai1="37,112,115,94,48,39,15,24,53,17,127,9,96" hai2="89,132,114,59,130,12,65,87,69,77,64,123,78" hai3="45,99,75,63,76,128,13,67,18,1,50,119,30"/><W68/><G119/><T36/><D129/><U28/><E127/><V117/><F117/><W52/><G1/><T124/><D124/><U43/><E43/><V27/><F114/><W135/><G128/><T56/><D31/><U88/><E39/><V90/><F130/><W35/><G135/><T8/><D98/><U108/><E108/><V133/><F69/><W97/><G76/><T111/><D111/><U116/><E37/><V20/><F12/><W101/><G75/><T81/><D36/><U40/><E40/><V6/><F6/><W4/><G4/><T66/><D66/><U134/><E134/><N who="2" m="51819" /><F90/><W74/><G74/><T21/><D56/><U0/><E0/><V2/><F2/><W100/><G100/><T93/><D93/><U126/><E126/><V11/><F11/><W79/><G79/><N who="2" m="30217" /><F59/><W121/><G121/><T57/><D57/><U41/><E41/><V131/><F131/><W103/><G103/><T49/><D46/><U72/><E116/><V70/><F70/><W62/><G62/><T61/><D61/><U60/><E60/><V125/><F125/><W113/><G113/><T102/><D102/><U80/><E72/><V92/><F123/><W95/><G99/><T110/><D8/><U118/><E118/><V51/><F51/><W34/><REACH who="3" step="1"/><G30/><AGARI ba="1,1" hai="20,27,30,64,65,87,89,92" m="30217,51819" machi="30" ten="30,1000,0" yaku="20,1" doraHai="120" who="2" fromWho="3" sc="353,0,239,0,219,23,179,-13" /><INIT seed="4,0,0,2,5,0" ten="353,239,242,166" oya="0" hai0="82,14,6,20,12,62,47,8,41,9,117,98,31" hai1="26,87,127,55,74,3,11,105,84,19,44,70,103" hai2="4,39,120,86,2,21,51,66,7,5,113,30,89" hai3="91,99,110,93,65,27,88,18,135,125,71,112,109"/><T17/><D117/><U95/><E74/><V81/><F113/><W16/><G112/><T15/><D62/><U36/><E70/><V46/><F120/><W75/><G75/><T124/><D124/><U58/><E105/><V126/><F126/><W72/><G125/><T25/><D82/><U134/><E134/><V119/><F119/><W101/><G72/><T24/><D98/><U50/><E3/><V108/><F108/><W128/><G135/><T107/><D107/><U83/><E36/><V48/><F2/><W52/><G128/><T106/><D106/><U13/><E127/><V33/><F33/><W67/><G71/><T92/><D92/><U37/><E37/><V22/><F66/><N who="3" m="25099" /><G110/><T59/><D59/><U114/><E114/><V23/><REACH who="2" step="1"/><F30/><REACH who="2" ten="353,239,232,166" step="2"/><W60/><G109/><T116/><D116/><U64/><E64/><V79/><F79/><W97/><G97/><T10/><D41/><AGARI ba="0,1" hai="4,5,7,21,22,23,39,41,46,48,51,81,86,89" machi="41" ten="40,8000,1" yaku="1,1,52,3,53,1" doraHai="0" doraHaiUra="40" who="2" fromWho="0" sc="353,-80,239,0,232,90,166,0" /><INIT seed="5,0,0,1,3,97" ten="273,239,322,166" oya="1" hai0="24,23,25,18,125,78,22,56,85,70,33,12,117" hai1="111,114,30,37,21,88,98,75,7,19,32,76,105" hai2="51,63,59,122,67,69,47,8,39,99,68,53,79" hai3="10,50,91,15,13,94,129,107,124,57,42,126,80"/><U54/><E37/><V27/><F79/><W66/><G107/><T92/><D70/><U11/><E114/><V58/><F122/><W101/><G80/><T9/><D117/><U104/><E111/><V112/><F112/><W121/><G121/><T102/><D33/><U2/><E76/><V127/><F127/><W45/><G129/><T132/><D125/><N who="3" m="48233" /><G10/><T116/><D116/><U34/><E75/><V55/><F27/><N who="0" m="10314" /><D132/><U134/><E134/><V26/><F26/><W5/><G5/><T35/><D35/><U49/><E30/><V6/><F99/><N who="3" m="59639" /><G91/><N who="0" m="53359" /><D78/><U77/><E77/><V120/><F120/><W131/><G131/><T81/><D81/><U65/><E34/><V72/><F72/><W36/><G36/><T109/><D109/><U89/><E32/><V90/><F90/><W118/><G118/><T31/><D31/><U135/><E89/><V62/><REACH who="2" step="1"/><F39/><REACH who="2" ten="273,239,312,166" step="2"/><W108/><G108/><T43/><D43/><U100/><E88/><V113/><F113/><W87/><G87/><T52/><D102/><U86/><E86/><V128/><F128/><W48/><G48/><AGARI ba="0,1" hai="9,12,18,22,23,48,52,56" m="53359,10314" machi="48" ten="30,2000,0" yaku="8,1,54,1" doraHai="97" who="0" fromWho="3" sc="273,30,239,0,312,0,166,-20" /><INIT seed="6,0,0,3,5,117" ten="303,239,312,146" oya="2" hai0="87,57,45,84,131,92,130,63,37,71,120,101,43" hai1="11,56,41,90,97,1,17,21,85,40,127,81,65" hai2="132,53,88,35,6,98,18,49,122,133,59,42,86" hai3="19,129,38,116,79,33,104,16,3,82,55,64,105"/><V100/><F35/><W28/><G116/><T7/><D7/><U52/><E127/><V2/><F6/><W76/><G3/><T110/><D110/><U126/><E126/><V113/><F2/><W123/><G38/><T93/><D71/><U80/><E65/><V29/><F29/><W70/><G64/><T125/><D125/><U58/><E58/><V103/><F113/><W128/><G70/><T60/><D120/><U47/><E47/><V22/><F42/><W26/><G55/><T54/><D60/><U51/><E11/><V107/><F103/><W48/><G48/><T66/><D66/><U108/><E108/><V61/><F61/><W14/><G123/><T8/><D8/><U44/><E1/><V134/><F122/><W94/><G19/><T72/><D72/><U121/><E121/><V50/><F50/><W112/><G94/><N who="0" m="36459" /><D101/><U4/><E97/><V62/><F62/><W106/><G112/><T96/><D96/><U30/><E4/><V23/><F18/><W13/><G13/><T83/><D83/><AGARI ba="0,0" hai="22,23,49,53,59,83,86,88,98,100,107,132,133,134" machi="83" ten="40,3900,0" yaku="20,1,54,1" doraHai="117" who="2" fromWho="0" sc="303,-39,239,0,312,39,146,0" /><INIT seed="6,1,0,2,3,89" ten="264,239,351,146" oya="2" hai0="39,129,29,120,66,121,16,107,109,119,53,46,23" hai1="13,33,87,5,26,10,8,128,44,85,92,124,82" hai2="106,71,134,36,81,84,77,90,59,83,127,116,111" hai3="132,131,37,3,61,113,1,21,103,64,76,6,54"/><V28/><F71/><W15/><G37/><T108/><D107/><U7/><E128/><V35/><F116/><W105/><G131/><T117/><D129/><U57/><E124/><V80/><F36/><W94/><G132/><T62/><D29/><U130/><E130/><V27/><F106/><W97/><G76/><T19/><D23/><U123/><E123/><N who="0" m="47177" /><D19/><U104/><E104/><V72/><F127/><W17/><G113/><T51/><D16/><U75/><E75/><V88/><F134/><W69/><G6/><T112/><D39/><U47/><E57/><V22/><F111/><N who="0" m="42570" /><D66/><U70/><E26/><V30/><F30/><W52/><REACH who="3" step="1"/><G105/><REACH who="3" ten="264,239,351,136" step="2"/><T55/><D112/><U114/><E114/><V2/><F77/><W73/><G73/><T25/><D25/><U38/><E38/><V45/><F72/><W48/><G48/><N who="0" m="28823" /><D62/><U74/><E74/><V86/><F27/><W67/><G67/><T79/><D79/><U110/><E110/><V9/><F35/><W78/><G78/><T102/><D102/><U118/><E7/><V56/><F28/><W115/><G115/><T24/><D24/><U32/><E5/><V100/><F100/><W41/><G41/><T91/><D91/><U126/><E33/><V63/><F88/><W65/><G65/><T0/><D0/><AGARI ba="1,1" hai="0,1,3,15,17,21,52,54,61,64,69,94,97,103" machi="0" ten="40,8000,1" yaku="1,1,52,1,54,1,53,1" doraHai="89" doraHaiUra="60" who="3" fromWho="0" sc="264,-83,239,0,351,0,136,93" /><INIT seed="7,0,0,2,3,41" ten="181,239,351,229" oya="3" hai0="21,59,117,60,44,84,24,87,73,101,4,125,82" hai1="45,43,78,115,113,50,88,129,118,80,55,131,18" hai2="3,61,14,56,5,28,112,72,96,121,103,95,51" hai3="126,68,92,119,16,10,124,79,105,37,53,67,114"/><W40/><G105/><T1/><D117/><U15/><E118/><V69/><F72/><W13/><G119/><T85/><D125/><N who="3" m="48233" /><G114/><N who="1" m="43530" /><E88/><V33/><F3/><W76/><G67/><T107/><D1/><U71/><E55/><V86/><F61/><W29/><G68/><T12/><D73/><N who="1" m="43087" /><E71/><V108/><F108/><W90/><G29/><T58/><D82/><U31/><E31/><V120/><F28/><W22/><G10/><AGARI ba="0,0" hai="10,15,18,43,45,50,129,131" m="43087,43530" machi="10" ten="30,2000,0" yaku="15,1,52,1" doraHai="41" who="1" fromWho="3" sc="181,0,239,20,351,0,229,-20" owari="181,-32.0,259,6.0,351,45.0,209,-19.0" /></mjloggm>