<mjloggm ver="2.3"><GO type="225" lobby="0"/><UN n0="%E3%81%BE%E3%81%95%EF%BC%A7" n1="%E6%98%93%E5%88%A9%E8%96%A9%E4%BC%AF" n2="%E7%AD%89%E3%80%85%E5%8A%9B%E5%8A%87%E5%A0%B4" n3="%E3%83%B4%E3%83%A0%EF%BC%99%E3%81%A6" dan="16,16,16,17" rate="2172.94,2142.39,2078.87,2148.28" sx="M,F,M,M"/><TAIKYOKU oya="0"/><INIT seed="0,0,0,1,4,11" ten="250,250,250,250" oya="0" hai0="118,129,12,56,89,41,73,86,1,0,131,110,59" hai1="78,19,127,108,7,23,87,119,38,95,88,60,25" hai2="98,109,34,71,47,96,54,92,28,29,114,67,106" hai3="3,5,90,81,15,111,75,53,52,20,14,62,21"/><T128/><D118/><U46/><E108/><V57/><F114/><W55/><G111/><T104/><D110/><U101/><E127/><V135/><F109/><W107/><G107/><T9/><D104/><U82/><E119/><V8/><F135/><W22/><G3/><N who="0" m="1099" /><D41/><U97/><E7/><V26/><F71/><W42/><G5/><N who="0" m="3119" /><D73/><U100/><E38/><V24/><F67/><W39/><G62/><T74/><D74/><U123/><E123/><V70/><F70/><W33/><G33/><T117/><D117/><U18/><E18/><V32/><F106/><W116/><G116/><T124/><D124/><U44/><E60/><V43/><F92/><AGARI ba="0,0" hai="56,59,86,89,92,128,129,131" m="3119,1099" machi="92" ten="40,3900,0" yaku="19,1,52,1" doraHai="11" who="0" fromWho="2" sc="250,39,250,0,250,-39,250,0" /><INIT seed="0,1,0,3,4,49" ten="289,250,211,250" oya="0" hai0="8,126,90,35,91,23,68,105,27,123,3,86,116" hai1="95,54,60,72,34,4,109,10,75,108,62,76,25" hai2="20,102,113,29,44,66,119,13,84,124,46,31,51" hai3="63,22,40,48,74,69,101,93,78,122,30,52,130"/><T24/><D116/><U5/><E5/><V80/><F113/><W128/><G122/><T14/><D123/><U15/><E95/><V17/><F124/><W33/><G33/><T83/><D126/><U58/><E62/><V2/><F2/><W6/><G6/><T94/><D105/><U88/><E88/><N who="2" m="51207" /><F119/><W71/><G40/><T67/><D3/><U103/><E103/><V135/><F135/><W115/><G115/><T1/><D1/><U55/><E55/><N who="2" m="30183" /><F66/><W82/><G93/><T100/><D94/><U18/><E34/><V38/><F38/><W57/><G101/><T9/><D100/><U117/><E117/><V61/><F102/><W98/><G98/><T12/><D91/><U125/><E125/><V133/><F133/><W39/><G39/><T19/><D35/><U112/><E112/><V96/><F96/><W104/><G104/><T87/><D87/><U97/><E97/><V118/><F118/><W106/><G106/><T127/><D127/><U85/><E75/><V73/><F73/><W36/><G36/><T120/><D120/><U129/><E129/><N who="3" m="49770" /><G63/><T107/><D107/><U134/><E72/><V43/><F61/><W21/><G69/><T41/><D68/><U26/><E134/><V42/><F46/><W47/><G71/><T121/><D121/><U50/><E60/><V59/><F59/><W32/><G47/><T99/><D99/><U37/><E37/><V56/><F56/><W81/><G81/><T132/><D132/><U64/><E85/><V16/><F17/><W77/><G77/><T92/><D67/><U53/><E64/><RYUUKYOKU ba="1,0" sc="289,-15,250,-15,211,15,250,15" hai2="13,16,20,29,31,42,43" hai3="21,22,30,32,48,52,57,74,78,82" /><INIT seed="1,2,0,5,5,71" ten="274,235,226,265" oya="1" hai0="2,45,89,94,116,56,17,12,123,22,5,28,72" hai1="59,75,10,79,34,1,100,88,78,130,57,29,63" hai2="68,119,49,132,54,83,21,62,90,38,91,67,122" hai3="16,50,111,11,55,105,97,107,18,51,20,39,86"/><U26/><E130/><V85/><F119/><W42/><G111/><T15/><D116/><U128/><E128/><V135/><F122/><W43/><G86/><T109/><D109/><U80/><E100/><V108/><F108/><W74/><G11/><N who="0" m="4207" /><D72/><U33/><E79/><V48/><F38/><W8/><G8/><T87/><D2/><U31/><E59/><V134/><F21/><W120/><G74/><T47/><D123/><U112/><E112/><V24/><F24/><W58/><G120/><T53/><D28/><U117/><E117/><V41/><F41/><W118/><G118/><T104/><D104/><U101/><E101/><V40/><F40/><W133/><G133/><T4/><D4/><U126/><E126/><V65/><F65/><W115/><G20/><T114/><D114/><U27/><E1/><V95/><REACH who="2" step="1"/><F54/><REACH who="2" ten="274,235,216,265" step="2"/><W66/><G55/><T77/><D77/><U46/><E10/><V44/><F44/><W113/><G66/><T103/><D103/><U0/><E46/><V37/><F37/><W84/><G39/><T82/><D82/><U99/><E34/><V92/><F92/><W96/><G113/><T98/><D98/><AGARI ba="2,1" hai="48,49,62,67,68,83,85,90,91,95,98,132,134,135" machi="98" ten="40,2600,0" yaku="1,1,20,1,53,0" doraHai="71" doraHaiUra="110" who="2" fromWho="0" sc="274,-32,235,0,216,42,265,0" /><INIT seed="2,0,0,5,5,31" ten="242,235,258,265" oya="2" hai0="8,33,109,13,111,76,135,24,70,25,63,1,45" hai1="78,54,103,134,41,81,101,83,85,92,39,61,88" hai2="64,56,119,18,58,121,50,62,38,118,3,34,48" hai3="97,9,96,106,68,10,21,43,47,12,72,127,29"/><V133/><F3/><W86/><G72/><T40/><D1/><U77/><E39/><V74/><F74/><W57/><G68/><T116/><D135/><U59/><E134/><V73/><F133/><W67/><G127/><T14/><D76/><U36/><E36/><V23/><F73/><W66/><G86/><T4/><D116/><U112/><E112/><V102/><F121/><W69/><G69/><T132/><D132/><U129/><E41/><V16/><F38/><W125/><G125/><T20/><D45/><U89/><E129/><V87/><F102/><N who="1" m="38921" /><E83/><V0/><F0/><W115/><G57/><T107/><D40/><U90/><E78/><V114/><F114/><W131/><G115/><T75/><D75/><U52/><E54/><V84/><F23/><W93/><G106/><T120/><D107/><U42/><E42/><V80/><F62/><W15/><G21/><T5/><D120/><U79/><E79/><V44/><F64/><W7/><G131/><T22/><D63/><U100/><N who="1" m="38929" /><U55/><DORA hai="30" /><E55/><V95/><F95/><AGARI ba="0,0" hai="52,59,61,77,81,85,88,89,90,92,95" m="38929" machi="95" ten="40,5200,0" yaku="8,1,54,2" doraHai="31,30" who="1" fromWho="2" sc="242,0,235,52,258,-52,265,0" /><INIT seed="3,0,0,5,1,38" ten="242,287,206,265" oya="3" hai0="32,72,104,108,22,10,64,56,29,82,21,54,99" hai1="124,63,30,7,83,88,105,114,65,26,27,23,69" hai2="92,40,13,89,11,81,49,28,55,109,128,6,93" hai3="62,131,19,121,94,80,46,4,84,3,45,59,68"/><W75/><G121/><T110/><D64/><U1/><E114/><V37/><F109/><N who="0" m="42090" /><D10/><U115/><E115/><V0/><F128/><W47/><G68/><T16/><D32/><U67/><E105/><V52/><F28/><W71/><G71/><T25/><D104/><U119/><E124/><V85/><F0/><W79/><G131/><T51/><D99/><U43/><E67/><V14/><F37/><W86/><G3/><T122/><D122/><U15/><E1/><V76/><F14/><W129/><G4/><T125/><D125/><U116/><E27/><V132/><F132/><W135/><G135/><T17/><D22/><U73/><E7/><V97/><F93/><W133/><G133/><T20/><D20/><U118/><E23/><V50/><F50/><W91/><G129/><T120/><D120/><U35/><E69/><V103/><F103/><W134/><G134/><T8/><D8/><U111/><E111/><V95/><F92/><W41/><G19/><T48/><D48/><U53/><E65/><V39/><F39/><W102/><G102/><T74/><D74/><U112/><E73/><V60/><F60/><W44/><G75/><T58/><D58/><N who="1" m="35279" /><E112/><V107/><F107/><W130/><G130/><T61/><D61/><U9/><E9/><V33/><F33/><W96/><G62/><T31/><D31/><U24/><E30/><V126/><F126/><W117/><G59/><T127/><D127/><U12/><E35/><V123/><F123/><W5/><G117/><T77/><AGARI ba="0,0" hai="16,17,21,25,29,51,54,56,72,77,82" m="42090" machi="77" ten="30,2000,0" yaku="14,1,54,1" doraHai="38" who="0" fromWho="0" sc="242,20,287,-5,206,-5,265,-10" /><INIT seed="4,0,0,3,4,23" ten="262,282,201,255" oya="0" hai0="96,15,125,50,63,78,65,126,89,42,100,47,86" hai1="118,1,83,56,135,72,37,35,116,91,105,109,27" hai2="95,81,75,85,101,24,10,62,117,67,0,79,52" hai3="55,103,26,17,99,88,19,59,121,69,71,22,38"/><T36/><D78/><U48/><E37/><V45/><F117/><W112/><G38/><T94/><D36/><U134/><E1/><V123/><F123/><W77/><G121/><T25/><D15/><U30/><E105/><V58/><F0/><W60/><G112/><T130/><D130/><U57/><E109/><V29/><F10/><W14/><G77/><T102/><D25/><U119/><E48/><V2/><F2/><W41/><G41/><T73/><D73/><U68/><E68/><V18/><F18/><W87/><G17/><T80/><REACH who="0" step="1"/><D100/><REACH who="0" ten="252,282,201,255" step="2"/><U46/><E72/><V6/><F6/><W34/><G14/><T20/><D20/><U115/><E27/><V3/><F3/><W122/><G122/><T53/><D53/><U31/><E116/><V32/><F101/><W40/><G40/><T11/><D11/><U13/><E13/><V132/><F132/><W129/><G129/><T111/><D111/><U28/><E118/><V49/><REACH who="2" step="1"/><F75/><REACH who="2" ten="252,282,191,255" step="2"/><W33/><G103/><T61/><D61/><U51/><E134/><V106/><F106/><W8/><G60/><T16/><D16/><U131/><E135/><V54/><F54/><W44/><G19/><T64/><D64/><U98/><E119/><V104/><F104/><W84/><G8/><T70/><AGARI ba="0,2" hai="42,47,50,63,65,70,80,86,89,94,96,102,125,126" machi="70" ten="30,11700,0" yaku="1,1,0,1,53,2" doraHai="23" doraHaiUra="133" who="0" fromWho="0" sc="252,137,282,-39,191,-39,255,-39" owari="389,49.0,243,4.0,152,-35.0,216,-18.0" /></mjloggm>