<mjloggm ver="2.3"><GO type="169" lobby="0"/><UN n0="%E3%83%95%E3%82%A3%E3%83%AD%E3%82%BD%E3%83%95%E3%82%A3%E3%82%A2" n1="%E5%B9%B3%E5%92%8C%E4%B8%BB%E7%BE%A9%E8%80%85%33" n2="%E3%81%99%E3%81%B1%E3%81%95%E3%81%B6" n3="%E7%AF%A0%E4%B9%8B%E4%B9%8B%E7%AE%92" dan="17,16,17,17" rate="2111.61,2083.50,2235.80,2140.68" sx="M,M,M,F"/><TAIKYOKU oya="0"/><INIT seed="0,0,0,5,1,75" ten="250,250,250,250" oya="0" hai0="132,95,24,104,20,14,39,70,3,33,55,15,34" hai1="133,8,32,127,110,135,101,36,30,23,9,92,62" hai2="85,41,42,18,22,114,82,121,94,97,58,99,16" hai3="43,80,50,123,26,122,51,96,108,103,117,81,71"/><T111/><D3/><U129/><E36/><V45/><F121/><N who="3" m="46091" /><G117/><T4/><D104/><U134/><E62/><V118/><F114/><W89/><G71/><T84/><D70/><U98/><E32/><V76/><F118/><W6/><G108/><T52/><D39/><U31/><E110/><V109/><F109/><W44/><G6/><T47/><D111/><U13/><E127/><V67/><F97/><W28/><G89/><N who="0" m="53671" /><D34/><U116/><E116/><V64/><F58/><W63/><G63/><T29/><D33/><U27/><E31/><V65/><F45/><W74/><G74/><T57/><D4/><N who="1" m="3207" /><E9/><V38/><F38/><W120/><G51/><N who="0" m="28799" /><D132/><U10/><E10/><V73/><F73/><W17/><G17/><N who="2" m="6761" /><F22/><N who="3" m="15447" /><G120/><T25/><D25/><U112/><E112/><V54/><F54/><W87/><G87/><T12/><D12/><U77/><E129/><V11/><F11/><W59/><G59/><T128/><D128/><U49/><E49/><AGARI ba="0,0" hai="14,15,20,24,29,49,55,57" m="28799,53671" machi="49" ten="30,2900,0" yaku="8,1,54,1" doraHai="75" who="0" fromWho="1" sc="250,29,250,-29,250,0,250,0" /><INIT seed="0,1,0,2,4,27" ten="279,221,250,250" oya="0" hai0="108,77,56,110,17,133,70,38,127,60,7,5,92" hai1="44,29,49,64,67,32,0,128,91,40,12,2,94" hai2="20,97,4,69,101,18,89,117,47,58,52,132,93" hai3="72,118,39,116,103,21,86,36,53,113,96,119,22"/><T68/><D38/><U100/><E100/><V123/><F123/><W28/><G113/><T81/><D92/><U114/><E114/><V85/><F132/><W105/><G72/><T135/><D17/><U102/><E102/><V107/><F69/><N who="0" m="26730" /><D56/><U61/><E12/><V87/><F4/><N who="0" m="1610" /><D60/><U13/><E13/><V121/><F47/><W134/><G134/><N who="0" m="51211" /><D127/><U31/><E128/><V84/><F121/><W54/><G39/><T111/><D81/><U43/><E43/><V109/><F117/><W83/><G36/><T71/><D71/><U25/><E31/><V62/><REACH who="2" step="1"/><F109/><REACH who="2" ten="279,221,240,250" step="2"/><W76/><G116/><T24/><D77/><U106/><E106/><V45/><F45/><W88/><G119/><T124/><D124/><U11/><E11/><V10/><F10/><W57/><G118/><T65/><D65/><U129/><E129/><V55/><F55/><W51/><G54/><T23/><D111/><U98/><E67/><V74/><F74/><W99/><G76/><T42/><D42/><U19/><E19/><V26/><AGARI ba="1,1" hai="18,20,26,52,58,62,84,85,87,89,93,97,101,107" machi="26" ten="20,5200,0" yaku="1,1,0,1,7,1,54,1,53,0" doraHai="27" doraHaiUra="6" who="2" fromWho="2" sc="279,-27,221,-14,240,65,250,-14" /><INIT seed="1,0,0,3,0,123" ten="252,207,305,236" oya="1" hai0="21,55,7,102,60,83,28,109,93,64,9,135,131" hai1="127,71,56,52,75,108,111,120,20,77,11,107,97" hai2="30,130,24,8,86,134,10,38,121,39,51,16,126" hai3="19,100,29,37,42,23,114,66,113,43,27,2,46"/><U41/><E120/><V116/><F121/><W0/><G100/><T80/><D135/><U112/><E112/><V72/><F72/><W57/><G43/><T90/><D131/><U13/><E71/><V125/><F116/><W105/><G105/><T115/><D102/><U85/><E75/><V133/><F51/><W92/><G92/><T69/><D55/><U25/><E41/><V49/><F49/><W33/><G57/><T104/><D104/><U68/><E68/><V50/><F50/><W47/><G47/><T110/><D28/><U3/><E3/><V1/><F86/><W32/><G66/><T84/><D21/><U132/><E132/><N who="2" m="50795" /><F130/><W61/><G61/><T103/><D115/><U88/><E127/><N who="2" m="48651" /><F16/><W96/><G96/><T22/><D22/><U31/><E77/><V36/><F1/><W82/><G2/><T62/><D62/><N who="1" m="36103" /><E97/><V95/><F95/><W91/><G0/><N who="0" m="231" /><D103/><U129/><E129/><V67/><F67/><W65/><G65/><T40/><D40/><U18/><E107/><V128/><F128/><W98/><G114/><T26/><D26/><U59/><E59/><V5/><F5/><W48/><G113/><T14/><D14/><U35/><E20/><AGARI ba="0,0" hai="8,10,20,24,30,36,38,39" m="48651,50795" machi="20" ten="40,2600,0" yaku="20,1,18,1" doraHai="123" who="2" fromWho="1" sc="252,0,207,-26,305,26,236,0" /><INIT seed="2,0,0,0,4,22" ten="252,181,331,236" oya="2" hai0="79,75,28,77,91,37,12,36,118,56,74,42,129" hai1="80,58,83,30,18,96,10,2,43,119,105,15,66" hai2="72,81,11,48,32,55,39,106,114,7,33,14,117" hai3="8,90,89,24,64,34,6,3,17,31,49,115,110"/><V130/><F114/><W108/><G115/><T41/><D12/><U61/><E119/><V124/><F117/><W97/><G64/><T35/><D56/><U116/><E116/><V16/><F39/><W123/><G123/><T134/><D91/><U40/><E2/><V4/><F106/><W21/><G49/><T109/><D28/><U47/><E40/><V59/><F130/><W51/><G51/><T107/><D35/><U88/><E30/><V133/><F133/><W60/><G60/><T0/><D0/><U86/><E80/><V125/><F33/><W62/><G62/><T26/><D107/><U13/><E13/><V131/><F32/><W63/><G63/><T5/><D5/><U87/><E87/><V100/><F100/><W50/><G50/><T132/><D118/><U70/><E70/><V53/><F53/><W120/><G120/><T73/><D73/><U85/><E85/><V19/><F131/><W112/><G112/><T25/><D109/><N who="3" m="42089" /><G97/><T68/><D129/><U94/><E105/><V102/><F102/><W76/><G76/><T52/><D52/><U101/><E43/><V46/><F59/><W111/><N who="3" m="42097" /><W44/><DORA hai="103" /><G44/><AGARI ba="0,0" hai="10,15,18,44,47,58,61,66,83,86,88,94,96,101" machi="44" ten="40,2600,0" yaku="8,1,54,1" doraHai="22,103" who="1" fromWho="3" sc="252,0,181,26,331,0,236,-26" /><INIT seed="3,0,0,5,1,82" ten="252,207,331,210" oya="3" hai0="92,18,9,49,5,42,3,114,118,56,113,21,110" hai1="15,97,41,71,127,64,20,46,10,95,24,29,84" hai2="89,48,61,87,44,108,90,124,74,76,67,38,16" hai3="106,128,123,93,17,27,13,104,133,55,105,91,72"/><W94/><G123/><T103/><D110/><U121/><E121/><V129/><F108/><W28/><G133/><T112/><D118/><U65/><E71/><V26/><F38/><W52/><G72/><T30/><D30/><U62/><E62/><V98/><F74/><W63/><G128/><T14/><D42/><U83/><E127/><V96/><F76/><W134/><G134/><T73/><D73/><U51/><E95/><V50/><F90/><W19/><G94/><T86/><D92/><U39/><E97/><V22/><F124/><W25/><G25/><T81/><D103/><U31/><E31/><V132/><F129/><W109/><G109/><T57/><D49/><U58/><E58/><N who="2" m="37303" /><F50/><W1/><G1/><T78/><AGARI ba="0,0" hai="3,5,9,14,18,21,56,57,78,81,86,112,113,114" machi="78" ten="30,4000,0" yaku="0,1,11,1,52,1" doraHai="82" who="0" fromWho="0" sc="252,40,207,-10,331,-10,210,-20" /><INIT seed="4,0,0,4,4,18" ten="292,197,321,190" oya="0" hai0="109,106,67,116,101,108,131,111,52,37,51,25,3" hai1="7,9,59,99,103,92,26,130,82,65,8,90,55" hai2="117,105,21,50,123,81,104,48,31,115,118,73,58" hai3="113,4,91,134,80,47,126,85,42,86,57,66,53"/><T83/><D116/><N who="2" m="44650" /><F115/><W119/><G126/><T27/><D3/><U32/><E65/><V54/><F50/><W17/><G119/><T98/><D37/><U29/><E130/><V94/><F94/><W68/><G134/><T121/><D121/><U46/><E46/><V110/><F110/><W87/><G66/><T15/><D131/><U79/><E103/><V63/><F63/><W78/><G68/><T38/><D38/><U16/><E7/><V61/><F61/><W5/><G17/><T36/><D36/><U34/><E34/><V23/><F31/><W112/><G42/><T0/><D0/><U72/><E16/><V45/><F45/><W95/><G47/><N who="0" m="27775" /><D15/><U28/><E28/><V20/><F123/><W69/><G69/><T97/><D97/><U24/><E24/><N who="0" m="9289" /><D83/><U93/><E93/><V125/><F125/><W60/><REACH who="3" step="1"/><G87/><REACH who="3" ten="292,197,321,180" step="2"/><T1/><D67/><U49/><AGARI ba="0,1" hai="8,9,26,29,32,49,55,59,72,79,82,90,92,99" machi="49" ten="20,1500,0" yaku="0,1,7,1" doraHai="18" who="1" fromWho="1" sc="292,-7,197,25,321,-4,180,-4" /><INIT seed="5,0,0,1,5,108" ten="285,222,317,176" oya="1" hai0="127,96,8,54,44,45,30,109,128,132,4,74,110" hai1="72,92,117,9,7,66,130,13,62,46,27,29,6" hai2="40,39,107,60,23,18,134,95,38,76,114,55,85" hai3="78,106,88,118,26,86,19,47,17,83,105,67,50"/><U43/><E130/><V48/><F107/><W14/><G118/><T65/><D74/><U68/><E117/><V90/><F134/><W103/><G67/><T113/><D128/><U52/><E72/><V42/><F114/><W70/><G70/><T15/><D65/><U11/><E92/><V101/><F60/><W34/><G103/><T133/><D30/><U25/><E29/><V80/><F101/><W121/><G121/><T12/><D113/><U126/><E126/><V71/><F71/><W37/><G37/><T5/><D96/><U35/><E35/><V82/><F39/><W123/><G123/><T94/><D94/><U111/><E111/><V73/><F82/><W115/><G34/><T41/><D127/><U64/><E64/><V87/><F38/><W129/><G129/><T57/><D41/><U53/><E43/><V104/><F73/><W116/><G116/><T10/><D57/><U112/><E112/><V69/><F69/><W131/><G131/><T58/><D58/><U102/><E102/><V125/><F104/><W33/><G33/><T81/><D81/><U98/><E98/><V79/><F79/><W56/><G115/><T16/><D54/><N who="1" m="21099" /><E46/><N who="2" m="28055" /><F125/><W22/><G56/><T135/><D135/><U84/><E84/><V77/><F77/><W28/><G78/><T91/><D91/><U75/><E75/><V93/><F93/><W1/><G1/><T119/><D119/><U61/><E61/><V24/><AGARI ba="0,0" hai="18,23,24,40,42,76,80,85,87,90,95" m="28055" machi="24" ten="30,1100,0" yaku="8,1" doraHai="108" who="2" fromWho="2" sc="285,-3,222,-5,317,11,176,-3" /><INIT seed="6,0,0,3,0,88" ten="282,217,328,173" oya="2" hai0="69,8,37,134,82,87,25,80,127,39,5,51,18" hai1="19,76,20,81,71,52,99,135,49,66,133,56,9" hai2="113,97,43,26,7,79,122,63,45,14,30,85,67" hai3="103,74,62,34,29,35,108,42,27,96,90,91,102"/><V118/><F118/><W100/><G108/><T57/><D69/><U84/><E9/><V59/><F122/><W98/><G74/><T16/><D127/><U73/><E73/><V46/><F113/><W117/><G117/><T130/><D134/><U110/><E110/><V33/><F14/><W70/><G42/><T55/><D130/><U53/><E71/><V22/><F33/><W47/><G47/><T125/><D125/><U65/><E53/><V12/><F43/><W61/><G35/><T121/><D82/><U48/><E48/><V86/><F86/><W31/><G31/><T111/><D111/><U132/><REACH who="1" step="1"/><E99/><REACH who="1" ten="282,207,328,173" step="2"/><V77/><F97/><W114/><G114/><T50/><D51/><U104/><E104/><V115/><F115/><W78/><G70/><T106/><D106/><U60/><E60/><V72/><F72/><W0/><G0/><T28/><D39/><U36/><E36/><V21/><F63/><W1/><G1/><T128/><D37/><U131/><E131/><V23/><F67/><W126/><G126/><T112/><D128/><U15/><AGARI ba="0,1" hai="15,19,20,49,52,56,65,66,76,81,84,132,133,135" machi="15" ten="30,7900,0" yaku="1,1,0,1,20,1,54,1,53,0" doraHai="88" doraHaiUra="93" who="1" fromWho="1" sc="282,-20,207,89,328,-39,173,-20" /><INIT seed="7,0,0,3,3,25" ten="262,296,289,153" oya="3" hai0="57,130,135,59,90,28,128,45,30,24,43,63,64" hai1="31,4,60,39,72,111,104,73,66,26,123,1,83" hai2="17,23,91,19,11,49,107,121,118,7,89,98,126" hai3="105,47,82,61,42,75,16,86,67,125,50,18,95"/><W97/><G125/><T9/><D135/><U40/><E111/><V22/><F118/><W70/><G105/><T100/><D24/><U62/><E123/><V58/><F126/><W10/><G75/><T87/><D59/><U5/><E104/><V3/><F121/><W102/><REACH who="3" step="1"/><G10/><REACH who="3" ten="262,296,289,143" step="2"/><T74/><D9/><U37/><E73/><V35/><F107/><W109/><G109/><T36/><D74/><U21/><E72/><V122/><F122/><W94/><G94/><N who="0" m="54623" /><D100/><U78/><E83/><V14/><F11/><W131/><G131/><AGARI ba="0,1" hai="28,30,36,43,45,57,63,64,128,130,131" m="54623" machi="131" ten="30,3900,0" yaku="19,1,52,2" doraHai="25" who="0" fromWho="3" sc="262,49,296,0,289,0,143,-39" owari="311,41.0,296,10.0,289,-11.0,104,-40.0" /></mjloggm>