<mjloggm ver="2.3"><GO type="169" lobby="0"/><UN n0="%63%68%78%66%66" n1="%E4%BD%90%E9%87%8E%E3%81%95%E3%81%AE" n2="%E7%9B%B4%E6%84%9F%E7%B2%BE%E8%AA%AD" n3="%E3%83%8A%E3%82%B4%E3%83%A0" dan="17,16,18,16" rate="2222.71,2028.88,2245.13,2167.10" sx="M,M,M,M"/><TAIKYOKU oya="0"/><INIT seed="0,0,0,1,3,102" ten="250,250,250,250" oya="0" hai0="60,46,108,21,123,132,114,26,64,8,57,128,12" hai1="50,10,117,67,30,53,65,39,121,126,49,43,94" hai2="27,13,5,93,130,24,71,2,91,54,32,88,58" hai3="82,47,105,14,80,115,3,92,74,55,131,100,101"/><T118/><D123/><U6/><E121/><V66/><F2/><W109/><G14/><T40/><D118/><U96/><E117/><V84/><F130/><W68/><G55/><T122/><D122/><U56/><E30/><V22/><F71/><W119/><G47/><T85/><D114/><U134/><E134/><V33/><F66/><W90/><G68/><T41/><D132/><U0/><E39/><V95/><F5/><W52/><G52/><T106/><D106/><U83/><E126/><V86/><F13/><W111/><G3/><T25/><D128/><U116/><E83/><N who="3" m="31786" /><G74/><T16/><D108/><N who="3" m="41545" /><G131/><T35/><D85/><U107/><E116/><V42/><F42/><W78/><G119/><T51/><D35/><U48/><E43/><V20/><F54/><W37/><G37/><T120/><D120/><U75/><E75/><V4/><F4/><W97/><G78/><T129/><D129/><U36/><E36/><V125/><F58/><W73/><G73/><T44/><REACH who="0" step="1"/><D8/><REACH who="0" ten="240,250,250,250" step="2"/><U76/><E10/><V99/><F125/><W124/><G124/><T45/><D45/><U127/><E127/><V72/><F72/><W135/><G135/><T113/><D113/><U38/><E56/><V104/><F33/><W61/><G115/><T103/><D103/><U63/><E76/><V11/><F32/><W62/><G101/><T69/><D69/><U18/><E63/><V70/><F11/><W87/><AGARI ba="0,1" hai="61,62,87,90,92,97,100,105" m="41545,31786" machi="87" ten="30,2000,0" yaku="14,1,52,1" doraHai="102" who="3" fromWho="3" sc="240,-10,250,-5,250,-5,250,30" /><INIT seed="1,0,0,5,4,20" ten="230,245,245,280" oya="1" hai0="12,125,63,72,116,31,57,99,55,21,76,66,118" hai1="64,11,17,71,22,15,114,58,124,120,92,67,115" hai2="89,47,68,23,7,122,43,127,16,104,91,60,69" hai3="48,38,52,61,87,108,90,39,35,102,2,123,25"/><U126/><E120/><V119/><F122/><W97/><G123/><T50/><D125/><U129/><E71/><V95/><F119/><W96/><G2/><T24/><D76/><U131/><E92/><V133/><F104/><W36/><G108/><T0/><D72/><U134/><E58/><V37/><F127/><N who="1" m="48681" /><E67/><V86/><F133/><W44/><G61/><T103/><D12/><U10/><E64/><V46/><F7/><W84/><G84/><T73/><D0/><U78/><E78/><V113/><F113/><N who="1" m="43017" /><E134/><V77/><F77/><W41/><G41/><T40/><D40/><U107/><E107/><V5/><F46/><W82/><REACH who="3" step="1"/><G102/><REACH who="3" ten="230,245,245,270" step="2"/><T62/><D73/><U85/><E85/><V34/><F86/><W1/><G1/><T18/><D63/><U4/><E11/><V70/><F60/><W59/><G59/><T111/><D116/><U80/><E80/><V26/><F69/><W30/><AGARI ba="0,1" hai="25,30,35,36,38,39,44,48,52,82,87,90,96,97" machi="30" ten="40,8000,1" yaku="1,1,0,1,52,1,54,1,53,0" doraHai="20" doraHaiUra="74" who="3" fromWho="3" sc="230,-20,245,-40,245,-20,270,90" /><INIT seed="2,0,0,0,0,14" ten="210,205,225,360" oya="2" hai0="30,120,61,15,117,88,76,93,115,127,129,51,63" hai1="17,50,48,94,0,109,4,119,58,57,67,43,70" hai2="11,66,81,123,44,46,87,103,92,114,98,13,124" hai3="29,71,25,41,42,60,102,10,101,82,5,84,132"/><V12/><F114/><W83/><G132/><T110/><D110/><U62/><E119/><V112/><F112/><W116/><G116/><T133/><D120/><U122/><E109/><V85/><F123/><W96/><G71/><T130/><D117/><U135/><E122/><V77/><F124/><W106/><G102/><T47/><D115/><U59/><E135/><V108/><F108/><W80/><G60/><T22/><D133/><U34/><E34/><V55/><F66/><W33/><REACH who="3" step="1"/><G84/><REACH who="3" ten="210,205,225,350" step="2"/><T126/><D63/><U104/><E70/><V37/><F85/><W20/><G20/><T134/><D61/><U54/><E62/><V38/><F103/><W95/><G95/><T105/><D105/><U121/><E94/><V31/><F92/><W74/><G74/><T75/><D134/><U69/><E104/><V78/><F98/><W131/><G131/><N who="0" m="50187" /><D75/><U8/><E121/><V64/><F64/><W128/><G128/><T40/><D76/><U125/><E69/><V36/><F78/><W18/><G18/><N who="0" m="10591" /><D30/><U73/><E67/><V16/><F31/><W19/><G19/><T2/><D2/><AGARI ba="0,1" hai="2,5,10,25,29,33,41,42,80,82,83,96,101,106" machi="2" ten="40,2600,0" yaku="1,1,53,1" doraHai="14" doraHaiUra="7" who="3" fromWho="0" sc="210,-26,205,0,225,0,350,36" /><INIT seed="3,0,0,4,3,129" ten="184,205,225,386" oya="3" hai0="115,107,62,74,100,18,89,91,55,38,12,113,23" hai1="16,21,85,30,49,94,39,88,84,83,132,75,105" hai2="68,114,48,66,73,4,109,134,135,7,130,19,53" hai3="95,125,128,27,6,35,117,70,78,69,32,82,0"/><W41/><G117/><T37/><D74/><U116/><E75/><V24/><F114/><W59/><G128/><T45/><D107/><U127/><E39/><V71/><F73/><N who="3" m="43343" /><G59/><T10/><D100/><U121/><E121/><V47/><F130/><W3/><G95/><T87/><D89/><U5/><E105/><V17/><F109/><W122/><G122/><T44/><D44/><U36/><E36/><V123/><F123/><W124/><G41/><T42/><D38/><U111/><E5/><V51/><F24/><W22/><G22/><T101/><D101/><U103/><E30/><V126/><F66/><W34/><G27/><T1/><D55/><U79/><E111/><V31/><F47/><W29/><G29/><T65/><D1/><N who="3" m="585" /><G6/><T80/><REACH who="0" step="1"/><D23/><REACH who="0" ten="174,205,225,386" step="2"/><U57/><E103/><V9/><F53/><W98/><G98/><T61/><D61/><U92/><E116/><V118/><F118/><W58/><G58/><AGARI ba="0,1" hai="10,12,18,37,42,45,58,62,65,80,87,91,113,115" machi="58" ten="40,1300,0" yaku="1,1,53,0" doraHai="129" doraHaiUra="93" who="0" fromWho="3" sc="174,23,205,0,225,0,386,-13" /><INIT seed="4,0,0,2,0,36" ten="197,205,225,373" oya="0" hai0="52,46,101,27,33,22,64,116,90,89,94,135,111" hai1="2,17,97,127,110,38,122,9,133,19,59,31,61" hai2="56,14,78,112,73,76,6,98,117,49,3,7,24" hai3="48,80,108,113,87,43,91,79,16,41,71,130,35"/><T29/><D116/><U54/><E122/><V8/><F117/><W82/><G108/><T105/><D105/><U107/><E110/><V50/><F112/><W95/><G71/><T30/><D111/><U132/><E31/><V65/><F73/><W102/><G35/><T83/><D64/><U68/><E38/><V125/><F125/><W88/><G113/><T84/><D135/><N who="1" m="51787" /><E127/><V123/><F123/><W93/><G102/><T126/><D126/><U63/><E2/><V67/><F3/><W103/><G103/><T104/><D104/><U85/><E9/><V23/><F98/><W44/><G130/><T131/><D101/><N who="1" m="62895" /><E85/><V28/><F6/><W81/><G79/><N who="2" m="30249" /><F67/><AGARI ba="0,0" hai="17,19,54,59,61,63,67,68" m="62895,51787" machi="67" ten="30,1000,0" yaku="20,1" doraHai="36" who="1" fromWho="2" sc="197,0,205,10,225,-10,373,0" /><INIT seed="5,0,0,3,0,88" ten="197,215,215,373" oya="1" hai0="14,119,104,97,47,17,90,11,74,9,10,59,29" hai1="116,35,18,57,84,61,53,4,98,30,80,16,99" hai2="115,58,64,103,26,39,112,36,108,79,93,85,68" hai3="63,100,6,0,27,60,76,77,133,102,8,94,65"/><U15/><E116/><V40/><F108/><W37/><G37/><T86/><D74/><U7/><E35/><V110/><F110/><W106/><G106/><T118/><D29/><U89/><E30/><V38/><F68/><W113/><G113/><N who="2" m="43593" /><F26/><W42/><G42/><T52/><D47/><U12/><E4/><V55/><F64/><W125/><G133/><T67/><D67/><U71/><E71/><V32/><F32/><W28/><G63/><T111/><D111/><U66/><E7/><V75/><F75/><W128/><G128/><T132/><D132/><U82/><E82/><N who="2" m="47327" /><F40/><W87/><G125/><T121/><D121/><U62/><E15/><V109/><F109/><W91/><G77/><T54/><D54/><U122/><E18/><V117/><F117/><W56/><G76/><T124/><D124/><U72/><E72/><V31/><F31/><W24/><G24/><T101/><D118/><U126/><E122/><V1/><F1/><W81/><G81/><T73/><D73/><U127/><E127/><V114/><N who="2" m="43601" /><V83/><DORA hai="51" /><F83/><W120/><G120/><T20/><D119/><U44/><E126/><V43/><F43/><W134/><G134/><T123/><D123/><U78/><E78/><V70/><F70/><W5/><G5/><T135/><D135/><U46/><E46/><V2/><F2/><W96/><G87/><T21/><D86/><U49/><E62/><N who="2" m="36191" /><F38/><W3/><G3/><T19/><D90/><U92/><E80/><V129/><F129/><W41/><G41/><T130/><D130/><U105/><E105/><V13/><F36/><RYUUKYOKU ba="0,0" sc="197,-15,215,15,215,-15,373,15" hai1="12,16,44,49,53,57,61,66,84,89,92,98,99" hai3="0,6,8,27,28,56,60,65,91,94,96,100,102" /><INIT seed="5,1,0,2,3,117" ten="182,230,200,388" oya="1" hai0="36,19,100,122,47,27,1,107,26,108,62,76,52" hai1="116,119,22,68,115,0,15,67,65,53,39,34,70" hai2="102,86,43,79,5,6,123,8,103,92,57,17,113" hai3="114,134,84,118,133,14,126,4,44,37,104,58,41"/><U120/><E34/><V88/><F123/><W54/><G104/><T73/><D108/><U74/><E0/><V82/><F113/><W51/><G114/><T105/><D1/><U87/><E74/><V48/><F17/><W97/><G118/><T69/><D76/><U94/><E115/><V24/><F24/><W59/><G97/><T127/><D73/><U85/><E39/><V66/><F66/><W29/><G29/><T121/><D127/><U45/><E15/><N who="2" m="5519" /><F6/><W90/><G126/><T106/><D100/><U25/><E94/><V16/><F16/><W80/><REACH who="3" step="1"/><G59/><REACH who="3" ten="182,230,200,378" step="2"/><N who="0" m="35175" /><D69/><U61/><E70/><V83/><F57/><W63/><G63/><T40/><D19/><U9/><E68/><V46/><F82/><W42/><G42/><T93/><D93/><U109/><E116/><V130/><F130/><W20/><G20/><T32/><D32/><U96/><E22/><V75/><F92/><W125/><G125/><T81/><D81/><U91/><E61/><V71/><F71/><W21/><G21/><T64/><D64/><U99/><E67/><V31/><F31/><W131/><G131/><T49/><D36/><U56/><E65/><V28/><F28/><W89/><G89/><T23/><D23/><U129/><E91/><V2/><F88/><W110/><G110/><T30/><D30/><U33/><E119/><V18/><F102/><W60/><G60/><T135/><D135/><U10/><E109/><V55/><F103/><W78/><G78/><T77/><D77/><U38/><E129/><V13/><F79/><W72/><G72/><T3/><D40/><RYUUKYOKU ba="1,1" sc="182,-10,230,-10,200,-10,378,30" hai3="4,14,37,41,44,51,54,58,80,84,90,133,134" /><INIT seed="6,2,1,0,1,17" ten="172,220,190,408" oya="2" hai0="51,107,16,26,76,42,67,43,39,96,63,123,47" hai1="1,38,44,52,117,98,50,115,21,127,23,72,133" hai2="125,12,130,79,100,2,33,71,49,126,110,121,34" hai3="134,37,116,14,108,57,113,120,8,59,11,66,128"/><V54/><F121/><W102/><G108/><T81/><D123/><U118/><E72/><V124/><F2/><W64/><G116/><T105/><D42/><U90/><E1/><V94/><F71/><W27/><G120/><T65/><D39/><U9/><E115/><V112/><F112/><W19/><G37/><T106/><D96/><U58/><E127/><V6/><F79/><W40/><G40/><T45/><D45/><U22/><E133/><V15/><F110/><W48/><G102/><T75/><REACH who="0" step="1"/><D63/><REACH who="0" ten="162,220,190,408" step="2"/><U29/><E38/><V92/><F130/><W119/><G48/><T41/><D41/><N who="1" m="24847" /><E117/><V88/><F49/><W53/><G128/><T4/><D4/><U69/><E118/><V95/><F6/><W129/><G129/><T18/><D18/><U60/><E69/><V55/><F100/><W32/><G19/><T99/><D99/><U28/><E9/><V13/><F88/><W56/><G11/><T20/><AGARI ba="2,2" hai="16,20,26,43,47,51,65,67,75,76,81,105,106,107" machi="20" ten="40,8000,1" yaku="1,1,0,1,52,1,54,1,53,0" doraHai="17" doraHaiUra="80" who="0" fromWho="0" sc="162,106,220,-22,190,-42,408,-22" /><INIT seed="7,0,0,3,0,123" ten="268,198,148,386" oya="3" hai0="53,26,61,22,108,76,110,18,103,43,12,128,57" hai1="113,116,42,80,127,93,84,132,79,4,29,65,15" hai2="117,78,11,47,3,85,45,27,74,2,111,77,133" hai3="51,0,6,19,31,34,30,72,28,83,21,105,129"/><W126/><G105/><T38/><D128/><U49/><E116/><V130/><F117/><W54/><G34/><T64/><D76/><U112/><E127/><V134/><F74/><W9/><G126/><T102/><D102/><U104/><E104/><V59/><F27/><W120/><G129/><T114/><D103/><U1/><E1/><V115/><F130/><W55/><G120/><T60/><D114/><N who="1" m="44139" /><E65/><V35/><F115/><W106/><G106/><T100/><D100/><U119/><E29/><V23/><F23/><W8/><G8/><T71/><D38/><U86/><E119/><V87/><F11/><W69/><G69/><T10/><REACH who="0" step="1"/><D43/><REACH who="0" ten="258,198,148,386" step="2"/><U46/><E79/><V62/><F59/><N who="3" m="33247" /><G72/><T97/><D97/><U124/><E124/><V90/><F90/><W44/><G44/><T99/><D99/><U48/><E46/><V94/><F35/><W68/><G68/><T107/><D107/><U39/><E42/><V52/><F62/><W41/><G41/><T67/><D67/><U63/><E63/><V37/><F37/><W20/><G55/><T109/><D109/><U16/><E39/><V32/><F32/><W58/><G58/><T5/><AGARI ba="0,1" hai="5,10,12,18,22,26,53,57,60,61,64,71,108,110" machi="5" ten="20,8000,1" yaku="1,1,0,1,7,1,52,2,53,0" doraHai="123" doraHaiUra="131" who="0" fromWho="0" sc="258,90,198,-20,148,-20,386,-40" owari="348,44.0,178,-22.0,128,-37.0,346,15.0" /></mjloggm>