<mjloggm ver="2.3"><GO type="225" lobby="0"/><UN n0="%E3%82%86%E3%81%8D%E3%81%97%E3%82%85" n1="%E8%A8%88%E7%AE%97%E6%A9%9F%E8%87%AA%E7%84%B6" n2="%E3%81%AF%E3%82%88%E3%81%8A%E3%81%98%E3%81%95%E3%82%93" n3="%E3%81%A9%E3%82%8F%E3%82%93%E3%81%94" dan="16,18,16,17" rate="2142.42,2235.68,2226.82,2215.51" sx="M,M,M,M"/><TAIKYOKU oya="0"/><INIT seed="0,0,0,2,0,1" ten="250,250,250,250" oya="0" hai0="101,30,92,114,54,0,68,19,131,127,10,102,89" hai1="9,59,84,50,128,2,118,110,18,26,49,61,58" hai2="116,87,34,98,67,91,29,21,41,43,120,25,6" hai3="47,46,115,108,129,99,37,111,33,42,134,119,124"/><T100/><D114/><U78/><E118/><V48/><F120/><W22/><G99/><T105/><D131/><U53/><E128/><V15/><F116/><W23/><G33/><T57/><D68/><U24/><E110/><V94/><F67/><W65/><G65/><T35/><D127/><U80/><E49/><V77/><F48/><W82/><G129/><T16/><D105/><U133/><E133/><V36/><F36/><W8/><G8/><T72/><D72/><U86/><E86/><V75/><F75/><W44/><G42/><T4/><D30/><U79/><E79/><V5/><F34/><W104/><G37/><T60/><REACH who="0" step="1"/><D35/><REACH who="0" ten="240,250,250,250" step="2"/><U32/><E32/><V126/><F126/><W55/><G124/><T51/><D51/><U93/><E50/><V112/><F112/><W45/><G115/><T64/><D64/><U76/><E58/><V14/><F43/><W96/><G104/><T125/><D125/><U74/><E74/><V132/><F41/><W11/><G119/><T83/><D83/><U103/><E80/><N who="2" m="47503" /><F132/><W52/><G134/><T81/><D81/><U71/><E71/><V28/><F29/><W3/><G82/><T121/><D121/><U135/><E135/><V13/><AGARI ba="0,1" hai="5,6,13,14,15,21,25,28,91,94,98" m="47503" machi="13" ten="30,4000,0" yaku="8,1,52,2" doraHai="1" who="2" fromWho="2" sc="240,-20,250,-10,250,50,250,-10" /><INIT seed="1,0,0,3,5,109" ten="220,240,300,240" oya="1" hai0="58,55,35,1,73,113,87,50,131,25,104,34,129" hai1="36,123,27,94,47,122,28,20,51,80,49,93,100" hai2="18,59,57,117,111,40,124,88,110,62,101,116,12" hai3="4,33,44,135,60,56,41,103,29,133,121,102,21"/><U84/><E36/><V67/><F124/><W115/><G121/><T23/><D73/><U8/><E123/><V69/><F101/><W130/><G33/><T0/><D104/><U92/><E122/><V15/><F40/><W10/><G130/><N who="0" m="49675" /><D87/><U17/><E100/><V127/><F127/><W89/><G115/><T112/><D34/><U91/><E8/><V52/><F69/><W43/><G89/><T11/><D35/><U105/><E105/><V83/><F116/><W128/><G128/><T48/><D48/><U26/><E49/><N who="2" m="30863" /><F117/><W63/><G103/><T9/><D9/><U19/><REACH who="1" step="1"/><E27/><REACH who="1" ten="220,230,300,240" step="2"/><V30/><F111/><W106/><G102/><T125/><D125/><U22/><E22/><V65/><F110/><W95/><G106/><T120/><D120/><U79/><E79/><V97/><F12/><W53/><G21/><T99/><D11/><U96/><E96/><V98/><F98/><W38/><G10/><T74/><D99/><U3/><E3/><N who="0" m="1097" /><D74/><U90/><E90/><V114/><F97/><W61/><G38/><T24/><D24/><U37/><E37/><V54/><F88/><W134/><G134/><T72/><D72/><U14/><E14/><V70/><F15/><W132/><G135/><T5/><D5/><U2/><E2/><V16/><F62/><W85/><G4/><T68/><D25/><U118/><E118/><V32/><F32/><W45/><G133/><T86/><D23/><U31/><E31/><V39/><F30/><W75/><G132/><T66/><D86/><U82/><E82/><V6/><F83/><W42/><G29/><RYUUKYOKU ba="0,1" sc="220,15,230,15,300,-15,240,-15" hai0="50,55,58,66,68,112,113" hai1="17,19,20,26,28,47,51,80,84,91,92,93,94" /><INIT seed="1,1,1,1,4,110" ten="235,245,285,225" oya="1" hai0="109,129,29,24,34,42,131,132,82,4,108,23,67" hai1="25,113,30,20,13,1,41,44,93,69,37,54,74" hai2="88,73,59,126,124,120,60,33,12,26,3,83,72" hai3="8,81,106,38,86,91,17,48,47,2,122,62,57"/><U116/><E116/><V58/><F3/><W66/><G122/><T45/><D132/><U99/><E1/><V19/><F120/><W15/><G106/><T128/><D67/><U50/><E74/><V97/><F33/><W9/><G38/><N who="0" m="21719" /><D4/><U79/><E79/><V61/><F26/><W90/><G2/><T80/><D34/><U121/><E69/><V105/><F105/><W11/><REACH who="3" step="1"/><G91/><REACH who="3" ten="235,245,285,215" step="2"/><T85/><D82/><U76/><E121/><V117/><F83/><W118/><G118/><T89/><AGARI ba="1,2" hai="23,24,29,80,85,89,108,109,128,129,131" m="21719" machi="89" ten="40,1500,0" yaku="19,1" doraHai="110" who="0" fromWho="0" sc="235,38,245,-8,285,-5,215,-5" /><INIT seed="2,0,0,3,4,38" ten="273,237,280,210" oya="2" hai0="117,19,3,103,4,7,135,1,86,98,90,6,77" hai1="101,53,55,0,106,68,87,69,34,2,65,93,13" hai2="33,8,72,49,18,31,89,132,100,22,131,129,78" hai3="118,62,128,108,50,111,71,92,23,52,109,56,121"/><V58/><F132/><W83/><G121/><T67/><D135/><U48/><E34/><V39/><F39/><W126/><G118/><T46/><D117/><U81/><E106/><V57/><F100/><W133/><G133/><T42/><D77/><U37/><E37/><V28/><F8/><W25/><G128/><N who="2" m="49225" /><F33/><W85/><G92/><T5/><D67/><U127/><E127/><V60/><F89/><W91/><G126/><T63/><D63/><U97/><E53/><N who="2" m="31919" /><F78/><W134/><G134/><T27/><D103/><U113/><E113/><V99/><F99/><W43/><G71/><T54/><D98/><U24/><E68/><V21/><F72/><W84/><G84/><T73/><D73/><U20/><E69/><V44/><F44/><N who="3" m="25887" /><G23/><N who="2" m="8713" /><F18/><W10/><G25/><T14/><D27/><U15/><E0/><V41/><F41/><W11/><AGARI ba="0,0" hai="10,11,52,56,62,83,85,91,108,109,111" m="25887" machi="11" ten="40,5200,0" yaku="14,1,52,1,54,1" doraHai="38" who="3" fromWho="3" sc="273,-13,237,-13,280,-26,210,52" /><INIT seed="3,0,0,2,4,0" ten="260,224,254,262" oya="3" hai0="117,56,52,8,106,91,105,10,109,38,46,108,93" hai1="51,135,110,11,61,1,86,12,67,55,43,79,62" hai2="17,54,32,90,104,132,83,121,29,68,74,34,16" hai3="19,98,96,112,97,107,78,13,128,73,99,131,41"/><W59/><G112/><T87/><D117/><U42/><E110/><N who="0" m="42601" /><D38/><U5/><E135/><V100/><F68/><W94/><G41/><T35/><D35/><U115/><E115/><V126/><F132/><W6/><G107/><N who="0" m="40971" /><D46/><U101/><E101/><V25/><F34/><W119/><G119/><T30/><D30/><U4/><E79/><V21/><F126/><W20/><G59/><T66/><D66/><U57/><E86/><V133/><F133/><W48/><G48/><AGARI ba="0,0" hai="8,10,48,52,56,87,91,93" m="40971,42601" machi="48" ten="30,2000,0" yaku="14,1,54,1" doraHai="0" who="0" fromWho="3" sc="260,20,224,0,254,0,262,-20" /><INIT seed="4,0,0,5,3,134" ten="280,224,254,242" oya="0" hai0="54,96,121,112,128,52,36,110,33,51,23,24,99" hai1="102,120,35,12,86,3,39,73,87,27,26,119,97" hai2="6,55,57,113,0,19,38,37,127,2,106,30,116" hai3="58,115,85,105,42,8,122,107,62,49,109,74,67"/><T81/><D121/><U7/><E120/><V69/><F69/><W133/><G122/><T130/><D112/><U18/><E119/><V125/><F106/><W123/><G74/><T45/><D110/><U31/><E39/><N who="2" m="14859" /><F6/><W75/><G115/><T32/><D36/><U63/><E73/><V59/><F113/><W103/><G75/><T80/><D54/><U29/><E7/><V66/><F30/><W50/><G109/><T101/><D81/><U65/><E3/><V4/><F4/><W13/><G123/><T14/><D80/><U118/><E118/><V126/><F116/><W71/><G133/><T68/><D68/><U60/><E12/><V83/><F83/><W25/><G25/><T82/><D82/><U129/><E18/><V41/><F41/><W16/><G103/><T92/><D96/><U117/><E129/><N who="0" m="49769" /><D14/><U108/><E108/><V17/><F59/><W22/><G85/><T34/><D23/><U100/><E117/><V132/><F66/><W44/><G22/><T53/><D53/><U11/><E11/><V20/><F132/><W77/><G77/><T111/><D111/><U15/><E15/><N who="2" m="9279" /><F19/><W89/><G89/><T88/><D88/><U5/><E5/><V76/><F76/><W10/><G10/><T78/><D78/><U95/><E102/><V56/><F56/><W90/><G90/><T94/><D94/><U28/><E28/><AGARI ba="0,0" hai="24,28,32,33,34,45,51,52,92,99,101" m="49769" machi="28" ten="30,2900,0" yaku="19,1,54,1" doraHai="134" who="0" fromWho="1" sc="280,29,224,-29,254,0,242,0" owari="309,41.0,195,-30.0,254,5.0,242,-16.0" /></mjloggm>