<mjloggm ver="2.3"><GO type="185" lobby="0"/><UN n0="%4E%45%47%49%54%53" n1="%E9%BE%8D%E9%A6%AC%E3%81%AE%E5%B0%8F%E5%80%89" n2="%4F%4D%49%53%4F%2D%53" n3="" dan="18,18,16,0" rate="2322.44,2298.38,2195.84,1500.00" sx="F,M,M,C"/><TAIKYOKU oya="0"/><INIT seed="0,0,0,1,1,39" ten="350,350,350,0" oya="0" hai0="117,40,126,67,103,35,56,0,60,79,87,80,76" hai1="134,63,100,68,88,78,1,52,133,66,61,102,77" hai2="122,32,110,38,75,59,95,34,115,85,111,50,89" hai3=""/><T49/><D0/><U97/><E1/><V118/><N who="2" m="31264" /><V98/><F75/><T33/><D117/><U3/><E3/><V73/><F73/><T36/><D126/><U131/><E131/><V120/><N who="2" m="30752" /><V41/><F115/><T109/><D109/><N who="2" m="41482" /><F118/><T107/><D36/><U93/><E52/><V128/><F128/><T119/><D119/><U51/><E51/><V84/><F38/><T90/><D103/><N who="1" m="39467" /><E61/><V123/><N who="2" m="31520" /><V96/><F85/><T74/><D107/><U106/><E106/><V70/><F70/><T55/><D40/><U65/><E66/><V47/><F59/><T91/><D91/><U53/><E53/><V99/><AGARI ba="0,0" hai="32,34,41,47,50,84,89,95,96,98,99" m="31520,41482,30752,31264" machi="99" ten="30,6000,1" yaku="14,1,52,4" doraHai="39" who="2" fromWho="2" sc="350,-40,350,-20,350,60,0,0" /><INIT seed="1,0,0,0,3,91" ten="310,330,410,0" oya="1" hai0="41,108,79,94,77,129,64,112,110,51,135,66,130" hai1="118,52,96,47,75,123,59,116,65,85,53,34,124" hai2="39,2,127,114,76,33,46,82,106,36,95,100,62" hai3=""/><U107/><N who="1" m="31520" /><U35/><E75/><V55/><F33/><T37/><D112/><U99/><E65/><N who="0" m="25193" /><D37/><U98/><E107/><V119/><F119/><T111/><D135/><U88/><E124/><V49/><F2/><T1/><D1/><U45/><E116/><V125/><F106/><T73/><D73/><U89/><E118/><V132/><F62/><T102/><D51/><U44/><E59/><V40/><F132/><T67/><D41/><U61/><E61/><V56/><F39/><T104/><D67/><U121/><N who="1" m="31008" /><U78/><E78/><N who="0" m="29705" /><D104/><U90/><REACH who="1" step="1"/><E85/><REACH who="1" ten="310,320,410,0" step="2"/><V131/><F125/><T42/><D130/><U38/><E38/><V60/><F127/><T109/><D129/><U133/><E133/><V128/><F36/><T105/><D111/><U84/><E84/><V120/><N who="2" m="30752" /><V115/><F131/><T54/><D105/><U103/><E103/><V74/><F128/><T126/><D126/><U58/><E58/><V43/><F56/><T50/><D102/><U93/><E93/><V86/><F60/><T87/><D94/><U48/><E48/><V81/><F95/><T117/><D87/><U63/><E63/><V70/><F100/><T68/><D117/><U101/><E101/><V72/><F86/><RYUUKYOKU ba="0,1" sc="310,-10,320,20,410,-10,0,0" hai1="34,35,44,45,47,52,53,88,89,90,96,98,99" /><INIT seed="1,1,1,0,2,68" ten="300,340,400,0" oya="1" hai0="124,39,71,119,74,40,109,116,96,53,37,35,135" hai1="1,41,101,129,70,52,76,110,86,59,130,80,127" hai2="2,73,114,63,88,65,60,125,121,134,44,87,45" hai3=""/><U32/><E1/><V66/><N who="2" m="31008" /><V108/><F73/><T79/><D35/><U48/><E32/><V99/><F108/><T56/><D71/><U103/><E110/><V117/><F117/><N who="0" m="45130" /><D109/><U61/><E127/><V51/><F134/><T77/><D40/><U43/><E43/><V84/><F114/><T112/><D112/><U92/><E92/><V105/><F125/><T123/><N who="0" m="31520" /><T55/><D124/><U69/><E69/><V94/><F2/><T75/><D55/><U54/><E41/><V78/><F105/><T83/><D135/><U81/><E80/><V85/><F78/><N who="0" m="29706" /><D96/><U91/><E76/><V126/><F126/><T46/><D46/><N who="2" m="18026" /><F51/><T128/><D83/><U49/><E49/><V90/><F66/><T0/><D128/><N who="1" m="49259" /><E54/><V57/><F63/><T102/><D0/><U118/><E118/><V62/><F60/><T89/><D89/><AGARI ba="1,1" hai="57,62,65,84,85,87,88,89,90,94,99" m="18026,31008" machi="89" ten="30,3900,0" yaku="8,1,52,1,54,1" doraHai="68" who="2" fromWho="0" sc="300,-41,340,0,400,51,0,0" /><INIT seed="2,0,0,2,4,77" ten="259,340,451,0" oya="2" hai0="83,87,80,109,60,79,100,125,101,34,76,89,133" hai1="92,93,1,36,61,67,52,58,57,75,44,70,49" hai2="121,41,54,38,94,35,130,82,118,46,135,124,71" hai3=""/><V55/><N who="2" m="31008" /><V108/><F118/><T62/><D34/><U72/><E1/><V40/><F35/><T3/><D3/><U59/><REACH who="1" step="1"/><E36/><REACH who="1" ten="259,330,451,0" step="2"/><V131/><F131/><T134/><D125/><U88/><E88/><V2/><F2/><T51/><D109/><U107/><E107/><V86/><F130/><T56/><D51/><U47/><E47/><V73/><F124/><T123/><N who="0" m="31520" /><T99/><D62/><U96/><E96/><V66/><F108/><T42/><D42/><U114/><E114/><V45/><F38/><T119/><D119/><U33/><E33/><V117/><F117/><T37/><D37/><U120/><N who="1" m="30752" /><U102/><E102/><V85/><F46/><T128/><D128/><U39/><E39/><V98/><F45/><T112/><D112/><U111/><E111/><V129/><F98/><T104/><D101/><U95/><AGARI ba="0,1" hai="44,49,52,57,58,59,61,67,70,72,75,92,93,95" m="30752" machi="95" ten="30,9000,2" yaku="1,1,0,1,52,1,54,1,53,3" doraHai="77" doraHaiUra="90" who="1" fromWho="1" sc="259,-30,330,100,451,-60,0,0" /><INIT seed="4,0,0,2,3,2" ten="229,430,391,0" oya="0" hai0="135,36,57,76,43,115,47,54,79,113,1,34,109" hai1="114,106,100,134,67,33,38,101,108,82,46,44,130" hai2="99,133,69,35,89,90,87,128,65,95,73,123,66" hai3=""/><T52/><D1/><U98/><E108/><V121/><N who="2" m="31008" /><V112/><N who="2" m="31520" /><V56/><F73/><T102/><D109/><U45/><E38/><V59/><F69/><T111/><D111/><U124/><E33/><V3/><F3/><T49/><D135/><U126/><E134/><V116/><F35/><T83/><D34/><U70/><E130/><V131/><F112/><N who="0" m="43082" /><D102/><U127/><E114/><V86/><F133/><T110/><D110/><U93/><E82/><V129/><F116/><T42/><D36/><U80/><E80/><V119/><F119/><T41/><D83/><U103/><E106/><V88/><F99/><T107/><D107/><U40/><E40/><N who="0" m="10241" /><T71/><DORA hai="48" /><D71/><U63/><AGARI ba="0,0" hai="44,45,46,63,67,70,93,98,100,101,103,124,126,127" machi="63" ten="40,2000,0" yaku="0,1,18,1" doraHai="2,48" who="1" fromWho="1" sc="229,-13,430,20,391,-7,0,0" /><INIT seed="5,0,0,5,0,99" ten="216,450,384,0" oya="1" hai0="110,45,131,81,108,51,88,133,114,60,58,107,128" hai1="120,37,91,121,43,47,3,115,135,65,79,78,132" hai2="124,117,56,2,34,33,109,38,49,77,94,119,63" hai3=""/><U44/><N who="1" m="30752" /><U97/><N who="1" m="31008" /><U98/><E3/><V40/><F38/><T126/><D107/><U73/><E115/><V125/><F109/><T68/><D114/><U0/><E0/><V71/><F2/><T52/><D81/><U83/><E78/><V76/><F71/><T95/><D68/><U59/><E47/><V84/><F94/><T89/><D133/><N who="1" m="51275" /><E91/><V48/><F40/><T85/><D126/><N who="2" m="48746" /><F117/><T130/><REACH who="0" step="1"/><D89/><REACH who="0" ten="206,450,384,0" step="2"/><U62/><AGARI ba="0,1" hai="37,43,44,59,62,65,73,79,83,97,98" m="51275,31008,30752" machi="62" ten="30,4000,0" yaku="20,1,52,2" doraHai="99" who="1" fromWho="1" sc="206,-20,450,50,384,-20,0,0" /><INIT seed="5,1,0,4,3,69" ten="186,500,364,0" oya="1" hai0="45,135,93,87,126,109,129,74,103,38,52,42,104" hai1="44,58,84,122,95,119,60,110,132,106,90,48,125" hai2="94,37,49,66,72,1,55,81,50,65,53,67,56" hai3=""/><U34/><N who="1" m="31264" /><U98/><E119/><V134/><F1/><T46/><D109/><U99/><E34/><V130/><F134/><T86/><D74/><U51/><E132/><V89/><F130/><T33/><D135/><U83/><E110/><V39/><F81/><T2/><D33/><U127/><E106/><V133/><F72/><T121/><N who="0" m="31008" /><T118/><D104/><U63/><E98/><V62/><F133/><T85/><D2/><U116/><E116/><V35/><F35/><T105/><D118/><U78/><E60/><V80/><F80/><T96/><D129/><U57/><E58/><V3/><F3/><T108/><D126/><N who="1" m="48139" /><E44/><V61/><F61/><T36/><D108/><U113/><E113/><V114/><F114/><T101/><D105/><U131/><E131/><V97/><REACH who="2" step="1"/><F62/><REACH who="2" ten="186,500,354,0" step="2"/><T68/><D68/><U32/><E32/><V73/><F73/><T92/><D92/><U120/><N who="1" m="30752" /><U40/><E40/><V91/><F91/><T124/><D124/><U41/><E41/><V112/><F112/><T70/><D70/><U77/><E78/><V71/><F71/><T59/><D42/><U76/><E76/><V79/><F79/><T43/><D43/><U117/><E117/><V82/><F82/><RYUUKYOKU ba="1,1" sc="186,-20,500,10,354,10,0,0" hai1="48,51,57,63,77,83,84,90,95,99" hai2="37,39,49,50,53,55,56,65,66,67,89,94,97" /><INIT seed="5,2,1,1,4,38" ten="166,510,364,0" oya="1" hai0="58,113,62,57,91,76,0,77,126,131,100,61,34" hai1="111,84,86,121,92,98,33,40,94,67,64,110,80" hai2="46,65,72,36,101,97,42,56,50,88,99,128,103" hai3=""/><U32/><N who="1" m="31008" /><U70/><E40/><V43/><F72/><T75/><D0/><U95/><E98/><V85/><F128/><T120/><N who="0" m="30752" /><T134/><D34/><N who="1" m="13419" /><E70/><V133/><F133/><T132/><D131/><U74/><E74/><V66/><F97/><T52/><D113/><U108/><E80/><V119/><F119/><T79/><D126/><U68/><E68/><V59/><F36/><T102/><D75/><U118/><E118/><V82/><F43/><T109/><D109/><U63/><E63/><V78/><F78/><T51/><D91/><U96/><E96/><V55/><F99/><T135/><REACH who="0" step="1"/><D51/><REACH who="0" ten="156,510,364,0" step="2"/><U87/><AGARI ba="2,2" hai="64,67,84,86,87,92,94,95,108,110,111" m="13419,31008" machi="87" ten="50,12000,2" yaku="29,2,28,2,10,1,52,1" doraHai="38" who="1" fromWho="1" sc="156,-62,510,144,364,-62,0,0" /><INIT seed="5,3,0,1,0,118" ten="94,654,302,0" oya="1" hai0="32,95,71,82,76,124,67,41,44,117,87,108,43" hai1="127,3,132,131,80,104,123,125,33,90,1,54,126" hai2="57,111,65,102,56,53,84,70,58,42,92,105,135" hai3=""/><U96/><N who="1" m="31520" /><U39/><E33/><V77/><F111/><T35/><D117/><U85/><E39/><V79/><F135/><T133/><D108/><U106/><E132/><V37/><F105/><N who="1" m="40553" /><E131/><V134/><F134/><T55/><D133/><U83/><E96/><V40/><F37/><T116/><D124/><U73/><E54/><V46/><F70/><T69/><D116/><U64/><E64/><V74/><F74/><T0/><D0/><U78/><AGARI ba="3,0" hai="1,3,73,78,80,83,85,90,125,126,127" m="40553,31520" machi="78" ten="40,5200,0" yaku="18,1,52,2" doraHai="118" who="1" fromWho="1" sc="94,-29,654,58,302,-29,0,0" /><INIT seed="5,4,0,2,3,121" ten="65,712,273,0" oya="1" hai0="84,39,122,110,133,2,82,124,46,34,80,36,40" hai1="131,126,85,74,75,108,132,70,107,116,67,76,135" hai2="58,53,125,90,118,37,65,1,94,117,89,50,55" hai3=""/><U35/><RYUUKYOKU type="yao9" ba="4,0" sc="65,0,712,0,273,0,0,0" hai1="35,67,70,74,75,76,85,107,108,116,126,131,132,135" /><INIT seed="5,5,0,1,2,92" ten="65,712,273,0" oya="1" hai0="97,62,123,110,106,116,100,2,89,80,130,129,74" hai1="55,104,120,78,54,51,72,95,34,69,39,77,1" hai2="64,91,59,118,37,41,102,113,125,42,115,68,96" hai3=""/><U66/><N who="1" m="30752" /><U103/><E1/><V132/><F118/><T46/><N who="0" m="31520" /><T126/><D2/><U105/><E34/><V63/><F125/><T86/><D110/><U56/><E39/><V82/><F132/><T108/><D108/><U48/><E66/><V81/><F68/><T127/><D46/><U135/><E69/><V67/><F67/><T101/><D62/><U85/><E135/><V53/><F64/><T99/><D74/><U47/><E72/><V98/><F98/><T133/><D116/><U111/><E111/><V93/><F82/><T40/><D40/><U71/><E71/><V128/><F128/><N who="0" m="49258" /><D133/><U131/><E131/><V61/><F61/><T45/><D45/><U0/><E0/><V44/><F42/><T122/><N who="0" m="31264" /><T58/><D58/><U117/><E117/><V83/><F115/><T119/><D119/><U107/><E85/><V76/><F113/><T43/><D43/><U112/><E112/><V79/><F41/><T36/><D36/><U94/><E94/><AGARI ba="5,0" hai="80,86,89,94,97,99,100,101,106,126,127" m="31264,49258,31520" machi="94" ten="30,12000,2" yaku="19,1,34,2,52,4" doraHai="92" who="0" fromWho="1" sc="65,130,712,-130,273,0,0,0" /><INIT seed="6,0,0,5,3,117" ten="195,582,273,0" oya="2" hai0="102,3,122,65,126,63,87,35,0,115,70,53,119" hai1="134,130,95,101,64,93,55,88,58,50,43,109,90" hai2="133,118,40,114,105,132,129,75,111,127,41,120,91" hai3=""/><V57/><RYUUKYOKU type="yao9" ba="0,0" sc="195,0,582,0,273,0,0,0" hai2="40,41,57,75,91,105,111,114,118,120,127,129,132,133" /><INIT seed="6,1,0,4,0,113" ten="195,582,273,0" oya="2" hai0="95,87,40,92,64,39,58,45,65,109,96,44,130" hai1="120,131,84,88,127,97,62,111,69,59,114,94,0" hai2="71,70,117,1,32,104,119,47,89,101,33,74,103" hai3=""/><V52/><F1/><T57/><D109/><U76/><N who="1" m="30752" /><U91/><E111/><V135/><F74/><T2/><D2/><U79/><E69/><V46/><F89/><T43/><D130/><U56/><E131/><V53/><F104/><T83/><D87/><U132/><E114/><V122/><N who="2" m="31264" /><V126/><F126/><T102/><D83/><U68/><E68/><V93/><F93/><T108/><D108/><U3/><E127/><V41/><F41/><T134/><D134/><AGARI ba="1,0" hai="32,33,46,47,52,53,70,71,101,103,117,119,134,135" m="31264" machi="134" ten="25,18000,2" yaku="22,2,52,3,54,1" doraHai="113" who="2" fromWho="0" sc="195,-182,582,0,273,182,0,0" /><INIT seed="6,2,0,5,5,84" ten="13,582,455,0" oya="2" hai0="104,129,50,101,89,124,0,116,95,96,117,3,87" hai1="127,111,78,83,108,130,51,107,93,43,57,73,75" hai2="63,81,105,125,97,55,1,126,88,91,66,109,112" hai3=""/><V34/><F34/><T61/><D50/><U64/><E107/><V133/><F1/><T54/><D54/><U94/><E73/><V38/><F112/><T128/><D61/><U37/><E37/><V74/><F133/><T62/><D62/><U59/><E64/><V67/><F109/><T103/><D0/><U47/><E108/><V79/><F38/><T76/><D3/><U118/><E111/><V60/><F55/><T99/><D124/><N who="2" m="47722" /><F97/><T39/><D39/><U58/><E127/><V65/><F105/><T36/><D36/><U70/><E70/><V44/><F44/><T35/><D35/><U98/><E98/><V71/><F66/><T33/><D33/><U92/><E118/><V135/><F135/><T53/><D53/><U49/><E49/><V115/><F115/><T45/><D45/><U113/><E113/><V119/><F119/><N who="0" m="45642" /><D103/><U80/><E47/><V48/><F48/><T68/><D68/><U52/><E58/><V40/><F40/><T82/><D129/><U102/><E130/><V106/><F106/><T77/><D128/><U56/><E52/><V32/><F32/><T69/><D69/><U46/><E102/><V110/><F110/><T131/><D131/><U86/><E51/><V85/><F74/><RYUUKYOKU ba="2,0" sc="13,10,582,-20,455,10,0,0" hai0="76,77,82,87,89,95,96,99,101,104" hai2="60,63,65,67,71,79,81,85,88,91" /><INIT seed="6,3,0,4,2,57" ten="23,562,465,0" oya="2" hai0="35,54,71,131,127,75,125,135,63,117,66,72,47" hai1="110,109,2,41,106,98,81,92,113,83,87,59,120" hai2="90,49,97,51,65,82,79,119,0,89,101,94,116" hai3=""/><V133/><F0/><T1/><D63/><U121/><E2/><V130/><F130/><T3/><D47/><U132/><E41/><V53/><F133/><T44/><D54/><U56/><N who="1" m="30752" /><U73/><N who="1" m="31008" /><U60/><E132/><V118/><F65/><T111/><D44/><U76/><E106/><V36/><F36/><T108/><D66/><U64/><E56/><V61/><F61/><T100/><D100/><U93/><E113/><V62/><F62/><T46/><D46/><U40/><E40/><V67/><F67/><T85/><D85/><U42/><E42/><V102/><F102/><T80/><D80/><U68/><E68/><V96/><F53/><T70/><D75/><U52/><E64/><V126/><F126/><T91/><D91/><U32/><E32/><V115/><F115/><T112/><D127/><U50/><E60/><V58/><F58/><T107/><D71/><U55/><E55/><V128/><F128/><T38/><D1/><U88/><E92/><V95/><REACH who="2" step="1"/><F101/><AGARI ba="3,0" hai="50,52,59,73,76,81,83,87,88,93,98,101,109,110" m="31008,30752" machi="101" ten="30,8000,1" yaku="7,1,52,2,54,2" doraHai="57" who="1" fromWho="2" sc="23,0,562,86,465,-86,0,0" owari="23,-58.0,648,60.0,379,-2.0,0,0.0" /></mjloggm>