<mjloggm ver="2.3"><GO type="169" lobby="0"/><UN n0="%E3%81%BE%E3%82%8B%E3%81%A8%E3%83%BC" n1="%E9%BE%8D%E7%89%8C" n2="%E3%82%B3%E3%81%98%E3%81%95%E3%82%93%EF%BC%9F" n3="%49%57%41%50%49%4E" dan="17,16,18,16" rate="2091.72,2087.03,2229.61,2154.85" sx="M,M,M,M"/><TAIKYOKU oya="0"/><INIT seed="0,0,0,4,0,77" ten="250,250,250,250" oya="0" hai0="128,91,103,51,95,134,117,66,21,99,11,23,109" hai1="127,32,64,93,33,114,119,62,121,94,135,40,55" hai2="17,111,116,60,37,65,131,129,42,90,106,47,0" hai3="6,13,73,7,54,110,59,9,71,89,45,79,26"/><T4/><D117/><U56/><E121/><V49/><F116/><W132/><G110/><T113/><D113/><U29/><E127/><V126/><F106/><W98/><G71/><T1/><D134/><U84/><E135/><V124/><F0/><W22/><G132/><T30/><D128/><N who="2" m="49226" /><F17/><W78/><G73/><T44/><D109/><U80/><E40/><N who="2" m="22927" /><F90/><W120/><G45/><T35/><D66/><U61/><E114/><V87/><F87/><W48/><G7/><T122/><D122/><U130/><E130/><V15/><F15/><W14/><G14/><T19/><D19/><U18/><E18/><V75/><F75/><W53/><G53/><T36/><D36/><U76/><E119/><V92/><F92/><N who="3" m="56591" /><G120/><T97/><D35/><U112/><E112/><V58/><F111/><W70/><G70/><T43/><REACH who="0" step="1"/><D30/><AGARI ba="0,0" hai="6,9,13,22,26,30,48,54,59,78,79" m="56591" machi="30" ten="30,1000,0" yaku="8,1" doraHai="77" who="3" fromWho="0" sc="250,-10,250,0,250,0,250,10" /><INIT seed="1,0,0,5,1,2" ten="240,250,250,260" oya="1" hai0="19,93,75,109,56,7,134,62,5,105,36,10,89" hai1="95,90,88,74,107,61,98,80,68,67,12,1,73" hai2="23,104,21,50,133,48,70,6,110,131,22,41,71" hai3="113,84,35,47,112,135,119,91,42,100,103,127,54"/><U99/><E1/><V87/><F131/><W16/><G35/><T9/><D105/><U46/><E46/><V37/><F104/><W69/><G69/><T121/><D75/><U65/><E65/><V38/><F133/><W101/><G135/><T29/><D36/><U78/><E73/><V102/><F110/><W39/><G127/><T124/><D134/><U57/><E12/><V34/><F34/><W31/><G31/><T44/><D124/><U118/><E118/><V52/><F102/><W106/><G106/><T8/><D109/><U55/><E107/><V81/><F41/><W126/><G54/><T0/><D29/><U49/><REACH who="1" step="1"/><E98/><REACH who="1" ten="240,240,250,260" step="2"/><V26/><F71/><W129/><G119/><T79/><D44/><U58/><E58/><V96/><F70/><W125/><G125/><T32/><D0/><U66/><E66/><V116/><F96/><W85/><G126/><T64/><D121/><U25/><E25/><V45/><F26/><W94/><G129/><T18/><D32/><U30/><E30/><V72/><F72/><W53/><G47/><T76/><D76/><U63/><E63/><V97/><F97/><W4/><G113/><T33/><D79/><U24/><E24/><V27/><F27/><W130/><G112/><T86/><D33/><U115/><E115/><V117/><F117/><W17/><G130/><T20/><D20/><U83/><E83/><V59/><F116/><W11/><G94/><T82/><D93/><U132/><E132/><V51/><F45/><W3/><G3/><T15/><D15/><U108/><E108/><V128/><F128/><RYUUKYOKU ba="0,1" sc="240,15,240,15,250,-15,260,-15" hai0="5,7,8,9,10,18,19,56,62,64,82,86,89" hai1="49,55,57,61,67,68,74,78,80,88,90,95,99" /><INIT seed="1,1,1,5,5,51" ten="255,255,235,245" oya="1" hai0="112,1,108,42,48,87,117,72,27,83,104,76,84" hai1="39,34,125,12,7,88,67,31,32,22,19,97,132" hai2="59,134,43,25,96,58,116,126,41,85,75,23,105" hai3="103,110,15,44,35,129,106,114,45,133,56,86,115"/><U24/><E39/><V63/><F116/><W21/><G110/><T54/><D117/><U123/><E123/><V62/><F75/><W50/><G35/><T70/><D112/><U82/><E125/><V124/><F134/><W18/><G103/><T14/><D70/><U130/><E132/><V61/><F105/><W113/><G106/><T78/><D104/><U92/><E130/><V127/><F96/><W74/><G74/><T80/><D72/><U5/><E34/><V89/><F43/><W65/><G129/><T55/><D1/><U4/><E67/><V64/><F41/><W91/><G133/><T101/><D108/><U53/><E82/><V40/><F40/><W131/><G131/><T73/><D73/><U2/><REACH who="1" step="1"/><E53/><REACH who="1" ten="255,245,235,245" step="2"/><V119/><F64/><W90/><G65/><T29/><D42/><U128/><E128/><V122/><F119/><W20/><G115/><T57/><D55/><U68/><E68/><V38/><F38/><W3/><G114/><T135/><D135/><U121/><E121/><V26/><F122/><W111/><G113/><T81/><D83/><U47/><E47/><V9/><F124/><W120/><G45/><T37/><D37/><U13/><E13/><V0/><F126/><W8/><G44/><T28/><D14/><U100/><E100/><V46/><F46/><W93/><G120/><T98/><D27/><U71/><E71/><V102/><F102/><W33/><G33/><T52/><D54/><U107/><E107/><V10/><F127/><W109/><G109/><T30/><D101/><U60/><E60/><V11/><F62/><RYUUKYOKU ba="1,2" sc="255,15,245,15,235,-15,245,-15" hai0="28,29,30,48,52,57,76,78,80,81,84,87,98" hai1="2,4,5,7,12,19,22,24,31,32,88,92,97" /><INIT seed="1,2,2,2,0,13" ten="270,260,220,230" oya="1" hai0="39,43,19,124,118,62,117,50,46,27,102,83,4" hai1="90,72,42,59,16,80,77,81,69,97,126,2,31" hai2="132,23,41,28,71,0,30,54,113,129,107,18,37" hai3="92,86,58,79,20,89,70,104,76,95,34,134,101"/><U74/><E69/><V14/><F107/><W15/><G34/><T105/><D4/><U98/><E2/><V56/><F71/><W3/><G3/><T1/><D1/><U47/><E126/><V6/><F129/><W24/><G104/><T36/><D124/><U64/><E31/><V7/><F132/><W94/><G70/><T67/><D83/><U40/><E64/><V22/><F113/><W103/><G134/><T122/><D122/><U110/><E59/><V55/><F0/><W100/><G15/><T26/><D102/><U35/><E35/><V88/><F37/><W85/><G58/><T60/><D105/><U116/><E116/><V68/><F41/><W115/><G115/><T33/><D33/><U82/><E110/><V119/><F68/><W48/><G48/><T65/><D50/><U21/><E82/><V29/><F119/><W109/><G109/><T5/><D5/><N who="2" m="1546" /><F56/><W63/><G63/><T128/><D46/><U96/><E47/><V91/><F23/><W120/><G120/><T53/><D43/><U44/><E44/><V10/><F22/><W61/><G61/><T9/><D128/><U25/><E90/><AGARI ba="2,2" hai="10,14,18,28,29,30,54,55,88,90,91" m="1546" machi="90" ten="30,3900,0" yaku="8,1,52,1,54,1" doraHai="13" who="2" fromWho="1" sc="270,0,260,-45,220,65,230,0" /><INIT seed="2,0,0,4,5,78" ten="270,215,285,230" oya="2" hai0="66,27,129,104,12,57,77,3,26,59,62,7,51" hai1="93,13,92,117,133,25,90,101,135,32,118,79,37" hai2="10,39,74,21,87,42,11,8,122,124,33,103,29" hai3="83,0,130,94,35,28,15,105,100,128,47,52,76"/><V89/><F74/><W70/><G0/><T53/><D129/><N who="3" m="49769" /><G70/><T95/><D104/><U56/><E37/><V109/><F122/><W119/><G105/><T48/><D3/><U132/><E13/><V20/><F124/><W81/><G119/><T4/><D51/><U46/><E46/><V67/><F109/><W58/><G47/><T96/><D77/><U125/><E125/><V75/><F75/><W43/><G76/><T60/><D48/><U40/><E40/><V36/><F103/><W99/><G43/><T123/><D123/><U34/><E56/><V134/><F134/><W127/><G15/><T5/><REACH who="0" step="1"/><D12/><REACH who="0" ten="260,215,285,230" step="2"/><U22/><E79/><V2/><F2/><W38/><G127/><T41/><D41/><U19/><E118/><V102/><F42/><W1/><G1/><T112/><D112/><U111/><E117/><V18/><F39/><W69/><G38/><T82/><D82/><U9/><E132/><V116/><F36/><W54/><G83/><T106/><D106/><U44/><E135/><V50/><F50/><W24/><G81/><T45/><D45/><U6/><E44/><V72/><F116/><W68/><G54/><T31/><D31/><U71/><E133/><V107/><F29/><W73/><G73/><T65/><D65/><U85/><E111/><V115/><F67/><W114/><G114/><T121/><D121/><U80/><E80/><V16/><F115/><W113/><G113/><T88/><AGARI ba="0,1" hai="4,5,7,26,27,53,57,59,60,62,66,88,95,96" machi="88" ten="30,7900,0" yaku="1,1,0,1,8,1,54,1,53,0" doraHai="78" doraHaiUra="126" who="0" fromWho="0" sc="260,89,215,-20,285,-39,230,-20" /><INIT seed="3,0,0,4,4,82" ten="349,195,246,210" oya="3" hai0="43,69,59,131,56,128,53,36,97,67,47,112,132" hai1="113,10,94,15,21,25,63,108,84,126,35,23,18" hai2="100,46,38,37,51,99,65,32,68,120,87,6,1" hai3="13,22,58,0,133,103,125,57,110,5,77,29,81"/><W102/><G125/><T2/><D2/><U33/><E113/><V11/><F32/><W8/><G133/><T104/><D104/><U3/><E126/><V91/><F120/><W30/><G110/><T105/><D105/><U114/><E108/><V88/><F91/><W70/><G70/><T41/><D97/><U106/><E106/><V52/><F65/><W27/><G30/><T109/><D109/><U73/><E73/><V79/><F79/><W9/><G103/><T92/><D92/><U72/><E72/><V31/><F31/><W134/><G102/><T96/><D96/><U127/><E114/><V54/><F54/><W60/><G60/><N who="0" m="40167" /><D112/><U64/><E3/><V14/><F68/><W124/><G134/><T66/><D132/><U135/><E135/><V50/><F50/><W95/><G95/><T17/><D17/><U115/><E127/><V80/><F1/><W90/><G90/><T24/><D24/><U55/><E115/><V19/><F6/><W20/><G20/><T83/><D83/><U44/><E23/><V122/><F122/><W7/><REACH who="3" step="1"/><G124/><REACH who="3" ten="349,195,246,200" step="2"/><T48/><D43/><U85/><E94/><AGARI ba="0,1" hai="11,14,19,37,38,46,51,52,80,87,88,94,99,100" machi="94" ten="30,12000,2" yaku="7,1,25,2,52,1,54,2" doraHai="82" who="2" fromWho="1" sc="349,0,195,-120,246,130,200,0" /><INIT seed="4,0,0,0,4,6" ten="349,75,376,200" oya="0" hai0="68,77,48,38,121,83,7,50,84,86,14,46,93" hai1="41,25,55,134,20,124,47,17,57,117,31,28,113" hai2="23,35,76,15,13,42,62,66,29,130,56,92,75" hai3="101,105,0,80,110,70,107,58,2,71,8,122,104"/><T94/><D121/><U26/><E117/><V79/><F130/><W97/><G110/><T67/><D38/><U34/><E124/><V72/><F35/><W126/><G126/><T39/><D39/><U106/><E106/><V19/><F42/><W98/><G122/><T82/><D50/><U27/><E134/><V73/><F29/><W5/><G0/><T111/><D111/><U65/><E113/><V102/><REACH who="2" step="1"/><F15/><REACH who="2" ten="349,75,366,200" step="2"/><W114/><G114/><T1/><D1/><U89/><E34/><V116/><F116/><W90/><G2/><T100/><D100/><U45/><E28/><V119/><F119/><W54/><G101/><T9/><D68/><U95/><E31/><V87/><F87/><W64/><G71/><T91/><D67/><U52/><E65/><V74/><N who="2" m="18432" /><DORA hai="30" /><V123/><F123/><W32/><G70/><T11/><D11/><U128/><E128/><V36/><F36/><W43/><G64/><T60/><D60/><N who="1" m="35879" /><E41/><AGARI ba="0,1" hai="7,9,14,41,46,48,77,82,83,84,86,91,93,94" machi="41" ten="30,12000,1" yaku="7,1,25,2,8,1,52,1" doraHai="6,30" who="0" fromWho="1" sc="349,130,75,-120,366,0,200,0" owari="479,58.0,-45,-55.0,366,17.0,200,-20.0" /></mjloggm>