<mjloggm ver="2.3"><GO type="169" lobby="0"/><UN n0="%73%41%67%61%E3%81%95%E3%82%93" n1="%E3%83%8A%E3%82%B4%E3%83%A0" n2="%E3%81%B6%E3%83%BC%E3%81%95%E3%82%93%E3%81%AE%E4%BC%91%E6%81%AF%E2%99%AA" n3="%6C%65%6F%6E%6C%65%6F%6E" dan="16,16,16,17" rate="2105.95,2133.65,2096.87,2181.70" sx="M,M,M,F"/><TAIKYOKU oya="0"/><INIT seed="0,0,0,1,1,53" ten="250,250,250,250" oya="0" hai0="65,81,100,26,89,5,30,101,76,66,69,13,73" hai1="111,48,106,59,115,10,35,49,37,133,122,71,102" hai2="125,110,51,116,85,105,114,0,58,12,63,90,118" hai3="38,86,16,74,112,134,68,120,3,32,24,113,52"/><T7/><D69/><U25/><E10/><V23/><F0/><W34/><G74/><T9/><D7/><U97/><E122/><V82/><F114/><W94/><G38/><T1/><D1/><U117/><E117/><V95/><F105/><W50/><G68/><T128/><D128/><U92/><E115/><V93/><F110/><W2/><G120/><T119/><D119/><N who="2" m="45610" /><F51/><W67/><G67/><T123/><D123/><U77/><E37/><V91/><F91/><W72/><G72/><T131/><D131/><U87/><E71/><V61/><F61/><W57/><G3/><T88/><D66/><U129/><E129/><V126/><F23/><W31/><G2/><T56/><D100/><U60/><E111/><V99/><F12/><W109/><G109/><T44/><D44/><U124/><E124/><N who="2" m="47723" /><F99/><W29/><G112/><T19/><D101/><U64/><E106/><V8/><F8/><W80/><G113/><T98/><D98/><U121/><E121/><V18/><F18/><W27/><G16/><T96/><D96/><U132/><E77/><V78/><F78/><W14/><G14/><T54/><D19/><U84/><E48/><V28/><F28/><W21/><G21/><N who="0" m="15695" /><D65/><AGARI ba="0,0" hai="58,63,65,82,85,90,93,95" m="47723,45610" machi="65" ten="30,3900,0" yaku="12,1,18,1,52,1" doraHai="53" who="2" fromWho="0" sc="250,-39,250,0,250,39,250,0" /><INIT seed="1,0,0,3,1,92" ten="211,250,289,250" oya="1" hai0="132,102,121,11,60,54,126,52,62,119,20,74,51" hai1="27,24,17,131,56,19,129,35,38,34,75,29,72" hai2="133,81,5,21,23,108,127,105,48,88,113,101,86" hai3="89,44,18,85,79,100,32,68,96,10,67,8,83"/><U30/><REACH who="1" step="1"/><E56/><REACH who="1" ten="211,240,289,250" step="2"/><V49/><F113/><W64/><G68/><T9/><D119/><U70/><E70/><V58/><F58/><W124/><G124/><T66/><D126/><U2/><E2/><V28/><F127/><W7/><G32/><T57/><D121/><U115/><E115/><V78/><F133/><W99/><G64/><T110/><D132/><U61/><E61/><V63/><F63/><W36/><G67/><T118/><D118/><U6/><E6/><V40/><F5/><W77/><G7/><T111/><D62/><U135/><E135/><V47/><F108/><W106/><G18/><T59/><D66/><U103/><E103/><V134/><F134/><W69/><G69/><T90/><D102/><U87/><E87/><V94/><F101/><W65/><G65/><T41/><D110/><U97/><E97/><V117/><F117/><W107/><G96/><T128/><D111/><U80/><E80/><V12/><F81/><W37/><G100/><T4/><D4/><U104/><E104/><V84/><F105/><W109/><G109/><T120/><D120/><U130/><E130/><V43/><F84/><W91/><G99/><T13/><D128/><U26/><E26/><V45/><F78/><W46/><G85/><T112/><D112/><U73/><E73/><V42/><F28/><W15/><G83/><T31/><D74/><U55/><E55/><N who="2" m="30095" /><F12/><AGARI ba="0,1" hai="8,10,12,15,36,37,44,46,77,79,89,91,106,107" machi="12" ten="25,1600,0" yaku="22,2" doraHai="92" who="3" fromWho="2" sc="211,0,240,0,289,-16,250,26" /><INIT seed="2,0,0,2,4,114" ten="211,240,273,276" oya="2" hai0="92,0,62,81,29,75,70,120,52,53,57,58,15" hai1="7,51,18,49,95,108,134,85,4,127,131,118,59" hai2="125,133,109,41,97,110,56,50,135,3,33,66,126" hai3="87,124,98,54,89,91,69,55,8,64,99,107,14"/><V40/><F3/><W11/><G124/><N who="2" m="47721" /><F33/><W46/><G69/><T102/><D70/><U129/><E127/><V115/><F97/><W117/><G64/><T78/><D0/><U39/><E18/><V73/><F73/><W84/><G107/><T13/><D120/><U42/><E108/><N who="2" m="41579" /><F115/><W47/><REACH who="3" step="1"/><G14/><REACH who="3" ten="211,240,273,266" step="2"/><T94/><D15/><U83/><E129/><V10/><F10/><W20/><G20/><T1/><D13/><U26/><E131/><V122/><F122/><W105/><G105/><T106/><D1/><U36/><E7/><V2/><F2/><W25/><G25/><T86/><D106/><U132/><E26/><V111/><N who="2" m="41587" /><V27/><DORA hai="76" /><F27/><W79/><G79/><T21/><D21/><U65/><E4/><V104/><F104/><W44/><G44/><T103/><D78/><U6/><E6/><V123/><F123/><W67/><G67/><T113/><D113/><U63/><E65/><V48/><F66/><W68/><G68/><T28/><D75/><U128/><E128/><V31/><F31/><W130/><G130/><T43/><D28/><U17/><E17/><V19/><F19/><W119/><AGARI ba="0,1" hai="8,11,46,47,54,55,84,87,89,91,98,99,117,119" machi="119" ten="25,12000,2" yaku="1,1,0,1,22,2,52,2,53,0" doraHai="114,76" doraHaiUra="96,90" who="3" fromWho="3" sc="211,-30,240,-30,273,-60,266,130" /><INIT seed="3,0,0,5,5,69" ten="181,210,213,396" oya="3" hai0="49,38,73,20,11,51,132,3,47,26,19,7,13" hai1="83,92,35,93,120,118,75,107,65,119,5,0,29" hai2="111,21,98,115,104,10,90,130,14,36,125,126,44" hai3="71,116,27,102,113,108,8,4,94,42,131,41,78"/><W79/><G113/><T117/><D132/><U134/><E107/><V97/><F111/><W58/><G71/><T77/><D117/><U6/><E120/><V24/><F115/><W124/><G116/><T28/><D77/><U48/><E134/><V22/><F130/><W1/><G131/><T60/><D60/><U57/><E48/><V127/><F104/><W45/><G124/><T122/><D73/><U96/><E57/><V34/><F34/><W52/><G108/><T86/><D86/><U32/><E83/><V59/><F59/><W12/><G1/><T74/><D74/><U88/><E75/><V100/><F90/><W64/><G64/><T66/><D66/><U87/><E87/><V128/><F128/><W30/><G94/><T17/><D17/><U99/><E65/><V106/><F98/><W25/><G102/><T85/><D85/><U50/><E50/><V61/><F61/><N who="3" m="36039" /><G45/><T112/><D112/><U76/><E29/><V53/><F24/><N who="3" m="9291" /><G30/><T40/><REACH who="0" step="1"/><D122/><REACH who="0" ten="171,210,213,396" step="2"/><U80/><E76/><AGARI ba="0,1" hai="4,8,12,41,42,76,78,79" m="9291,36039" machi="76" ten="30,2900,0" yaku="8,1,54,1" doraHai="69" who="3" fromWho="1" sc="171,0,210,-29,213,0,396,39" /><INIT seed="3,1,0,3,5,74" ten="171,181,213,435" oya="3" hai0="71,62,133,117,72,9,40,107,42,73,120,39,123" hai1="22,92,93,29,105,115,126,8,31,13,80,106,48" hai2="103,75,84,114,109,86,41,64,131,111,17,20,70" hai3="102,4,128,129,21,58,56,2,82,89,26,91,113"/><W32/><G113/><T44/><D9/><U94/><E115/><V118/><F75/><W7/><G32/><T45/><D107/><U121/><E121/><V112/><F118/><W97/><G2/><T46/><D117/><U54/><E126/><V49/><F103/><W87/><G91/><T1/><D1/><U53/><E80/><V101/><F101/><W77/><G89/><T55/><D73/><U28/><E22/><V25/><F131/><N who="3" m="50251" /><G7/><T79/><D133/><U59/><REACH who="1" step="1"/><E54/><REACH who="1" ten="171,171,213,435" step="2"/><V35/><F35/><W38/><G21/><T78/><D55/><U34/><E34/><V69/><F114/><W11/><G82/><T122/><D72/><U12/><E12/><V19/><F112/><W85/><G26/><T98/><D98/><U130/><E130/><V6/><F25/><W132/><G97/><T83/><D83/><U47/><E47/><V18/><F20/><W57/><G132/><T43/><D39/><U66/><E66/><AGARI ba="1,1" hai="40,42,43,44,45,46,62,66,71,78,79,120,122,123" machi="66" ten="50,8000,1" yaku="29,2,52,2" doraHai="74" who="0" fromWho="1" sc="171,93,171,-83,213,0,435,0" /><INIT seed="4,0,0,5,0,94" ten="264,88,213,435" oya="0" hai0="86,40,95,117,48,10,99,35,11,32,125,53,29" hai1="27,31,56,44,96,20,72,103,109,114,122,50,36" hai2="104,43,88,131,120,92,42,41,0,19,60,124,113" hai3="111,83,5,93,102,70,39,82,76,127,78,81,38"/><T123/><D117/><U62/><E109/><V108/><F108/><W105/><G111/><T134/><D123/><U12/><E122/><V69/><F104/><W75/><G70/><T80/><D40/><U133/><E133/><V116/><F120/><W112/><G5/><T57/><D134/><U115/><E36/><V89/><F0/><W14/><G14/><T74/><D74/><U26/><E72/><V135/><F135/><W21/><G21/><T55/><D125/><U67/><E12/><V87/><F124/><W17/><G17/><T71/><D71/><U84/><E84/><V65/><F116/><W58/><G127/><T1/><D1/><U37/><E27/><V25/><F113/><W100/><G112/><T64/><D64/><U52/><REACH who="1" step="1"/><E37/><REACH who="1" ten="264,78,213,435" step="2"/><V79/><F131/><W7/><G39/><T13/><D13/><U97/><E97/><V33/><F25/><W2/><G38/><T101/><D11/><U59/><E59/><V61/><F87/><W54/><G58/><T91/><D10/><U132/><E132/><V6/><F69/><W106/><G75/><T77/><D77/><U22/><E22/><V45/><F79/><W3/><G78/><T16/><D32/><U118/><E118/><V73/><F33/><W8/><G76/><T85/><D86/><U9/><E9/><V24/><F73/><W51/><G3/><T98/><D99/><U4/><E4/><V30/><F6/><W110/><G110/><T63/><D35/><U23/><E23/><V130/><F24/><W18/><G2/><T15/><D15/><U68/><E68/><RYUUKYOKU ba="0,1" sc="264,-10,78,30,213,-10,435,-10" hai1="20,26,31,44,50,52,56,62,67,96,103,114,115" /><INIT seed="5,1,1,1,2,36" ten="254,108,203,425" oya="1" hai0="0,117,54,33,128,92,17,96,83,75,7,48,108" hai1="100,10,6,15,58,46,11,2,44,73,14,1,101" hai2="5,56,35,86,18,79,104,45,47,26,52,107,69" hai3="19,8,60,62,120,51,20,29,63,91,59,67,71"/><U119/><E73/><V31/><F69/><W42/><G120/><T68/><D108/><U55/><E119/><V105/><F5/><W126/><G126/><T4/><D68/><U34/><E34/><V50/><REACH who="2" step="1"/><F18/><REACH who="2" ten="254,108,193,425" step="2"/><W82/><G19/><T40/><D17/><U21/><E21/><V37/><F37/><W127/><G71/><T70/><D33/><U25/><E25/><V135/><F135/><W122/><G20/><T77/><D70/><U88/><E2/><V102/><F102/><N who="1" m="39529" /><E1/><V115/><F115/><W72/><G122/><T112/><D117/><U123/><E123/><V53/><F53/><W111/><G111/><T49/><D112/><U81/><E11/><V65/><F65/><W103/><G67/><T64/><D64/><U95/><E15/><V16/><F16/><W3/><G8/><T129/><D0/><U74/><E14/><V30/><F30/><W121/><G29/><T116/><D116/><U12/><E12/><V27/><F27/><W89/><G3/><T133/><D133/><U28/><E28/><V24/><F24/><W85/><G121/><T87/><D7/><U22/><E22/><V84/><F84/><W41/><G85/><T93/><D4/><U39/><E39/><V125/><F125/><W132/><G127/><T13/><D13/><N who="1" m="5335" /><E74/><V99/><F99/><W9/><G9/><T78/><D75/><U106/><E55/><V110/><F110/><W97/><G132/><T113/><D54/><U134/><E134/><V61/><F61/><W114/><G72/><T130/><D113/><U43/><E106/><V90/><F90/><RYUUKYOKU ba="1,2" sc="254,-10,108,-10,193,30,425,-10" hai2="26,31,35,45,47,50,52,56,79,86,104,105,107" /><INIT seed="6,2,2,1,0,126" ten="244,98,223,415" oya="2" hai0="110,30,69,125,133,1,102,72,6,112,109,26,63" hai1="64,115,27,59,35,90,73,130,107,47,104,51,132" hai2="40,54,20,44,123,120,2,118,25,43,10,97,131" hai3="105,31,87,117,91,119,50,7,16,5,78,34,61"/><V38/><F118/><W101/><G78/><T99/><D125/><U88/><E73/><V0/><F43/><W116/><G50/><T24/><D24/><U113/><E132/><V108/><F108/><W33/><G61/><T42/><D42/><U121/><E104/><V100/><F54/><W39/><G39/><T45/><D45/><U86/><E107/><V106/><F131/><W60/><G60/><T67/><D133/><U15/><E90/><V3/><REACH who="2" step="1"/><F10/><REACH who="2" ten="244,98,213,415" step="2"/><W94/><G116/><T71/><D110/><U12/><E121/><V37/><F37/><W4/><G119/><T57/><D109/><U92/><E130/><V76/><F76/><W82/><G117/><T48/><D112/><N who="1" m="43083" /><E64/><V127/><F127/><W89/><G34/><T17/><D67/><U18/><E59/><V19/><AGARI ba="2,3" hai="0,2,3,19,20,25,38,40,44,97,100,106,120,123" machi="19" ten="30,3000,0" yaku="1,1,0,1,53,0" doraHai="126" doraHaiUra="77" who="2" fromWho="2" sc="244,-12,98,-12,213,66,415,-12" /><INIT seed="6,3,0,2,4,64" ten="232,86,279,403" oya="2" hai0="31,9,70,119,105,65,86,78,22,123,112,61,6" hai1="81,18,16,122,71,127,47,132,90,111,30,79,21" hai2="19,63,106,113,134,131,89,60,128,0,2,10,52" hai3="8,95,130,80,55,120,32,36,41,29,118,126,12"/><V98/><F113/><W125/><G120/><T53/><D123/><U117/><E111/><V109/><F109/><W37/><G118/><T114/><D105/><U88/><E117/><V4/><F134/><W76/><G130/><N who="2" m="49705" /><F19/><N who="3" m="8583" /><G95/><T20/><D53/><U73/><E127/><N who="3" m="48650" /><G41/><T38/><D38/><U13/><E132/><V62/><F0/><W100/><G100/><T42/><D42/><U77/><E122/><V110/><F110/><W75/><G55/><T102/><D31/><U56/><E47/><V26/><F26/><AGARI ba="3,0" hai="26,29,32,36,37,75,76,80" m="48650,8583" machi="26" ten="30,1000,0" yaku="18,1" doraHai="64" who="3" fromWho="2" sc="232,0,86,0,279,-19,403,19" /><INIT seed="7,0,0,0,2,89" ten="232,86,260,422" oya="3" hai0="41,124,78,135,5,71,4,38,42,121,37,6,49" hai1="93,46,56,43,72,26,73,127,7,65,97,11,77" hai2="45,22,48,1,55,3,20,32,54,100,128,120,76" hai3="24,104,74,29,109,58,126,30,125,101,35,133,107"/><W23/><G74/><T21/><D121/><U63/><E127/><V15/><F32/><W40/><G133/><T14/><D71/><U79/><E73/><V98/><F76/><W113/><G113/><T111/><D111/><U36/><E26/><V119/><F119/><W80/><G40/><T83/><D124/><U75/><E72/><V116/><F116/><W70/><G70/><T134/><D49/><U132/><E132/><N who="0" m="50729" /><D21/><U92/><E97/><V69/><F69/><W117/><G101/><T91/><D78/><U105/><E105/><V84/><F84/><W34/><G80/><T115/><D14/><U67/><E67/><V0/><F120/><W64/><G64/><T102/><D102/><U81/><REACH who="1" step="1"/><E79/><REACH who="1" ten="232,76,260,422" step="2"/><V53/><F128/><W50/><G24/><T114/><D38/><U131/><E131/><V31/><F31/><W103/><G30/><T2/><D37/><U27/><E27/><V33/><F33/><W82/><G29/><T18/><D114/><U99/><E99/><V60/><F60/><W86/><G34/><T59/><D115/><U9/><E9/><V10/><F10/><W95/><G35/><T66/><D66/><U110/><E110/><V118/><F118/><W47/><G117/><T39/><D39/><U68/><E68/><V62/><F62/><W57/><G125/><T129/><D129/><U106/><E106/><N who="2" m="63767" /><F22/><W108/><G23/><T96/><D96/><U12/><AGARI ba="0,1" hai="7,11,12,36,43,46,56,63,65,75,77,81,92,93" machi="12" ten="20,12000,2" yaku="1,1,0,1,7,1,52,2,53,1" doraHai="89" doraHaiUra="61" who="1" fromWho="1" sc="232,-30,76,130,260,-30,422,-60" owari="202,-30.0,206,-19.0,230,3.0,362,46.0" /></mjloggm>