<mjloggm ver="2.3"><GO type="169" lobby="0"/><UN n0="%64%72%61%65%74%63" n1="%66%61%74%65%34%32%39%38" n2="%E3%81%A8%E3%82%89%E3%81%8D%E3%81%A1%E3%81%B5%E3%81%8F" n3="%6B%61%61%6E%79%75%79%75" dan="17,16,16,16" rate="2155.38,2101.97,2089.33,2064.24" sx="M,F,M,M"/><TAIKYOKU oya="0"/><INIT seed="0,0,0,5,4,44" ten="250,250,250,250" oya="0" hai0="88,109,130,113,67,91,41,114,0,61,134,16,74" hai1="26,15,86,101,17,77,85,80,98,29,125,84,102" hai2="51,45,28,64,58,89,92,25,6,47,49,124,52" hai3="107,97,27,7,78,1,34,13,55,82,121,14,105"/><T20/><D0/><U65/><E125/><V83/><F124/><W81/><G121/><T87/><D74/><U31/><E65/><V123/><F6/><W54/><G1/><T33/><D33/><U62/><E62/><V108/><F123/><W69/><G34/><T50/><D130/><U76/><E26/><V2/><F2/><W71/><BYE who="2" /><G27/><T95/><D134/><U103/><E98/><V120/><F120/><W110/><G97/><T46/><D91/><U72/><REACH who="1" step="1"/><E76/><REACH who="1" ten="250,240,250,250" step="2"/><V12/><F12/><W60/><G78/><T4/><D109/><U43/><E43/><V117/><F117/><W35/><G60/><T42/><D4/><UN n2="%E3%81%A8%E3%82%89%E3%81%8D%E3%81%A1%E3%81%B5%E3%81%8F" /><U94/><BYE who="2" /><E94/><V32/><F32/><W128/><G35/><T112/><D42/><U24/><E24/><V129/><F129/><W40/><G7/><UN n2="%E3%81%A8%E3%82%89%E3%81%8D%E3%81%A1%E3%81%B5%E3%81%8F" /><T37/><D37/><U8/><AGARI ba="0,1" hai="8,15,17,29,31,72,77,80,84,85,86,101,102,103" machi="8" ten="30,2000,0" yaku="1,1,0,1,53,0" doraHai="44" doraHaiUra="70" who="1" fromWho="1" sc="250,-10,240,30,250,-5,250,-5" /><INIT seed="1,0,0,5,5,34" ten="240,270,245,245" oya="1" hai0="128,65,88,122,70,79,53,78,83,44,13,115,105" hai1="54,8,74,126,101,76,61,118,72,102,23,59,43" hai2="135,86,7,85,25,1,40,109,27,130,47,117,90" hai3="21,125,6,96,116,103,71,91,20,107,60,11,30"/><U10/><E118/><V32/><F117/><W46/><G116/><T113/><D105/><U131/><E131/><V38/><F130/><W9/><G125/><T17/><D70/><U51/><E126/><V100/><F135/><W19/><G30/><T98/><D65/><U12/><E74/><V69/><F69/><W14/><G46/><T92/><D122/><U26/><E72/><V132/><F132/><W89/><G71/><T93/><D128/><U52/><E76/><V35/><F109/><W129/><G129/><T73/><D79/><U31/><E43/><V37/><F100/><W87/><G60/><T120/><D120/><U67/><E54/><V2/><F7/><W39/><G39/><T75/><D75/><U106/><E106/><V119/><F119/><W114/><G114/><T36/><D92/><U42/><E42/><V0/><F90/><W24/><G9/><T110/><D110/><U104/><E104/><V82/><F40/><W112/><G112/><T5/><D5/><U4/><REACH who="1" step="1"/><E8/><REACH who="1" ten="240,260,245,245" step="2"/><V64/><F38/><W99/><G107/><T57/><D36/><U49/><E49/><V97/><F37/><W108/><G108/><T28/><D78/><U127/><E127/><V48/><F48/><W123/><G123/><T50/><D73/><U29/><E29/><V15/><F35/><W124/><G124/><T80/><D28/><U121/><E121/><V56/><F32/><W45/><G11/><N who="0" m="6335" /><D115/><U33/><E33/><V111/><F111/><W22/><G20/><T68/><D113/><U3/><E3/><V134/><F0/><W55/><G21/><RYUUKYOKU ba="0,1" sc="240,-10,260,30,245,-10,245,-10" hai1="4,10,12,23,26,31,51,52,59,61,67,101,102" /><INIT seed="1,1,1,2,1,24" ten="230,290,235,235" oya="1" hai0="11,119,131,134,15,76,104,90,125,37,64,46,1" hai1="63,114,97,128,105,30,47,69,89,49,83,0,86" hai2="103,111,67,73,109,88,108,17,93,50,99,72,42" hai3="62,25,2,23,77,85,130,122,96,115,43,34,27"/><U71/><E114/><V135/><F67/><W39/><G122/><T107/><D1/><U112/><E112/><V120/><F120/><W28/><G115/><T18/><D76/><U106/><E128/><V61/><F61/><W54/><G2/><T9/><D64/><U113/><E0/><V10/><F135/><W29/><G130/><T48/><D37/><U58/><E113/><V124/><F124/><W31/><G96/><T82/><D107/><U66/><E30/><V26/><F26/><W70/><G43/><T84/><D104/><U126/><E126/><V13/><F103/><W14/><G39/><T41/><D119/><U110/><E110/><V59/><F59/><N who="3" m="35191" /><G34/><T35/><D35/><U33/><E33/><V121/><F121/><W4/><G70/><T12/><D134/><U95/><E69/><V40/><F42/><W7/><G23/><T3/><D3/><U8/><E8/><V127/><F127/><W117/><G117/><T19/><D125/><U16/><E16/><V123/><F123/><W74/><G74/><T60/><D60/><U133/><E71/><V94/><F40/><W44/><G44/><T98/><D98/><U116/><E116/><V52/><F50/><W129/><G129/><AGARI ba="1,1" hai="9,11,12,15,18,19,41,46,48,82,84,90,129,131" machi="129" ten="40,1300,0" yaku="9,1" doraHai="24" who="0" fromWho="3" sc="230,26,290,0,235,0,235,-16" /><INIT seed="2,0,0,4,0,17" ten="256,290,235,219" oya="2" hai0="106,132,31,75,65,104,94,110,109,117,6,69,41" hai1="23,120,103,49,93,33,19,34,22,113,122,32,119" hai2="66,40,29,28,89,18,45,46,8,5,101,124,81" hai3="97,64,14,39,77,84,57,43,20,13,100,47,25"/><V70/><F124/><W134/><G134/><T73/><D41/><U15/><E113/><V61/><F101/><W36/><G36/><T27/><D6/><U91/><E103/><V68/><F70/><W52/><G64/><T63/><D94/><U67/><E67/><V11/><F11/><W30/><G84/><T127/><D127/><U53/><E119/><V55/><F55/><W85/><G85/><T96/><D132/><U7/><E7/><V0/><F45/><W92/><REACH who="3" step="1"/><G77/><REACH who="3" ten="256,290,235,209" step="2"/><T4/><D117/><U50/><E122/><V115/><F115/><W37/><G37/><T1/><D65/><U35/><E120/><V118/><F118/><W42/><G42/><T114/><D114/><U112/><E112/><V56/><F68/><W60/><AGARI ba="0,1" hai="13,14,20,25,30,39,43,47,52,57,60,92,97,100" machi="60" ten="20,12000,2" yaku="1,1,0,1,7,1,52,1,54,1,53,1" doraHai="17" doraHaiUra="16" who="3" fromWho="3" sc="256,-30,290,-30,235,-60,209,130" /><INIT seed="3,0,0,0,3,71" ten="226,260,175,339" oya="3" hai0="127,53,86,32,66,76,77,132,57,27,58,90,44" hai1="30,24,95,33,115,102,11,72,78,36,20,21,4" hai2="63,14,82,26,84,121,118,133,12,22,110,28,97" hai3="15,6,34,99,61,48,75,125,19,70,43,105,74"/><W47/><G34/><T130/><D127/><U45/><E115/><V126/><F118/><W51/><G6/><T5/><D130/><U107/><E95/><V85/><F126/><W35/><G35/><T49/><D132/><U55/><E55/><V131/><F133/><W123/><G125/><T38/><D5/><U73/><E21/><V129/><F121/><W7/><G123/><T56/><D66/><U10/><E20/><V98/><F110/><W37/><G7/><T65/><D65/><U62/><E62/><V109/><F109/><W25/><G25/><T1/><D1/><N who="1" m="271" /><E11/><V42/><F84/><W9/><G61/><T79/><D27/><U52/><E52/><V117/><F117/><W103/><REACH who="3" step="1"/><G70/><REACH who="3" ten="226,260,175,329" step="2"/><T13/><D32/><U54/><E24/><V64/><F129/><W81/><G81/><T108/><D108/><U17/><E33/><V67/><F131/><W16/><G16/><T128/><D128/><U41/><E17/><V40/><F12/><W8/><G8/><T96/><D13/><U91/><E30/><V114/><F14/><W29/><G29/><T135/><D135/><U106/><E106/><V80/><F114/><W60/><G60/><T39/><REACH who="0" step="1"/><D96/><REACH who="0" ten="216,260,175,329" step="2"/><U116/><E116/><V23/><F26/><W104/><G104/><T111/><D111/><U92/><E107/><V50/><F28/><W18/><G18/><T68/><D68/><U101/><E92/><AGARI ba="0,2" hai="38,39,44,49,53,56,57,58,76,77,79,86,90,92" machi="92" ten="40,5200,0" yaku="1,1,52,2,53,0" doraHai="71" doraHaiUra="0" who="0" fromWho="1" sc="216,72,260,-52,175,0,329,0" /><INIT seed="4,0,0,1,5,39" ten="288,208,175,329" oya="0" hai0="100,52,54,38,44,103,107,1,26,121,6,68,62" hai1="50,57,59,90,40,130,10,84,135,117,70,2,69" hai2="75,56,14,97,123,71,77,9,27,112,118,105,72" hai3="65,78,86,124,20,60,43,110,115,42,95,82,5"/><T22/><D121/><U8/><E117/><V93/><F123/><W28/><G115/><T89/><D6/><U92/><E135/><V133/><F112/><W61/><G110/><T21/><D1/><U67/><E130/><V63/><F133/><W16/><G124/><T47/><D89/><U0/><E67/><V101/><F118/><W104/><G104/><T96/><D100/><U29/><E29/><V111/><F111/><W25/><G5/><T128/><D128/><U98/><E84/><V17/><F71/><W55/><G65/><T83/><D83/><U34/><E90/><V125/><F125/><W73/><G55/><T45/><D38/><U36/><E36/><V48/><F105/><W37/><G37/><T46/><D21/><U18/><E92/><V66/><F77/><W3/><G3/><T35/><D35/><U32/><E18/><V126/><F126/><W114/><G114/><T102/><D102/><U85/><E85/><V108/><F108/><W129/><G129/><T19/><N who="0" m="11264" /><DORA hai="131" /><T41/><REACH who="0" step="1"/><D41/><REACH who="0" ten="278,208,175,329" step="2"/><N who="3" m="15369" /><G73/><T15/><D15/><U132/><E132/><V109/><F109/><W119/><G119/><T106/><D106/><U24/><E40/><V49/><F75/><W120/><G120/><T134/><D134/><U88/><E0/><V80/><F72/><W33/><G33/><T76/><D76/><U53/><E2/><V51/><F80/><W99/><G78/><T11/><D11/><U87/><E8/><V113/><F113/><W74/><G74/><T79/><D79/><U64/><E10/><V13/><F9/><W58/><G82/><RYUUKYOKU ba="0,1" sc="278,15,208,-15,175,15,329,-15" hai0="19,22,26,52,54,62,68,96,103,107" hai2="13,14,17,27,48,49,51,56,63,66,93,97,101" /><INIT seed="4,1,1,2,2,27" ten="293,193,190,314" oya="0" hai0="61,100,94,131,102,122,22,64,117,85,91,120,57" hai1="127,65,90,16,39,56,114,92,93,58,88,12,63" hai2="0,121,74,60,33,129,40,50,5,47,118,31,42" hai3="14,62,128,79,3,87,46,32,29,38,97,18,126"/><T21/><D131/><U86/><E127/><V23/><F74/><W11/><G128/><T59/><D117/><U115/><E39/><V25/><F121/><W81/><G126/><T125/><D125/><U119/><E119/><V107/><F107/><W34/><G3/><T104/><D104/><U135/><E135/><V75/><F75/><W109/><G109/><T101/><D120/><U73/><E73/><V20/><F129/><W30/><G34/><T98/><D122/><U89/><E58/><V130/><F130/><W77/><G32/><T51/><REACH who="0" step="1"/><D98/><REACH who="0" ten="283,193,190,314" step="2"/><U45/><E45/><V28/><F118/><W7/><G46/><T2/><D2/><U52/><E65/><V113/><F0/><W82/><G97/><T78/><D78/><U95/><REACH who="1" step="1"/><E86/><REACH who="1" ten="283,183,190,314" step="2"/><V53/><F47/><W54/><G87/><T112/><D112/><U9/><AGARI ba="1,3" hai="9,12,16,52,56,63,88,89,90,92,93,95,114,115" machi="9" ten="40,12000,2" yaku="1,1,2,1,0,1,54,3,53,0" doraHai="27" doraHaiUra="70" who="1" fromWho="1" sc="283,-61,183,153,190,-31,314,-31" /><INIT seed="5,0,0,0,1,124" ten="222,336,159,283" oya="1" hai0="96,66,127,94,129,3,2,59,47,80,126,10,39" hai1="17,128,122,133,37,21,41,58,24,7,103,95,38" hai2="43,23,42,119,117,25,110,14,34,67,101,55,29" hai3="86,92,121,116,68,18,15,1,22,123,61,97,69"/><U91/><E122/><V100/><F67/><W13/><G1/><T87/><D66/><U27/><E133/><V108/><F55/><W131/><G116/><T49/><D59/><U125/><E125/><V33/><F25/><W82/><G131/><T83/><D39/><U89/><E128/><V6/><F14/><W106/><G106/><T88/><D129/><U104/><E104/><V5/><F23/><W19/><G61/><T71/><D71/><U111/><E7/><V53/><REACH who="2" step="1"/><F53/><REACH who="2" ten="222,336,149,283" step="2"/><W134/><G121/><T65/><D65/><U45/><E24/><V90/><F90/><W4/><G123/><T32/><D127/><U9/><E91/><V26/><F26/><W16/><G13/><T77/><D126/><U135/><E89/><V63/><F63/><W54/><G54/><T11/><D2/><U102/><E21/><V114/><F114/><W120/><G120/><T28/><D3/><U46/><E27/><V30/><AGARI ba="0,1" hai="5,6,29,30,33,34,42,43,100,101,108,110,117,119" machi="30" ten="25,6400,0" yaku="1,1,0,1,22,2,53,0" doraHai="124" doraHaiUra="52" who="2" fromWho="2" sc="222,-16,336,-32,149,74,283,-16" /><INIT seed="6,0,0,5,0,131" ten="206,304,223,267" oya="2" hai0="96,61,54,104,74,52,63,42,126,69,116,1,44" hai1="128,72,33,64,29,67,82,36,25,57,7,125,100" hai2="71,115,15,43,31,94,65,66,3,86,51,47,99" hai3="14,26,97,78,40,8,28,130,114,23,121,90,9"/><V75/><F75/><W91/><G121/><T21/><D1/><U45/><E128/><V13/><F3/><W10/><G130/><T76/><D126/><U0/><E100/><V39/><F115/><W89/><G114/><T6/><D6/><U38/><E38/><V88/><F39/><W17/><G78/><T34/><D34/><U55/><E125/><V84/><F31/><W127/><G127/><T4/><D4/><U56/><E56/><V98/><F98/><W12/><G40/><T16/><D116/><U133/><E133/><V24/><F24/><W110/><G110/><T79/><D96/><U22/><E33/><V129/><F71/><W134/><G134/><T68/><D104/><U102/><E102/><V19/><F15/><W101/><REACH who="3" step="1"/><G12/><REACH who="3" ten="206,304,223,257" step="2"/><T49/><D76/><U58/><E0/><V32/><F129/><W95/><AGARI ba="0,1" hai="8,9,10,14,17,23,26,28,89,90,91,95,97,101" machi="95" ten="30,7900,0" yaku="1,1,2,1,0,1,8,1,53,0" doraHai="131" doraHaiUra="37" who="3" fromWho="3" sc="206,-20,304,-20,223,-39,257,89" /><INIT seed="7,0,0,0,3,53" ten="186,284,184,346" oya="3" hai0="2,55,98,71,50,0,52,44,76,93,85,35,31" hai1="20,109,130,66,108,70,33,46,7,77,78,49,125" hai2="3,95,83,73,121,9,57,113,81,11,21,22,10" hai3="26,1,123,129,115,122,67,28,124,127,54,118,64"/><W40/><G1/><T56/><D71/><U104/><E104/><V18/><F121/><W82/><G118/><T87/><D35/><U27/><E33/><V134/><F113/><W119/><G119/><T69/><D69/><U117/><E117/><V99/><F134/><W105/><G115/><T128/><D31/><U107/><E107/><V42/><F42/><W126/><G105/><T88/><D128/><U5/><E130/><V43/><F43/><W100/><G100/><T29/><D29/><U65/><E70/><V94/><F73/><W34/><G129/><T51/><D0/><U19/><E125/><V116/><F94/><W60/><G40/><T38/><D2/><U47/><E49/><V68/><F68/><N who="3" m="41991" /><G54/><T92/><D38/><U111/><E20/><V36/><F36/><W75/><G67/><T135/><D135/><U13/><E111/><V79/><F116/><W25/><G25/><T59/><D76/><AGARI ba="0,0" hai="26,28,34,75,76,82,122,123,124,126,127" m="41991" machi="76" ten="30,2900,0" yaku="18,1,23,1" doraHai="53" who="3" fromWho="0" sc="186,-29,284,0,184,0,346,29" owari="157,-34.0,284,8.0,184,-22.0,375,48.0" /></mjloggm>