<mjloggm ver="2.3"><GO type="185" lobby="0"/><UN n0="%77%61%77%61%33%30%33%30" n1="%E3%81%A0%E3%81%83" n2="%4E%45%47%49%54%53" n3="" dan="16,16,18,0" rate="2142.57,2159.78,2327.56,1500.00" sx="M,M,F,C"/><TAIKYOKU oya="0"/><INIT seed="0,0,0,5,4,108" ten="350,350,350,0" oya="0" hai0="115,86,121,94,101,44,96,95,125,37,100,45,132" hai1="50,90,71,54,73,49,128,80,66,0,118,124,42" hai2="87,134,61,57,88,106,116,78,46,77,58,74,133" hai3=""/><T64/><N who="0" m="31008" /><T67/><D132/><N who="2" m="50794" /><F106/><T84/><D125/><U85/><E124/><V75/><F46/><T48/><D115/><U39/><E0/><V76/><F116/><T32/><D32/><U70/><E118/><V112/><F112/><T62/><D37/><U68/><E128/><V65/><F58/><T123/><N who="0" m="31520" /><T34/><D34/><U99/><E73/><V135/><N who="2" m="50802" /><V43/><DORA hai="131" /><F43/><T98/><D62/><U2/><E2/><V130/><F130/><T36/><D36/><U93/><E66/><V35/><F35/><T51/><AGARI ba="0,0" hai="44,45,48,51,64,67,84,86,94,95,96,98,100,101" m="31520,31008" machi="51" ten="25,12000,2" yaku="0,1,22,2,8,1,52,2" doraHai="108,131" who="0" fromWho="0" sc="350,120,350,-60,350,-60,0,0" /><INIT seed="0,1,0,1,1,135" ten="470,290,290,0" oya="0" hai0="92,90,42,41,71,106,1,65,97,43,57,50,49" hai1="37,117,59,110,134,123,125,70,128,121,68,89,45" hai2="124,0,75,107,63,100,3,34,130,81,2,78,105" hai3=""/><T83/><D1/><U118/><N who="1" m="31008" /><U114/><N who="1" m="31520" /><U85/><E134/><V129/><F34/><T62/><D106/><N who="2" m="40458" /><F100/><T126/><D126/><U101/><E101/><V84/><F84/><T48/><REACH who="0" step="1"/><D83/><REACH who="0" ten="460,290,290,0" step="2"/><U69/><E125/><V67/><F124/><T53/><AGARI ba="1,1" hai="41,42,43,48,49,50,53,57,62,65,71,90,92,97" machi="53" ten="30,7800,0" yaku="1,1,2,1,0,1,53,1" doraHai="135" doraHaiUra="58" who="0" fromWho="0" sc="460,90,290,-40,290,-40,0,0" /><INIT seed="0,2,0,4,5,60" ten="550,250,250,0" oya="0" hai0="61,98,58,84,108,95,74,129,43,94,0,73,65" hai1="90,41,52,72,47,111,37,36,53,126,132,56,114" hai2="122,119,128,92,40,117,79,118,78,134,89,113,68" hai3=""/><T75/><D0/><U62/><E114/><V32/><N who="2" m="31264" /><V67/><F32/><T81/><D129/><U82/><E111/><V88/><F113/><T59/><D108/><U87/><E132/><V135/><F128/><T121/><N who="0" m="31008" /><T106/><D43/><U104/><E104/><V102/><F40/><T45/><D45/><U86/><E72/><V3/><F3/><T39/><D39/><U66/><E126/><V133/><F102/><T85/><D85/><U130/><E130/><V34/><F34/><T2/><D2/><U77/><REACH who="1" step="1"/><E37/><REACH who="1" ten="550,240,250,0" step="2"/><V50/><F50/><T131/><D131/><U46/><E46/><V105/><F105/><T64/><D106/><U125/><E125/><V33/><F33/><T100/><D75/><U38/><E38/><V110/><F110/><T112/><D112/><U107/><E107/><V97/><F117/><T83/><D74/><U103/><E103/><V35/><F35/><T1/><D73/><U54/><E54/><V57/><F119/><T76/><D1/><U116/><E116/><V42/><F118/><T91/><D76/><U127/><E127/><V63/><F79/><T69/><D69/><U99/><E99/><V120/><N who="2" m="30752" /><V123/><N who="2" m="31520" /><V48/><F68/><RYUUKYOKU ba="2,1" sc="550,10,240,10,250,-20,0,0" hai0="58,59,61,64,65,81,83,84,91,94,95,98,100" hai1="36,41,47,52,53,56,62,66,77,82,86,87,90" /><INIT seed="0,3,1,0,4,75" ten="560,250,230,0" oya="0" hai0="38,96,57,132,78,85,82,111,33,94,108,131,88" hai1="81,61,64,127,86,95,43,48,2,89,54,71,105" hai2="113,101,80,83,98,63,46,107,59,103,120,116,67" hai3=""/><T129/><D33/><U3/><E105/><V52/><N who="2" m="30752" /><V51/><F113/><T53/><D38/><U50/><E127/><V104/><F116/><T73/><D132/><U42/><E3/><V117/><F117/><T115/><D115/><U40/><E2/><V91/><F91/><T47/><D47/><U58/><REACH who="1" step="1"/><E95/><REACH who="1" ten="560,240,230,0" step="2"/><V126/><F126/><T92/><D92/><U112/><E112/><V32/><F32/><T133/><D133/><U87/><E87/><V130/><F130/><N who="0" m="49674" /><D85/><U122/><N who="1" m="31264" /><U68/><E68/><V97/><AGARI ba="3,2" hai="46,51,52,59,63,67,80,83,97,98,101,103,104,107" m="30752" machi="97" ten="30,5900,0" yaku="0,1,9,1,52,1,54,1" doraHai="75" who="2" fromWho="2" sc="560,-42,240,-23,230,85,0,0" /><INIT seed="1,0,0,4,2,48" ten="518,217,315,0" oya="1" hai0="36,124,43,83,96,35,109,68,32,99,110,90,87" hai1="92,61,102,67,126,2,118,86,60,130,88,100,0" hai2="106,52,113,79,53,63,132,105,85,116,84,69,74" hai3=""/><U70/><E118/><V128/><F116/><T81/><D68/><U76/><E130/><V91/><F74/><T73/><D124/><U78/><E126/><V51/><F128/><T71/><D71/><U42/><E42/><V135/><F113/><T75/><D43/><U98/><E100/><V101/><F79/><T93/><D36/><U57/><E0/><V33/><F33/><T37/><D37/><U134/><E134/><N who="2" m="51243" /><F101/><T112/><D112/><U44/><E44/><V89/><F51/><T133/><D133/><U47/><E47/><V80/><F63/><T58/><D35/><U119/><E119/><V39/><F69/><T77/><D58/><U66/><REACH who="1" step="1"/><E2/><REACH who="1" ten="518,207,315,0" step="2"/><V125/><F125/><T103/><D32/><U46/><E46/><V64/><F39/><T97/><D103/><U117/><E117/><V49/><F49/><T108/><D108/><U120/><N who="1" m="30752" /><U72/><E72/><V3/><F3/><T95/><D109/><U65/><E65/><V127/><F64/><T107/><D110/><U59/><E59/><V123/><N who="2" m="31520" /><V129/><F129/><T54/><D75/><U50/><E50/><V41/><F41/><T82/><D73/><U114/><E114/><V131/><F127/><T121/><D121/><RYUUKYOKU ba="0,1" sc="518,-10,207,20,315,-10,0,0" hai1="57,60,61,66,67,70,76,78,86,88,92,98,102" /><INIT seed="1,1,1,5,2,44" ten="508,227,305,0" oya="1" hai0="116,90,125,84,113,117,77,108,1,109,110,118,89" hai1="59,91,134,35,121,67,122,64,65,112,47,100,95" hai2="126,43,103,94,130,58,98,52,62,131,86,70,68" hai3=""/><U38/><N who="1" m="31008" /><U45/><N who="1" m="31264" /><U63/><E112/><V92/><F126/><T81/><D1/><U128/><E35/><V39/><F39/><T54/><D54/><U133/><E128/><N who="2" m="49195" /><F43/><T42/><D42/><U53/><E100/><V48/><F62/><T75/><D113/><U93/><E93/><N who="2" m="35947" /><F86/><T46/><D46/><U66/><N who="1" m="16896" /><DORA hai="96" /><U85/><REACH who="1" step="1"/><E38/><REACH who="1" ten="508,217,305,0" step="2"/><V114/><F114/><T49/><D125/><U80/><E80/><V135/><F135/><AGARI ba="1,2" hai="45,47,53,59,63,85,91,95,133,134,135" m="16896,31264,31008" machi="135" ten="50,18000,2" yaku="1,1,20,1,52,2,53,2" doraHai="44,96" doraHaiUra="56,87" who="1" fromWho="2" sc="508,0,217,202,305,-182,0,0" /><INIT seed="1,2,0,0,3,75" ten="508,419,123,0" oya="1" hai0="95,101,119,109,56,106,69,132,105,59,49,97,46" hai1="124,126,70,93,99,68,96,62,78,81,134,72,48" hai2="114,80,98,50,66,117,110,83,90,79,88,116,122" hai3=""/><U92/><E134/><V102/><N who="2" m="31264" /><V67/><F110/><T52/><D132/><U64/><E68/><V77/><F114/><T40/><D109/><U89/><REACH who="1" step="1"/><E48/><REACH who="1" ten="508,409,123,0" step="2"/><V108/><F108/><T35/><D69/><U38/><E38/><V103/><F50/><T135/><D135/><U76/><E76/><V61/><F98/><T43/><D35/><U60/><E60/><AGARI ba="2,1" hai="60,61,66,67,77,79,80,83,88,90,102,103,116,117" m="31264" machi="60" ten="25,12000,2" yaku="22,2,52,3,54,1" doraHai="75" who="2" fromWho="1" sc="508,0,409,-124,123,134,0,0" /><INIT seed="2,0,0,0,3,51" ten="508,285,257,0" oya="2" hai0="62,54,88,116,89,32,56,76,101,48,85,103,106" hai1="36,131,123,132,49,100,96,34,117,40,87,68,73" hai2="47,66,67,50,80,65,41,124,58,53,81,60,113" hai3=""/><V33/><F33/><T135/><D116/><U102/><N who="1" m="31520" /><U69/><E73/><V59/><F113/><T90/><D135/><U64/><E36/><V78/><F124/><T37/><D37/><U84/><E34/><V99/><F99/><T130/><D130/><U86/><E117/><V120/><N who="2" m="30752" /><V112/><F112/><T0/><D0/><U71/><E131/><V72/><REACH who="2" step="1"/><F81/><REACH who="2" ten="508,285,247,0" step="2"/><T79/><D32/><U52/><E132/><V104/><F104/><T110/><D106/><U91/><E96/><V128/><F128/><T39/><D110/><U129/><E129/><V126/><F126/><T98/><D98/><U125/><E125/><V108/><F108/><T3/><D3/><U63/><E102/><V97/><F97/><T44/><D103/><U46/><E100/><V1/><F1/><T133/><D101/><U61/><E87/><V57/><AGARI ba="0,1" hai="41,47,50,53,57,58,59,60,65,66,67,72,78,80" m="30752" machi="57" ten="30,7800,0" yaku="1,1,0,1,52,2,53,0" doraHai="51" doraHaiUra="109" who="2" fromWho="2" sc="508,-39,285,-39,247,88,0,0" /><INIT seed="2,1,0,1,3,94" ten="469,246,335,0" oya="2" hai0="101,62,76,105,115,38,103,102,133,74,88,120,71" hai1="1,53,85,97,43,81,54,68,67,113,98,80,87" hai2="92,41,118,109,56,78,3,37,117,59,86,32,114" hai3=""/><V60/><F3/><T100/><N who="0" m="30752" /><T0/><D0/><U130/><E113/><V58/><F32/><T128/><D38/><U122/><N who="1" m="31264" /><U82/><E1/><V111/><F114/><T77/><D115/><U51/><E130/><V46/><F78/><T69/><D128/><U132/><E132/><V110/><F86/><N who="1" m="32777" /><E68/><V45/><F92/><T66/><D133/><U104/><E67/><V44/><F60/><T135/><D135/><U50/><E104/><V131/><F131/><T96/><D74/><U79/><E79/><V116/><AGARI ba="1,0" hai="37,41,44,45,46,56,58,59,109,110,111,116,117,118" machi="116" ten="50,16000,3" yaku="0,1,29,2,14,1,10,1,34,3" doraHai="94" who="2" fromWho="2" sc="469,-81,246,-81,335,162,0,0" /><INIT seed="2,2,0,1,3,45" ten="388,165,497,0" oya="2" hai0="86,51,131,33,65,80,96,114,57,123,103,37,95" hai1="132,61,77,117,82,59,88,0,58,72,46,89,133" hai2="92,75,64,49,68,116,126,91,36,85,101,124,42" hai3=""/><V76/><F116/><T107/><N who="0" m="31520" /><T39/><D33/><U35/><E0/><V90/><F36/><T63/><D131/><U74/><E117/><V129/><F129/><T62/><D114/><U60/><E35/><V56/><F68/><T73/><D63/><U127/><E46/><V102/><F64/><T121/><N who="0" m="31008" /><T3/><D3/><U106/><E106/><V135/><F135/><N who="1" m="51785" /><E127/><N who="2" m="48683" /><F42/><T50/><D107/><U130/><E130/><V87/><F76/><T120/><N who="0" m="30752" /><T84/><D39/><U48/><E74/><V125/><F75/><T34/><D37/><U69/><E69/><V66/><F66/><T55/><D34/><U105/><E105/><V79/><F79/><T99/><D73/><U111/><E111/><V67/><F67/><T122/><N who="0" m="31264" /><T38/><D38/><U54/><E61/><V110/><F110/><T70/><D51/><U119/><E119/><V78/><F78/><T32/><D32/><U44/><E58/><V2/><F2/><T118/><D118/><U93/><E93/><V94/><F125/><T47/><D80/><U108/><E108/><V97/><F87/><N who="0" m="33322" /><D70/><U43/><AGARI ba="2,0" hai="43,44,48,54,59,60,72,77,82,88,89" m="51785" machi="43" ten="30,3000,0" yaku="20,1,52,1,54,1" doraHai="45" who="1" fromWho="1" sc="388,-12,165,34,497,-22,0,0" /><INIT seed="4,0,0,4,3,80" ten="376,199,475,0" oya="0" hai0="110,40,85,2,109,135,114,60,43,52,75,56,107" hai1="57,62,59,128,3,76,61,54,42,37,48,102,130" hai2="99,115,89,33,72,91,103,51,0,35,79,74,108" hai3=""/><T105/><D75/><U93/><E3/><V127/><F0/><T45/><D2/><U112/><E76/><V117/><F108/><N who="0" m="41578" /><D114/><U1/><E1/><V38/><F38/><T81/><D135/><U96/><E112/><V121/><N who="2" m="31008" /><V66/><F115/><T124/><D124/><U113/><E113/><V41/><F127/><T104/><D45/><U53/><E37/><V87/><F66/><T90/><AGARI ba="0,0" hai="40,43,52,56,60,81,85,90,104,105,107" m="41578" machi="90" ten="40,5200,0" yaku="10,1,52,1,54,1" doraHai="80" who="0" fromWho="0" sc="376,52,199,-26,475,-26,0,0" /><INIT seed="4,1,0,0,5,48" ten="428,173,449,0" oya="0" hai0="96,51,74,69,85,71,66,91,79,111,56,89,44" hai1="124,62,115,122,0,105,121,54,125,98,86,84,126" hai2="104,133,112,97,34,135,113,81,58,32,52,123,63" hai3=""/><T43/><D111/><U53/><N who="1" m="31008" /><U108/><N who="1" m="31264" /><U80/><E108/><V88/><N who="2" m="31520" /><V37/><F37/><T118/><D118/><U33/><E33/><N who="2" m="12907" /><F81/><T47/><D74/><U99/><E0/><V35/><N who="2" m="12915" /><V76/><DORA hai="94" /><F76/><T60/><D79/><U1/><E1/><V129/><F129/><T127/><D127/><U46/><E105/><V41/><F41/><T119/><D119/><U55/><E115/><N who="2" m="44107" /><F88/><T87/><D96/><N who="1" m="36907" /><E46/><V36/><F36/><T102/><D47/><U92/><E92/><V75/><F75/><T57/><D102/><AGARI ba="1,0" hai="52,58,63,97,102,104,133,135" m="44107,12915,31520" machi="102" ten="50,8000,1" yaku="15,1,52,3,54,1" doraHai="48,94" who="2" fromWho="0" sc="428,-82,173,0,449,82,0,0" /><INIT seed="5,0,0,2,1,33" ten="346,173,531,0" oya="1" hai0="110,74,83,1,102,38,92,3,123,60,65,84,37" hai1="70,75,121,71,89,63,40,69,66,0,115,112,106" hai2="108,113,111,34,87,49,54,124,32,131,125,132,107" hai3=""/><U57/><N who="1" m="31008" /><U44/><E106/><V61/><F107/><T120/><N who="0" m="30752" /><T82/><N who="0" m="31520" /><T72/><D110/><N who="2" m="42026" /><F61/><T116/><D116/><U93/><E75/><N who="0" m="28713" /><D84/><U64/><E0/><N who="0" m="73" /><D92/><U46/><E46/><V129/><F132/><T58/><D102/><U42/><E42/><V109/><F113/><N who="1" m="43593" /><E93/><V59/><F109/><T76/><D76/><U88/><E64/><V55/><F55/><T130/><D130/><N who="2" m="49674" /><F87/><T86/><D86/><U2/><E2/><V117/><F117/><T97/><D97/><U73/><E73/><V99/><F99/><T119/><D119/><U77/><E77/><V105/><F105/><T52/><D65/><U90/><E90/><V91/><F91/><T126/><D126/><AGARI ba="0,0" hai="32,34,49,54,59,124,125,126" m="49674,42026" machi="126" ten="40,2600,0" yaku="18,1,19,1" doraHai="33" who="2" fromWho="0" sc="346,-26,173,0,531,26,0,0" /><INIT seed="6,0,0,1,2,56" ten="320,173,557,0" oya="2" hai0="65,134,78,130,133,131,49,87,39,77,100,94,43" hai1="88,123,97,75,62,86,63,61,0,122,117,71,115" hai2="57,68,72,3,59,124,44,41,101,45,105,121,102" hai3=""/><V74/><F59/><T60/><D39/><U46/><N who="1" m="31264" /><U127/><N who="1" m="31520" /><U112/><E75/><V47/><F57/><T67/><D43/><U54/><E0/><V1/><F45/><T96/><D49/><U128/><E127/><V126/><F105/><T40/><D40/><U111/><E111/><V135/><F41/><T113/><D113/><N who="1" m="43595" /><E128/><N who="0" m="49193" /><D65/><U103/><E117/><V58/><F58/><T76/><D87/><U84/><E71/><AGARI ba="0,0" hai="60,67,71,76,77,78,94,96,100,133,134" m="49193" machi="71" ten="30,2000,0" yaku="19,1,52,1" doraHai="56" who="0" fromWho="1" sc="320,20,173,-20,557,0,0,0" owari="340,-6.0,153,-45.0,557,51.0,0,0.0" /></mjloggm>