<mjloggm ver="2.3"><GO type="169" lobby="0"/><UN n0="%E5%81%BD%E5%96%84%E8%80%85%E9%AB%98%E6%A9%8B%E3%81%BF%E3%81%AA%E3%81%BF" n1="%E7%9F%9B%E7%9B%BE" n2="%54%61%62%61%73%63%6F" n3="%E8%8C%B6%E8%89%B2%E3%81%AE%E3%82%A2%E3%83%AC" dan="17,16,17,16" rate="2179.42,2083.38,2170.18,2196.23" sx="F,M,M,M"/><TAIKYOKU oya="0"/><INIT seed="0,0,0,1,0,85" ten="250,250,250,250" oya="0" hai0="101,105,35,94,13,77,118,83,43,32,76,31,125" hai1="14,53,47,106,75,74,5,86,21,28,33,22,120" hai2="99,30,79,68,65,4,109,17,93,56,117,73,127" hai3="54,37,111,108,124,71,39,121,104,58,135,113,42"/><T81/><D118/><U84/><E120/><V91/><F68/><W26/><G113/><T90/><D125/><U78/><E106/><V66/><F109/><N who="3" m="42059" /><G104/><T64/><D43/><U100/><E100/><V132/><F127/><W10/><G26/><T98/><D64/><U80/><E86/><V116/><F132/><W97/><G10/><T51/><D51/><U95/><E33/><V25/><F4/><W134/><G97/><T45/><D45/><U49/><E28/><V115/><F115/><W131/><G71/><T88/><D13/><U24/><E24/><V72/><F17/><W61/><G124/><T41/><D41/><U87/><E87/><V7/><F7/><W46/><G131/><T82/><D31/><U16/><E5/><V19/><F19/><W23/><G23/><T29/><D29/><U96/><REACH who="1" step="1"/><E22/><REACH who="1" ten="250,240,250,250" step="2"/><V0/><F117/><W44/><G121/><T129/><D35/><U122/><E122/><V2/><F116/><W36/><G46/><T107/><D32/><U126/><E126/><V70/><F25/><W63/><G63/><T89/><D129/><U62/><E62/><V1/><F30/><W50/><AGARI ba="0,1" hai="36,37,39,42,44,50,54,58,61,134,135" m="42059" machi="50" ten="40,5200,0" yaku="14,1,34,2" doraHai="85" who="3" fromWho="3" sc="250,-26,240,-13,250,-13,250,62" /><INIT seed="1,0,0,2,2,112" ten="224,227,237,312" oya="1" hai0="120,128,109,78,62,1,131,110,122,114,69,25,41" hai1="15,59,12,45,23,5,103,72,93,4,106,101,70" hai2="105,55,21,107,129,85,0,37,96,29,30,31,126" hai3="115,130,90,14,46,33,50,35,119,71,52,84,11"/><U64/><E72/><V22/><F0/><W57/><G115/><T124/><D1/><U83/><E70/><V98/><F37/><W133/><G133/><T48/><D78/><U76/><E106/><V91/><F126/><W7/><G130/><N who="0" m="49707" /><D114/><U20/><E45/><V135/><F129/><W54/><G71/><T44/><D25/><U100/><E93/><V6/><F135/><W34/><G119/><T2/><D2/><U39/><E39/><V3/><F6/><W47/><REACH who="3" step="1"/><G54/><REACH who="3" ten="224,227,237,302" step="2"/><T53/><D124/><U77/><E64/><V67/><F55/><W127/><G127/><T32/><D32/><U97/><E83/><AGARI ba="0,1" hai="7,11,14,33,34,35,46,47,50,52,57,83,84,90" machi="83" ten="40,2600,0" yaku="1,1,54,1,53,0" doraHai="112" doraHaiUra="132" who="3" fromWho="1" sc="224,0,227,-26,237,0,302,36" /><INIT seed="2,0,0,1,1,51" ten="224,201,237,338" oya="2" hai0="56,32,58,23,90,120,18,96,74,16,59,105,101" hai1="3,40,121,109,61,41,30,93,28,133,0,128,22" hai2="92,89,110,94,12,99,81,67,35,29,57,50,111" hai3="55,129,108,14,52,73,49,54,72,45,4,83,5"/><V119/><F119/><W62/><G108/><N who="2" m="41513" /><F81/><W122/><G122/><T2/><D32/><U9/><E128/><V15/><F35/><W44/><G129/><T115/><D120/><U104/><E133/><V33/><F33/><W78/><G73/><T134/><D115/><U80/><E104/><V130/><F29/><W131/><G131/><T135/><D2/><U76/><E121/><V63/><F50/><W6/><G62/><T19/><D74/><U31/><E109/><V36/><F36/><W97/><G97/><T113/><D113/><U48/><E61/><V37/><F37/><W82/><G82/><T79/><D79/><U65/><E65/><V102/><F130/><W75/><G75/><T127/><D127/><U103/><E22/><V27/><F27/><W71/><G71/><T1/><D1/><U13/><E93/><V47/><F47/><W132/><G132/><N who="0" m="50731" /><D90/><U7/><E103/><V34/><F34/><W24/><G24/><AGARI ba="0,0" hai="16,18,19,23,24,56,58,59,96,101,105" m="50731" machi="24" ten="30,2000,0" yaku="20,1,54,1" doraHai="51" who="0" fromWho="3" sc="224,20,201,0,237,0,338,-20" /><INIT seed="3,0,0,1,2,107" ten="244,201,237,318" oya="3" hai0="99,9,42,124,85,60,8,101,135,7,41,76,128" hai1="20,120,17,59,56,37,79,63,83,44,16,116,49" hai2="121,96,70,52,68,15,103,91,4,78,100,58,51" hai3="27,130,67,45,62,34,28,110,36,33,80,31,21"/><W12/><G130/><T64/><D128/><U69/><E116/><V92/><F121/><W26/><G110/><T46/><D135/><U122/><E69/><V112/><F112/><W133/><G133/><T25/><D124/><U73/><E37/><V24/><F24/><W106/><G36/><T115/><D115/><U30/><E30/><V88/><F70/><W108/><G45/><T82/><D25/><U32/><E32/><V1/><F68/><W6/><G108/><T105/><D46/><U118/><E118/><V2/><F2/><W131/><G131/><T3/><REACH who="0" step="1"/><D9/><REACH who="0" ten="234,201,237,318" step="2"/><U54/><E59/><AGARI ba="0,1" hai="3,7,8,41,42,59,60,64,76,82,85,99,101,105" machi="59" ten="30,3900,0" yaku="1,1,2,1,7,1,53,0" doraHai="107" doraHaiUra="123" who="0" fromWho="1" sc="234,49,201,-39,237,0,318,0" /><INIT seed="4,0,0,2,3,43" ten="283,162,237,318" oya="0" hai0="71,119,111,14,100,58,103,21,121,55,120,2,38" hai1="48,1,97,82,52,15,31,3,23,28,45,84,37" hai2="27,30,47,102,129,54,124,77,40,20,16,83,63" hai3="113,81,106,66,135,112,115,126,70,110,74,133,24"/><T11/><D71/><U59/><E97/><V4/><F129/><W80/><G24/><T56/><D119/><U87/><E87/><V88/><F124/><W64/><G110/><T7/><D38/><U33/><E33/><V22/><F102/><W104/><G126/><T69/><D69/><U117/><E117/><V18/><F4/><W42/><G42/><T53/><D111/><U9/><E23/><V128/><F128/><W114/><G114/><T78/><D78/><U116/><E116/><V50/><F30/><W99/><G70/><T108/><D108/><U0/><E59/><N who="2" m="35319" /><F77/><W68/><G68/><T86/><D2/><U101/><E101/><V35/><F35/><W62/><G62/><T10/><D86/><U92/><E92/><V109/><F109/><W51/><G51/><T118/><D118/><U25/><E25/><N who="2" m="14471" /><F83/><N who="3" m="31819" /><G74/><T41/><D7/><U89/><REACH who="1" step="1"/><E37/><REACH who="1" ten="283,152,237,318" step="2"/><V98/><F98/><W44/><G99/><T8/><D103/><U123/><E123/><V73/><F73/><W46/><G104/><T76/><D100/><U107/><E107/><V90/><AGARI ba="0,1" hai="18,22,27,40,47,50,88,90" m="14471,35319" machi="90" ten="30,7900,0" yaku="8,1,52,1,54,2" doraHai="43" who="2" fromWho="2" sc="283,-39,152,-20,237,89,318,-20" /><INIT seed="5,0,0,1,3,84" ten="244,132,326,298" oya="1" hai0="66,105,127,120,108,34,125,118,91,65,90,7,81" hai1="62,79,101,50,85,28,4,67,56,86,16,131,42" hai2="135,44,128,112,22,25,40,95,119,98,115,75,61" hai3="31,8,17,110,52,37,132,36,39,30,104,55,29"/><U15/><E131/><V117/><F75/><W26/><G110/><T92/><D108/><U93/><E28/><V63/><F128/><W94/><G104/><T96/><D34/><U5/><E42/><V0/><F0/><W10/><G132/><T35/><D35/><U78/><E50/><V100/><F135/><W33/><G33/><T106/><D7/><N who="1" m="2635" /><E101/><V21/><F63/><W121/><G121/><T107/><D118/><U116/><E116/><V126/><F126/><N who="0" m="48138" /><D120/><U89/><E86/><AGARI ba="0,0" hai="65,66,81,86,90,91,92,96,105,106,107" m="48138" machi="86" ten="40,5200,0" yaku="18,1,52,2" doraHai="84" who="0" fromWho="1" sc="244,52,132,-52,326,0,298,0" /><INIT seed="6,0,0,4,0,4" ten="296,80,326,298" oya="2" hai0="129,89,93,125,124,62,6,113,110,9,97,82,69" hai1="28,85,101,17,35,94,11,51,26,33,132,25,95" hai2="99,123,128,75,38,64,130,40,96,79,105,12,109" hai3="106,53,29,84,102,1,58,90,126,31,120,131,73"/><V78/><F64/><W46/><G120/><T121/><D110/><U22/><E132/><V103/><F38/><W91/><G131/><N who="2" m="50217" /><F40/><W32/><G126/><T44/><D129/><U134/><E134/><V43/><F43/><W39/><G73/><T86/><D113/><U50/><E85/><V59/><F59/><W67/><G39/><T21/><D44/><U92/><E101/><N who="2" m="62631" /><F123/><W13/><G1/><T104/><D104/><U14/><REACH who="1" step="1"/><E35/><REACH who="1" ten="296,70,326,298" step="2"/><V115/><F109/><W2/><G84/><T116/><D121/><U112/><E112/><V122/><F115/><W63/><G102/><T133/><D133/><U65/><E65/><V20/><F122/><W98/><G32/><T5/><D86/><U72/><E72/><V70/><F75/><W34/><G34/><T7/><D124/><U15/><E15/><V48/><F12/><W52/><G13/><T57/><D125/><U27/><E27/><V71/><F103/><W117/><G67/><T88/><D69/><U114/><E114/><V47/><F71/><W74/><G74/><T81/><D116/><U108/><E108/><V10/><F70/><W118/><G118/><T56/><D81/><U41/><E41/><V107/><F79/><W36/><G117/><T24/><D82/><U66/><E66/><V119/><F78/><W100/><G100/><T49/><D24/><U37/><E37/><V111/><F111/><W18/><G36/><T8/><D89/><U60/><E60/><V30/><F119/><W23/><G91/><T55/><D21/><U54/><E54/><AGARI ba="0,1" hai="5,6,7,8,9,49,54,55,56,57,62,88,93,97" machi="54" ten="40,8000,1" yaku="8,1,52,2,54,1" doraHai="4" who="0" fromWho="1" sc="296,90,70,-80,326,0,298,0" owari="386,48.0,-10,-51.0,326,13.0,298,-10.0" /></mjloggm>