<mjloggm ver="2.3"><GO type="169" lobby="0"/><UN n0="%62%75%72%65%61%36" n1="%EF%BC%81%E2%80%9D%EF%BC%83%EF%BC%84%EF%BC%85%EF%BC%86%E2%80%99%EF%BC%88" n2="%E7%89%87%E5%B2%A1%E7%AF%A4%E5%8F%B2" n3="%E3%82%BB%E3%83%B3%E3%82%B4%E3%82%AF" dan="17,17,17,16" rate="2149.20,2147.49,2142.47,2119.47" sx="M,M,M,M"/><TAIKYOKU oya="0"/><INIT seed="0,0,0,4,2,92" ten="250,250,250,250" oya="0" hai0="69,124,51,121,28,20,40,3,89,86,6,63,91" hai1="46,75,112,36,118,83,33,18,131,35,73,80,56" hai2="81,2,94,17,66,47,88,102,27,61,134,113,5" hai3="110,30,103,84,116,58,68,122,107,22,44,59,21"/><T117/><D117/><U76/><E118/><V132/><F113/><W100/><G116/><T67/><D121/><U57/><E112/><V43/><F102/><W55/><G68/><T10/><D124/><U128/><E46/><V126/><F81/><W99/><G110/><T41/><D89/><U106/><E18/><V4/><F126/><W133/><G133/><N who="2" m="51305" /><F2/><W19/><G84/><T50/><D50/><U54/><E54/><V39/><F27/><W93/><G122/><T115/><D115/><U79/><REACH who="1" step="1"/><E106/><REACH who="1" ten="250,240,250,250" step="2"/><V129/><F17/><W0/><G107/><T74/><D40/><U77/><E77/><V105/><F105/><W7/><G19/><T60/><D41/><U90/><E90/><V42/><F43/><W16/><G16/><T52/><D91/><U25/><E25/><V130/><F4/><W34/><G55/><T31/><D52/><U49/><E49/><V45/><F47/><W95/><G44/><T26/><D51/><U114/><E114/><V11/><F5/><W32/><G7/><T9/><D6/><U85/><E85/><N who="2" m="52495" /><F11/><W82/><G0/><T62/><D3/><U78/><E78/><V101/><F101/><W38/><G38/><AGARI ba="0,1" hai="33,35,36,38,56,57,73,75,76,79,80,83,128,131" machi="38" ten="25,3200,0" yaku="1,1,22,2,53,0" doraHai="92" doraHaiUra="23" who="1" fromWho="3" sc="250,0,240,42,250,0,250,-32" /><INIT seed="1,0,0,2,5,45" ten="250,282,250,218" oya="1" hai0="20,81,66,111,41,6,5,91,49,89,28,122,100" hai1="123,108,131,68,117,1,116,63,94,18,119,92,88" hai2="16,10,99,98,112,26,61,24,64,107,87,62,130" hai3="51,96,69,54,9,95,135,36,133,97,85,32,121"/><U23/><E123/><V71/><F130/><W77/><G36/><T34/><D34/><U93/><E1/><V127/><F127/><W47/><G121/><T37/><D37/><U134/><E131/><V72/><F72/><W120/><G120/><T78/><D122/><U73/><E73/><V7/><F112/><W124/><G124/><T2/><D2/><U103/><E103/><V126/><F126/><W35/><G69/><T76/><D100/><U40/><E40/><V113/><F62/><W110/><G110/><T3/><D3/><U102/><E102/><V4/><F107/><W14/><G96/><T109/><D66/><U0/><E0/><V75/><F75/><W46/><G46/><T86/><D28/><U59/><E68/><V128/><F113/><W8/><G8/><T38/><D38/><U104/><E104/><V30/><F87/><W80/><G95/><T55/><D41/><U17/><E108/><N who="0" m="41545" /><D20/><U70/><E70/><V12/><F128/><W27/><G97/><T65/><D65/><U13/><E18/><V25/><REACH who="2" step="1"/><F30/><REACH who="2" ten="250,282,240,218" step="2"/><W43/><G85/><T44/><D78/><U105/><E105/><V118/><F118/><W60/><G77/><T11/><D76/><U106/><E106/><V19/><F19/><W48/><G135/><T21/><D86/><N who="1" m="52247" /><E134/><V82/><F82/><W50/><G80/><T84/><D84/><U39/><E117/><V74/><F74/><W58/><G133/><T53/><D81/><U29/><E119/><V42/><F42/><W114/><G43/><T115/><D115/><U83/><E116/><V33/><F33/><RYUUKYOKU ba="0,1" sc="250,-10,282,-10,240,30,218,-10" hai2="4,7,10,12,16,24,25,26,61,64,71,98,99" /><INIT seed="2,1,1,2,0,116" ten="240,272,270,208" oya="2" hai0="130,105,49,129,33,75,117,3,112,106,103,57,31" hai1="4,120,119,124,63,34,59,7,42,6,122,55,13" hai2="12,91,40,47,134,76,46,19,109,21,88,125,2" hai3="54,60,20,73,89,83,14,15,43,74,78,86,99"/><V101/><F2/><W98/><G43/><T58/><D112/><U25/><E119/><V36/><F134/><W79/><G73/><T23/><D117/><U80/><E124/><V28/><F125/><W24/><G74/><T64/><D75/><U97/><E42/><V128/><F76/><W1/><G1/><T39/><D3/><U126/><E126/><V114/><F114/><W69/><G69/><T71/><D39/><U67/><E80/><V102/><F46/><W56/><G79/><T77/><D33/><U9/><E97/><N who="3" m="36874" /><G78/><T53/><D71/><U90/><E90/><V84/><F128/><W107/><G107/><T10/><D105/><U115/><E115/><V61/><F91/><W110/><G110/><T48/><D106/><U93/><E93/><V100/><F109/><W65/><G65/><T44/><D77/><U16/><REACH who="1" step="1"/><E67/><REACH who="1" ten="240,262,270,208" step="2"/><V81/><F101/><W132/><G132/><T121/><D103/><U72/><E72/><V0/><F100/><W38/><G38/><T11/><D64/><U94/><E94/><V37/><F36/><W68/><G68/><T29/><D129/><U135/><E135/><V85/><F102/><W70/><G70/><T30/><D130/><U22/><E22/><V52/><F84/><W113/><G113/><T18/><D23/><U104/><E104/><V45/><F40/><W95/><G83/><T17/><D11/><U131/><E131/><V27/><F37/><W32/><G32/><T26/><D10/><U92/><E92/><V123/><F81/><W35/><G35/><T66/><D66/><U51/><E51/><RYUUKYOKU ba="1,2" sc="240,-15,262,15,270,-15,208,15" hai1="4,6,7,9,13,16,25,34,55,59,63,120,122" hai3="14,15,20,24,54,56,60,86,89,95" /><INIT seed="3,2,2,3,1,123" ten="225,277,255,223" oya="3" hai0="71,17,45,29,44,7,125,65,43,77,135,58,19" hai1="6,98,30,28,87,109,112,102,130,52,132,94,89" hai2="93,64,86,67,90,35,79,101,134,36,131,88,76" hai3="122,63,103,11,117,8,13,57,119,92,48,133,50"/><W10/><G122/><T66/><D29/><U2/><E112/><V53/><F35/><W5/><G133/><T106/><D106/><U105/><E132/><V1/><F1/><W59/><G119/><T124/><D7/><U33/><E130/><V56/><F36/><W39/><G39/><T16/><D135/><U34/><E6/><V31/><F31/><W24/><G24/><T116/><D116/><U21/><E2/><V126/><F126/><N who="0" m="48746" /><D77/><N who="2" m="29770" /><F101/><W97/><G117/><T110/><D110/><U82/><E109/><V49/><F131/><W104/><G104/><T55/><D71/><U41/><E41/><V100/><F100/><W108/><G108/><T27/><D27/><U85/><E28/><V46/><F134/><W81/><G81/><T95/><D95/><U72/><E72/><V91/><F67/><N who="0" m="25610" /><D43/><U118/><E118/><V22/><F22/><W15/><G59/><T80/><D80/><U4/><E4/><V40/><F40/><W113/><G113/><T99/><D99/><U84/><E105/><V51/><F51/><AGARI ba="2,2" hai="16,17,19,44,45,51,55,58" m="25610,48746" machi="51" ten="30,2000,0" yaku="18,1,54,1" doraHai="123" who="0" fromWho="2" sc="225,46,277,0,255,-26,223,0" /><INIT seed="4,0,0,5,5,47" ten="271,277,229,223" oya="0" hai0="118,68,43,92,46,42,63,0,72,2,12,14,98" hai1="13,78,80,86,60,87,74,35,91,33,94,76,99" hai2="131,93,18,16,75,104,7,55,28,112,129,95,117" hai3="59,50,108,125,62,4,27,126,24,73,132,38,56"/><T77/><D118/><U84/><E60/><V111/><F104/><W105/><G38/><T119/><D119/><U51/><E78/><V30/><F117/><W11/><G108/><T61/><D72/><U110/><E110/><V106/><F106/><W122/><G105/><T45/><D77/><U114/><E114/><V22/><F111/><W107/><G107/><T109/><D109/><U29/><E29/><V102/><F22/><W79/><G132/><T9/><D68/><U69/><E69/><V85/><F85/><W100/><G100/><T52/><D2/><U116/><E116/><V8/><F55/><N who="3" m="31863" /><G122/><T26/><D26/><U58/><E13/><V135/><F135/><W3/><G79/><T19/><D0/><U44/><REACH who="1" step="1"/><E58/><REACH who="1" ten="271,267,229,223" step="2"/><V6/><F112/><W39/><G73/><T120/><D14/><U25/><E25/><V10/><F75/><W83/><G24/><T127/><D127/><U130/><E130/><V89/><REACH who="2" step="1"/><F89/><REACH who="2" ten="271,267,219,223" step="2"/><W21/><G126/><T41/><D120/><U96/><E96/><V133/><F133/><W81/><G125/><T5/><D98/><U57/><E57/><V49/><F49/><W31/><G39/><T34/><D63/><U82/><E82/><N who="3" m="31242" /><G59/><T17/><D61/><U70/><E70/><V124/><F124/><W53/><G62/><T37/><D37/><U123/><E123/><V20/><F20/><W88/><G88/><T128/><D128/><U115/><E115/><V36/><F36/><W54/><G21/><T23/><D23/><U67/><E67/><V48/><F48/><W32/><G27/><T71/><D71/><RYUUKYOKU ba="0,2" sc="271,-30,267,10,219,10,223,10" hai1="33,35,44,51,74,76,80,84,86,87,91,94,99" hai2="6,7,8,10,16,18,28,30,93,95,102,129,131" hai3="3,4,11,31,32,53,54" /><INIT seed="5,1,2,4,1,37" ten="241,277,229,233" oya="1" hai0="62,33,41,0,100,74,75,26,20,111,38,60,131" hai1="102,28,52,18,88,39,122,85,7,98,42,44,68" hai2="109,94,16,77,124,31,120,1,115,99,36,96,70" hai3="76,130,47,125,118,35,51,19,24,5,29,45,81"/><U59/><E68/><V91/><F120/><W13/><G130/><T15/><D131/><U83/><E122/><V116/><F109/><W3/><G125/><T135/><D111/><U78/><E7/><V14/><F1/><W11/><G118/><T107/><D0/><U71/><E71/><V30/><F70/><W55/><G47/><T32/><D15/><U86/><E28/><N who="2" m="10795" /><F36/><W12/><REACH who="3" step="1"/><G19/><REACH who="3" ten="241,277,229,223" step="2"/><T2/><D135/><U66/><E18/><V49/><F116/><W80/><G80/><T95/><D33/><U22/><E44/><V82/><F124/><W65/><G65/><T104/><D32/><U4/><E66/><V103/><F115/><W119/><G119/><T27/><D104/><U90/><E83/><V84/><F77/><W57/><G57/><T108/><D107/><U34/><E59/><V114/><F114/><W8/><G8/><T46/><D108/><U134/><E78/><V9/><F99/><W97/><G97/><T128/><D128/><U40/><E98/><V17/><F17/><W79/><G79/><T73/><D46/><U105/><E34/><V123/><F123/><W110/><G110/><T6/><D6/><U113/><E4/><V53/><F82/><W58/><G58/><T112/><D112/><U72/><E113/><V69/><F69/><W23/><G23/><T61/><D20/><U127/><E22/><V132/><F132/><W121/><G121/><T63/><N who="0" m="15360" /><DORA hai="101" /><T56/><D56/><U48/><E134/><V67/><F67/><W87/><AGARI ba="1,3" hai="3,5,11,12,13,24,29,35,45,51,55,76,81,87" machi="87" ten="20,5200,0" yaku="1,1,0,1,7,1,53,1" doraHai="37,101" doraHaiUra="50,93" who="3" fromWho="3" sc="241,-14,277,-27,229,-14,223,85" /><INIT seed="6,0,0,3,1,133" ten="227,250,215,308" oya="2" hai0="38,53,15,32,28,24,8,79,20,40,5,123,3" hai1="65,97,66,128,0,4,124,126,89,88,113,63,112" hai2="46,35,13,125,55,120,80,87,23,129,98,82,29" hai3="10,135,77,101,11,121,43,131,95,105,94,92,72"/><V49/><F120/><W25/><G121/><T85/><D123/><U134/><E4/><V7/><F129/><W45/><G135/><T18/><D53/><U52/><E0/><V132/><F132/><W68/><G68/><T111/><D111/><U54/><E134/><V42/><F35/><W122/><G122/><T50/><D38/><U57/><E128/><V76/><F125/><N who="1" m="48233" /><E54/><V26/><F98/><W51/><G25/><T48/><D40/><U96/><E96/><V106/><F106/><W47/><G101/><T104/><D104/><U27/><E27/><V114/><F114/><N who="1" m="44137" /><E97/><V127/><F127/><W99/><G99/><T39/><D39/><U117/><E117/><V44/><F80/><AGARI ba="0,0" hai="3,5,8,15,18,20,24,28,32,48,50,79,80,85" machi="80" ten="40,2600,0" yaku="24,2" doraHai="133" who="0" fromWho="2" sc="227,26,250,0,215,-26,308,0" /><INIT seed="7,0,0,2,4,84" ten="253,250,189,308" oya="3" hai0="127,104,74,3,18,87,113,8,56,82,29,53,81" hai1="48,4,108,83,118,122,123,63,26,102,117,51,1" hai2="80,79,10,78,54,39,31,121,132,49,21,96,52" hai3="6,44,40,114,0,55,28,32,129,91,15,35,38"/><W77/><G114/><T126/><D104/><U65/><E108/><V105/><F39/><W97/><G55/><T14/><D113/><U116/><E102/><V119/><F119/><W76/><G15/><T9/><D29/><U73/><E26/><V128/><F128/><W16/><G16/><T42/><D42/><U43/><E43/><V95/><F105/><W2/><G2/><T93/><D74/><U92/><E92/><V103/><F132/><W110/><G28/><T58/><D3/><U13/><E13/><V62/><F121/><N who="1" m="46089" /><E4/><V22/><F10/><W107/><G77/><N who="2" m="29193" /><F80/><W101/><G91/><N who="0" m="53503" /><D58/><N who="1" m="37111" /><E1/><V86/><F86/><W68/><G110/><T24/><D24/><U41/><E41/><V109/><F109/><W59/><G59/><T67/><D67/><U70/><E70/><V64/><F31/><W17/><G129/><T69/><D69/><U134/><E134/><V5/><F5/><W19/><G17/><T57/><D57/><U72/><E83/><V61/><F54/><W25/><G68/><T131/><D131/><U47/><E73/><V125/><F64/><W89/><G76/><T7/><D7/><U37/><E72/><V34/><F34/><W111/><G111/><T85/><D81/><U135/><E135/><V112/><F112/><W106/><G106/><T115/><D115/><U88/><E37/><V50/><F50/><N who="1" m="18985" /><E47/><N who="2" m="27711" /><F62/><W23/><G89/><AGARI ba="0,0" hai="88,89,116,117,118" m="18985,37111,46089" machi="89" ten="40,8000,1" yaku="12,1,52,2,54,1" doraHai="84" who="1" fromWho="3" sc="253,0,250,80,189,0,308,-80" owari="253,5.0,330,43.0,189,-31.0,228,-17.0" /></mjloggm>