<mjloggm ver="2.3"><GO type="169" lobby="0"/><UN n0="%E3%81%AE%E3%81%B3%E3%81%97%E3%82%8D%E2%99%82" n1="%4E%41%4F%59%41%31%30%35" n2="%6B%61%6B%6B%6F%E6%A3%A0" n3="%E3%82%88%E3%82%8D%E3%81%97%E3%81%8F%E3%81%A7%E3%81%99%E2%99%AA" dan="16,18,16,17" rate="2115.59,2204.48,2102.79,2072.03" sx="M,M,M,F"/><TAIKYOKU oya="0"/><INIT seed="0,0,0,4,1,0" ten="250,250,250,250" oya="0" hai0="82,123,8,76,14,16,79,28,96,132,35,65,113" hai1="13,75,56,104,25,110,63,116,106,105,40,67,59" hai2="18,22,109,128,27,107,2,32,93,33,5,81,115" hai3="52,19,51,21,6,70,49,127,83,92,118,4,26"/><T78/><D132/><U94/><E116/><V36/><F107/><W20/><G118/><T100/><D123/><U68/><E110/><V58/><F36/><W74/><G70/><T7/><D113/><U57/><E75/><V24/><F81/><W37/><G37/><T9/><D65/><U31/><E40/><V114/><F93/><W124/><G51/><T86/><D28/><U17/><E94/><V39/><F58/><N who="3" m="33039" /><G92/><T41/><D41/><U125/><E125/><N who="3" m="48202" /><G21/><T108/><D35/><N who="2" m="13386" /><F39/><W129/><G129/><T87/><D87/><U130/><E130/><V69/><F69/><W12/><G12/><T122/><D122/><U117/><E117/><V112/><F128/><W126/><N who="3" m="48210" /><W98/><DORA hai="103" /><G98/><T10/><D108/><U30/><REACH who="1" step="1"/><E25/><REACH who="1" ten="250,240,250,250" step="2"/><N who="2" m="14551" /><F109/><W119/><G119/><T43/><D43/><U60/><E60/><V80/><F80/><W89/><G89/><T62/><D62/><U48/><E48/><V54/><F54/><W66/><G66/><T42/><D42/><U15/><E15/><V3/><F2/><W53/><G53/><T95/><D78/><AGARI ba="0,1" hai="4,6,19,20,26,74,78,83" m="48210,33039" machi="78" ten="40,8000,1" yaku="18,1,52,2,54,1" doraHai="0,103" who="3" fromWho="0" sc="250,-80,240,0,250,0,250,90" /><INIT seed="1,0,0,2,1,118" ten="170,240,250,340" oya="1" hai0="7,97,125,27,26,58,71,40,111,36,16,59,119" hai1="17,128,93,11,109,94,83,84,13,0,134,45,122" hai2="113,25,91,117,22,28,50,100,23,110,9,78,70" hai3="15,24,99,103,130,18,53,10,112,54,124,32,6"/><U56/><E128/><V104/><F70/><W33/><G112/><T123/><D111/><U107/><E134/><V48/><F117/><W120/><G120/><T131/><D125/><U44/><E109/><V72/><F110/><W57/><G124/><T42/><D131/><U115/><E115/><V106/><F113/><W66/><G130/><T51/><D119/><U114/><E114/><V64/><F64/><W79/><G79/><T81/><D123/><U95/><E107/><V29/><F9/><W4/><G66/><T35/><D71/><U20/><E122/><V68/><F68/><W98/><G98/><T92/><D36/><U39/><E39/><V63/><F63/><W61/><G54/><T77/><D7/><U60/><E11/><V96/><F91/><W105/><G6/><T65/><D35/><U74/><E74/><V12/><F106/><W49/><G61/><T30/><D30/><U82/><E0/><V116/><F116/><W2/><REACH who="3" step="1"/><G24/><REACH who="3" ten="170,240,250,330" step="2"/><T87/><D27/><U47/><REACH who="1" step="1"/><E84/><REACH who="1" ten="170,230,250,330" step="2"/><V127/><F72/><W121/><G121/><T135/><D87/><U43/><E43/><V46/><F127/><W69/><G69/><T75/><D42/><U89/><E89/><V55/><F78/><W102/><G102/><T5/><D40/><U14/><E14/><V62/><F12/><W8/><AGARI ba="0,2" hai="2,4,8,10,15,18,32,33,49,53,57,99,103,105" machi="8" ten="20,5200,0" yaku="1,1,0,1,7,1,53,1" doraHai="118" doraHaiUra="101" who="3" fromWho="3" sc="170,-13,230,-26,250,-13,330,72" /><INIT seed="2,0,0,3,3,58" ten="157,204,237,402" oya="2" hai0="91,34,88,109,23,61,102,113,99,0,120,63,83" hai1="27,98,70,3,20,53,65,41,28,79,127,115,40" hai2="33,24,67,130,71,89,13,86,100,48,1,56,17" hai3="84,25,133,94,6,105,106,103,8,44,123,124,93"/><V108/><F1/><W68/><G123/><T131/><D109/><U73/><E115/><V92/><F108/><W30/><G68/><T117/><D131/><U9/><E127/><V129/><F71/><W59/><G124/><T121/><D113/><U12/><E3/><V15/><F100/><W134/><G44/><T52/><D34/><U18/><E73/><V122/><F122/><W85/><G59/><T64/><D0/><U32/><E79/><V37/><F37/><W11/><G25/><T2/><D2/><U114/><E114/><V55/><F67/><W46/><G46/><T95/><D117/><U76/><E76/><V82/><F82/><W118/><G30/><T112/><D112/><U22/><E98/><V69/><F69/><W101/><REACH who="3" step="1"/><G6/><REACH who="3" ten="157,204,237,392" step="2"/><T29/><D121/><U49/><E70/><V66/><F130/><W7/><G7/><T96/><D120/><U119/><E119/><AGARI ba="0,1" hai="8,11,84,85,93,94,101,103,105,106,118,119,133,134" machi="119" ten="25,8000,1" yaku="1,1,22,2,53,2" doraHai="58" doraHaiUra="90" who="3" fromWho="1" sc="157,0,204,-80,237,0,392,90" /><INIT seed="3,0,0,2,3,96" ten="157,124,237,482" oya="3" hai0="55,62,57,125,11,102,20,21,50,74,107,10,77" hai1="78,45,105,44,118,134,61,79,108,113,2,124,8" hai2="69,25,103,30,51,117,49,26,63,121,127,72,0" hai3="126,88,135,42,46,23,91,47,64,33,128,58,37"/><W75/><G33/><T109/><BYE who="2" /><D109/><UN n2="%6B%61%6B%6B%6F%E6%A3%A0" /><U101/><E113/><V35/><F72/><W38/><G75/><T83/><D125/><U122/><E122/><V36/><F117/><W41/><G126/><T89/><D89/><U99/><E124/><V48/><F36/><W52/><G128/><T13/><D10/><U73/><E108/><V129/><F127/><W95/><G135/><T31/><D31/><U119/><E134/><V92/><F0/><W1/><G1/><T98/><REACH who="0" step="1"/><D62/><REACH who="0" ten="147,124,237,482" step="2"/><U110/><E110/><V130/><F121/><W65/><G91/><T53/><D53/><U43/><E61/><V68/><F63/><W100/><G100/><T70/><D70/><U24/><E8/><V12/><F68/><W120/><G120/><T114/><D114/><U40/><E119/><V32/><F69/><W93/><G23/><T67/><D67/><U56/><E118/><V115/><F115/><W82/><G65/><T80/><D80/><U94/><E40/><V116/><F116/><W66/><G66/><T90/><D90/><U54/><E43/><V9/><F130/><W28/><G28/><T111/><D111/><U60/><E60/><V19/><F129/><W71/><G64/><T97/><D97/><U14/><E99/><N who="2" m="59879" /><F30/><W59/><G71/><T87/><D87/><U85/><E85/><V81/><F81/><W34/><G82/><T22/><D22/><U5/><E73/><V132/><F132/><W7/><G88/><T106/><D106/><U84/><E105/><V131/><F131/><W3/><G41/><T123/><D123/><U6/><E84/><RYUUKYOKU ba="0,1" sc="147,15,124,-15,237,15,482,-15" hai0="11,13,20,21,50,55,57,74,77,83,98,102,107" hai2="9,12,19,25,26,32,35,48,49,51" /><INIT seed="4,1,1,2,0,58" ten="162,109,252,467" oya="0" hai0="101,69,121,50,59,45,7,128,115,60,78,30,27" hai1="83,131,65,93,99,19,0,73,6,3,33,102,123" hai2="124,129,39,21,52,111,88,119,14,42,2,98,105" hai3="55,114,92,77,1,132,26,125,66,86,43,24,8"/><T4/><D115/><U112/><E123/><V134/><F42/><W70/><G114/><T133/><D133/><U95/><E112/><V41/><F41/><W76/><G132/><T110/><D128/><U44/><E131/><V61/><F52/><W32/><G125/><T5/><D121/><U104/><E33/><V97/><F61/><W49/><G43/><T74/><D69/><U40/><E19/><V18/><F88/><W100/><G1/><T62/><D110/><U9/><E65/><V84/><F84/><W116/><G116/><T36/><D36/><U54/><E54/><V89/><F89/><W107/><G107/><T64/><D101/><U16/><E16/><V15/><F18/><W34/><G8/><T135/><D135/><U25/><E0/><V13/><F21/><W75/><G75/><T11/><D11/><U20/><E25/><V79/><F15/><W126/><G100/><T82/><D62/><U22/><E22/><V47/><F134/><W108/><G70/><T57/><D57/><U106/><E20/><V117/><F129/><W28/><G66/><T63/><D63/><U120/><E106/><V72/><F105/><W122/><G122/><T87/><D74/><U35/><E35/><V103/><F111/><W127/><G108/><T51/><REACH who="0" step="1"/><D45/><REACH who="0" ten="152,109,252,467" step="2"/><U23/><E120/><V109/><F47/><N who="3" m="28095" /><G127/><T31/><D31/><U71/><E71/><V29/><F124/><W37/><G37/><T113/><D113/><U81/><E73/><V94/><F39/><W38/><G38/><T130/><D130/><U85/><E44/><V46/><F46/><RYUUKYOKU ba="1,2" sc="152,30,109,-10,252,-10,467,-10" hai0="4,5,7,27,30,50,51,59,60,64,78,82,87" /><INIT seed="4,2,2,5,3,60" ten="182,99,242,457" oya="0" hai0="81,24,14,94,126,92,39,95,106,135,96,32,23" hai1="123,11,64,5,0,84,85,71,66,21,97,132,10" hai2="61,1,107,125,118,31,90,45,104,111,53,17,122" hai3="127,65,54,89,49,15,133,77,18,102,69,48,110"/><T114/><D114/><U124/><E123/><V44/><F111/><W8/><G110/><T76/><D135/><U33/><E33/><V87/><F122/><W121/><G121/><T52/><D126/><U119/><E119/><V108/><F108/><W117/><G117/><T16/><D39/><U62/><E132/><V79/><F1/><W30/><G133/><T47/><D106/><U130/><E124/><V113/><F118/><W115/><G127/><T22/><D32/><U129/><E11/><V67/><F31/><W116/><G116/><T50/><D96/><U88/><E21/><V57/><F113/><W13/><G115/><T68/><D68/><U93/><REACH who="1" step="1"/><E64/><REACH who="1" ten="182,89,242,457" step="2"/><V2/><F67/><W100/><G65/><T12/><REACH who="0" step="1"/><D23/><REACH who="0" ten="172,89,242,457" step="2"/><U20/><E20/><V78/><F125/><W28/><G8/><T25/><D25/><U128/><AGARI ba="2,4" hai="0,5,10,62,66,71,84,85,88,93,97,128,129,130" machi="128" ten="30,8000,1" yaku="1,1,0,1,19,1,52,1,54,1,53,0" doraHai="60" doraHaiUra="103" who="1" fromWho="1" sc="172,-42,89,126,242,-22,457,-22" /><INIT seed="5,0,0,0,4,69" ten="130,215,220,435" oya="1" hai0="24,120,32,14,121,51,17,26,25,127,67,36,101" hai1="82,104,68,52,100,84,128,41,5,123,98,130,29" hai2="40,91,3,97,46,66,99,8,75,58,43,15,38" hai3="90,37,19,63,133,115,126,53,28,134,73,13,122"/><U111/><E123/><N who="0" m="47177" /><D67/><U109/><E68/><V70/><F70/><W89/><G122/><T102/><D51/><U92/><E41/><V35/><F3/><W117/><G115/><T21/><D102/><U54/><E29/><V0/><F0/><W2/><G73/><T45/><D101/><U88/><E5/><V55/><F35/><W39/><G126/><T20/><D127/><U112/><E112/><V119/><F119/><W110/><G110/><N who="1" m="41994" /><E104/><V30/><F30/><W124/><G124/><T11/><D45/><U81/><E81/><V56/><F75/><W42/><G117/><T107/><D107/><U105/><E105/><V16/><F43/><W4/><G28/><N who="0" m="19463" /><D36/><N who="3" m="13897" /><G42/><T116/><D116/><U1/><E1/><V93/><F66/><W78/><G78/><T108/><D108/><U86/><E86/><V34/><F34/><W85/><G85/><T77/><D77/><U18/><E18/><V9/><F9/><N who="3" m="6575" /><G4/><T59/><D59/><U33/><E33/><V31/><F31/><W71/><G2/><T23/><AGARI ba="0,0" hai="11,14,17,20,21,23,25,26" m="19463,47177" machi="23" ten="30,4000,0" yaku="13,1,34,2" doraHai="69" who="0" fromWho="0" sc="130,40,215,-20,220,-10,435,-10" /><INIT seed="6,0,0,0,3,131" ten="170,195,210,425" oya="2" hai0="51,6,103,23,4,70,13,11,65,98,118,43,14" hai1="45,87,132,84,89,64,88,122,127,106,112,34,15" hai2="29,133,123,134,2,50,1,108,74,78,94,104,111" hai3="128,55,91,115,96,93,36,54,92,48,32,31,22"/><V39/><F123/><W76/><G36/><T42/><D118/><U120/><E112/><V21/><F39/><W10/><G32/><T119/><D119/><U75/><E75/><V95/><F104/><W67/><G115/><T86/><D51/><U18/><E127/><V100/><F50/><W79/><G128/><T35/><D35/><U52/><E106/><V30/><F78/><W125/><G125/><T33/><D33/><U57/><E34/><V85/><F74/><W130/><G130/><T81/><D65/><U56/><E132/><N who="2" m="50795" /><F100/><N who="3" m="60431" /><G10/><T82/><D70/><U80/><E64/><V101/><F101/><W60/><G60/><T114/><D114/><U25/><E25/><V47/><F47/><BYE who="2" /><N who="3" m="27935" /><G55/><T38/><D38/><U7/><E7/><V53/><F53/><W107/><G107/><T59/><D59/><U116/><E116/><V124/><F124/><W26/><G67/><T63/><D63/><U37/><E37/><V41/><F41/><W12/><G12/><UN n2="%6B%61%6B%6B%6F%E6%A3%A0" /><T129/><D129/><U19/><E45/><V135/><N who="2" m="50803" /><V46/><DORA hai="16" /><F46/><W97/><AGARI ba="0,0" hai="22,26,31,76,79,91,92,97" m="27935,60431" machi="97" ten="30,2000,0" yaku="8,1,52,1" doraHai="131,16" who="3" fromWho="3" sc="170,-5,195,-5,210,-10,425,20" /><INIT seed="7,0,0,2,4,16" ten="165,190,200,445" oya="3" hai0="5,70,73,132,93,11,27,47,26,51,10,37,122" hai1="131,25,31,52,116,135,84,67,85,4,59,79,53" hai2="100,90,81,64,17,9,99,20,55,78,65,120,54" hai3="117,60,0,66,68,114,76,6,75,127,43,106,21"/><W119/><G21/><T14/><D122/><U87/><E131/><V15/><F120/><W101/><G114/><T86/><D132/><U13/><E135/><V124/><F124/><W95/><G95/><T108/><D108/><U72/><E116/><V104/><F90/><W28/><G28/><T33/><D73/><U109/><E109/><V112/><F112/><W8/><G43/><T134/><D134/><U63/><E72/><V12/><F64/><W107/><G127/><T125/><D125/><U2/><E2/><V128/><F65/><W61/><G61/><T103/><D70/><U19/><E4/><V102/><F100/><W121/><G121/><T89/><D37/><U97/><E97/><V77/><F77/><W110/><G110/><T98/><D33/><U44/><E44/><V40/><F40/><W3/><G3/><T111/><D11/><N who="1" m="6591" /><E79/><V50/><F50/><W130/><G130/><T39/><D39/><U42/><E42/><V91/><F91/><W118/><G101/><T32/><D32/><U36/><E36/><V69/><F69/><W71/><G71/><T38/><D38/><U57/><E57/><V56/><F56/><W46/><G46/><T115/><D115/><U22/><AGARI ba="0,0" hai="22,25,31,52,53,59,63,67,84,85,87" m="6591" machi="22" ten="30,4000,0" yaku="8,1,52,1,54,1" doraHai="16" who="1" fromWho="1" sc="165,-10,190,40,200,-10,445,-20" owari="155,-34.0,230,3.0,190,-21.0,425,52.0" /></mjloggm>