<mjloggm ver="2.3"><GO type="225" lobby="0"/><UN n0="%E3%81%A9%E3%82%8F%E3%82%93%E3%81%94" n1="%E3%81%A4%E3%81%AE%E3%81%A0%E2%98%86%E3%81%B2%E3%82%8D" n2="%E9%B3%B3%E6%9D%B1%E3%81%AE%E3%81%86%E3%81%95%E3%81%8E%E3%81%95%E3%82%93" n3="%61%6E%64%79%6D%6F%72%69" dan="17,17,17,16" rate="2214.51,2255.38,2275.04,2100.67" sx="M,F,M,M"/><TAIKYOKU oya="0"/><INIT seed="0,0,0,3,2,12" ten="250,250,250,250" oya="0" hai0="109,129,82,54,120,40,67,11,32,78,61,48,127" hai1="2,93,9,59,80,63,1,18,96,69,95,29,30" hai2="13,0,14,27,34,85,84,50,119,47,33,112,94" hai3="28,35,102,4,106,125,86,114,72,103,75,26,20"/><T15/><D120/><U43/><E69/><V49/><F112/><W123/><G114/><T124/><D32/><U117/><E117/><V88/><F0/><W74/><G125/><T21/><D129/><U130/><E43/><V45/><F119/><W90/><G123/><T116/><D40/><U53/><E130/><V8/><F27/><W99/><G4/><T65/><D116/><U97/><E80/><V42/><F84/><W23/><REACH who="3" step="1"/><G103/><REACH who="3" ten="250,250,250,240" step="2"/><T131/><D131/><U91/><E1/><V6/><REACH who="2" step="1"/><F13/><REACH who="2" ten="250,250,240,240" step="2"/><W113/><G113/><T64/><D127/><U104/><E2/><V118/><F118/><W10/><G10/><T76/><D124/><U58/><E9/><V52/><AGARI ba="0,2" hai="6,8,14,33,34,42,45,47,49,50,52,85,88,94" machi="52" ten="20,8000,1" yaku="1,1,0,1,7,1,54,2,53,0" doraHai="12" doraHaiUra="71" who="2" fromWho="2" sc="250,-40,250,-20,240,100,240,-20" /><INIT seed="1,0,0,0,2,105" ten="210,230,340,220" oya="1" hai0="124,22,37,64,5,47,35,120,0,30,76,123,58" hai1="87,129,132,38,16,92,69,116,118,108,66,107,33" hai2="111,59,104,96,67,13,24,101,98,29,125,36,10" hai3="85,82,88,42,100,21,20,131,115,113,65,135,102"/><U84/><E33/><V103/><F36/><W78/><G131/><T75/><D124/><U31/><E31/><V14/><F125/><W126/><G126/><T77/><D22/><U81/><E38/><V18/><F111/><W71/><G135/><T68/><D58/><U56/><E107/><V74/><F74/><W6/><G6/><T51/><D51/><U109/><E69/><V11/><F67/><W28/><G42/><N who="0" m="22991" /><D64/><U73/><E129/><V55/><F98/><W7/><G7/><T72/><D68/><U25/><E132/><V57/><F101/><W50/><G50/><T61/><D61/><U119/><E56/><V27/><F29/><W4/><G4/><T97/><D97/><U130/><E66/><V93/><F104/><W133/><G21/><T106/><D106/><U2/><E2/><V60/><REACH who="2" step="1"/><F57/><REACH who="2" ten="210,230,330,220" step="2"/><W45/><G100/><T86/><D30/><U43/><E130/><V80/><F80/><W62/><G102/><T54/><D86/><U46/><E73/><N who="0" m="28233" /><D35/><U89/><E81/><V94/><F94/><W90/><G133/><T128/><D128/><U99/><E99/><V12/><F12/><W23/><G115/><T41/><D41/><U114/><E114/><V127/><F127/><W39/><G113/><T91/><D54/><U121/><E87/><V110/><F110/><W8/><G28/><T95/><D0/><U3/><E3/><V1/><F1/><W17/><G65/><T48/><D95/><U122/><E108/><V19/><AGARI ba="0,1" hai="10,11,13,14,18,19,24,27,55,59,60,93,96,103" machi="19" ten="20,12000,2" yaku="1,1,0,1,7,1,9,1,8,1,53,1" doraHai="105" doraHaiUra="49" who="2" fromWho="2" sc="210,-30,230,-60,330,130,220,-30" /><INIT seed="2,0,0,2,4,87" ten="180,170,460,190" oya="2" hai0="73,105,38,51,121,131,29,101,15,117,91,26,112" hai1="27,12,4,7,30,93,130,69,111,19,46,20,13" hai2="95,79,75,129,132,109,135,16,31,5,89,63,3" hai3="36,68,59,53,10,120,119,61,84,98,134,6,124"/><V0/><F129/><W65/><G119/><T25/><D131/><U1/><E69/><V118/><F118/><W122/><G134/><N who="2" m="51241" /><F31/><W71/><G124/><T104/><D38/><U83/><E130/><V88/><F109/><W103/><G36/><T40/><D73/><U72/><E111/><V60/><F79/><W11/><G11/><T82/><D117/><U43/><E13/><V39/><F75/><W102/><G102/><T34/><D101/><U81/><E7/><V94/><F39/><W108/><G71/><T67/><D29/><U2/><E2/><V33/><F33/><W80/><G65/><T52/><D34/><U8/><E93/><N who="2" m="35339" /><F16/><W77/><G68/><T45/><D121/><U114/><E72/><V74/><F74/><W17/><G17/><T42/><D15/><U49/><REACH who="1" step="1"/><E114/><REACH who="1" ten="180,160,460,190" step="2"/><V22/><F0/><W23/><G108/><T32/><D112/><U47/><E47/><V76/><F5/><W66/><G122/><T55/><D105/><U48/><E48/><V99/><F3/><W100/><G120/><T56/><D104/><U9/><AGARI ba="0,1" hai="1,4,8,9,12,19,20,27,30,43,46,49,81,83" machi="9" ten="20,2700,0" yaku="1,1,0,1,7,1,53,0" doraHai="87" doraHaiUra="126" who="1" fromWho="1" sc="180,-7,160,37,460,-13,190,-7" /><INIT seed="3,0,0,2,1,1" ten="173,197,447,183" oya="3" hai0="47,4,20,133,50,103,63,102,26,110,84,48,58" hai1="86,91,74,134,108,44,124,59,7,23,79,129,95" hai2="8,57,3,122,21,71,107,56,93,13,100,104,31" hai3="66,82,125,2,68,121,17,38,45,72,11,67,127"/><W87/><G121/><T36/><D110/><U113/><E113/><V77/><F71/><W128/><G128/><T43/><D133/><U83/><E124/><N who="3" m="47690" /><G72/><T22/><D36/><U9/><E108/><V94/><F3/><W76/><G68/><T101/><D4/><U118/><E118/><V52/><F77/><W130/><G130/><T75/><D75/><U14/><E134/><V25/><F122/><W34/><G34/><T61/><D84/><U46/><E129/><V114/><F56/><W98/><G98/><T119/><D119/><U116/><E116/><V39/><F39/><W53/><G53/><N who="0" m="32055" /><D20/><U126/><E126/><V90/><F114/><W111/><G111/><T55/><D55/><U40/><E40/><V30/><F30/><AGARI ba="0,0" hai="22,26,30,43,47,48,61,63,101,102,103" m="32055" machi="30" ten="30,1000,0" yaku="8,1" doraHai="1" who="0" fromWho="2" sc="173,10,197,0,447,-10,183,0" owari="183,-22.0,197,0.0,437,54.0,183,-32.0" /></mjloggm>