<mjloggm ver="2.3"><GO type="185" lobby="0"/><UN n0="%E4%B8%83%E7%80%AC%E6%82%A0%E6%9C%88" n1="%E5%8C%97%E5%B0%8F%E8%B7%AF%3A%E9%9A%86%E5%A4%AA" n2="%E9%B4%A8%E6%90%8D" n3="" dan="17,16,16,0" rate="2266.62,2215.43,2154.04,1500.00" sx="F,M,M,C"/><TAIKYOKU oya="0"/><INIT seed="0,0,0,5,0,67" ten="350,350,350,0" oya="0" hai0="107,59,118,45,90,102,38,133,61,103,49,3,126" hai1="83,2,130,69,114,93,37,129,85,132,121,112,55" hai2="108,105,115,99,117,111,97,58,43,77,79,119,42" hai3=""/><T65/><D118/><N who="2" m="45066" /><F58/><T120/><N who="0" m="30752" /><T110/><D3/><U1/><N who="1" m="31008" /><U39/><E93/><V36/><F36/><N who="1" m="13897" /><E69/><V113/><F105/><T70/><D126/><U54/><E132/><V94/><F42/><T82/><D133/><U68/><E68/><V134/><F43/><T53/><D107/><U34/><E34/><V95/><F134/><T44/><D110/><N who="2" m="42026" /><F94/><T89/><D38/><U96/><E96/><N who="2" m="36939" /><F95/><T78/><D44/><U125/><E125/><V122/><N who="2" m="31264" /><V56/><F56/><T32/><D45/><U63/><E63/><V81/><F81/><T50/><D50/><U88/><E1/><V98/><N who="2" m="36947" /><V62/><DORA hai="47" /><F62/><T84/><REACH who="0" step="1"/><D32/><REACH who="0" ten="340,350,350,0" step="2"/><U127/><E127/><V123/><N who="2" m="31520" /><V66/><F113/><N who="1" m="43625" /><E2/><V41/><F115/><T40/><D40/><U71/><E71/><V116/><F41/><T135/><D135/><U64/><E64/><V73/><F116/><T80/><D80/><U72/><E54/><V35/><F66/><T101/><AGARI ba="0,1" hai="49,53,59,61,65,70,78,82,84,89,90,101,102,103" m="30752" machi="101" ten="30,16000,3" yaku="1,1,0,1,52,3,53,3" doraHai="67,47" doraHaiUra="57,87" who="0" fromWho="0" sc="340,170,350,-80,350,-80,0,0" /><INIT seed="0,1,0,4,4,110" ten="510,270,270,0" oya="0" hai0="124,74,41,55,2,89,98,47,106,118,120,78,88" hai1="132,46,90,104,129,128,72,133,1,66,61,52,130" hai2="112,54,79,107,114,42,3,84,95,40,67,92,35" hai3=""/><T125/><N who="0" m="30752" /><T59/><D118/><U53/><E1/><V57/><F3/><T97/><D2/><U37/><E104/><V116/><F107/><T109/><D109/><U99/><E72/><V49/><F35/><T71/><D71/><U82/><E82/><V39/><F116/><T86/><D78/><U32/><E99/><V45/><F40/><T102/><D74/><U63/><E90/><V33/><F33/><T43/><D98/><U85/><E85/><V56/><F95/><T103/><D103/><U96/><E96/><V105/><BYE who="1" /><F105/><T127/><D47/><U126/><E126/><V58/><F67/><T51/><REACH who="0" step="1"/><D89/><REACH who="0" ten="500,270,270,0" step="2"/><U121/><E121/><V83/><REACH who="2" step="1"/><F92/><AGARI ba="1,1" hai="41,43,51,55,59,86,88,92,97,102,106,124,125,127" m="30752" machi="92" ten="40,18000,2" yaku="1,1,2,1,18,1,52,1,54,1,53,1" doraHai="110" doraHaiUra="94" who="0" fromWho="2" sc="500,192,270,0,270,-182,0,0" /><INIT seed="0,2,0,4,0,121" ten="692,270,88,0" oya="0" hai0="51,63,123,53,39,59,102,62,42,134,34,110,95" hai1="106,80,125,89,97,46,70,85,65,122,131,133,50" hai2="3,117,72,56,49,84,37,113,41,40,86,2,55" hai3=""/><T76/><N who="0" m="31520" /><T73/><D34/><U54/><E54/><V118/><F113/><T43/><D134/><U104/><E104/><V71/><F71/><T64/><D76/><U82/><E82/><V33/><F33/><T67/><D73/><U111/><E111/><V38/><F72/><T0/><D0/><U130/><E130/><V52/><F56/><T83/><D83/><U128/><E128/><V74/><F74/><T58/><D110/><U68/><E68/><V124/><REACH who="2" step="1"/><F49/><REACH who="2" ten="692,270,78,0" step="2"/><T107/><D39/><U36/><E36/><V92/><F92/><T90/><D107/><U32/><E32/><V75/><F75/><T127/><D127/><AGARI ba="2,1" hai="2,3,37,38,40,41,52,55,84,86,117,118,124,127" machi="127" ten="25,6400,0" yaku="1,1,22,2,54,1,53,0" doraHai="121" doraHaiUra="47" who="2" fromWho="0" sc="692,-68,270,0,78,78,0,0" /><INIT seed="1,0,0,4,3,90" ten="624,270,156,0" oya="1" hai0="125,129,118,68,78,43,110,74,84,104,60,2,35" hai1="127,93,133,70,99,106,63,121,100,50,134,103,87" hai2="38,66,32,77,88,48,56,64,47,41,52,67,53" hai3=""/><U98/><E98/><V46/><F32/><T131/><RYUUKYOKU type="yao9" ba="0,0" sc="624,0,270,0,156,0,0,0" hai0="2,35,43,60,68,74,78,84,104,110,118,125,129,131" /><INIT seed="1,1,0,2,0,107" ten="624,270,156,0" oya="1" hai0="71,104,113,34,102,95,105,46,94,130,61,51,124" hai1="48,0,118,133,67,135,91,68,86,36,126,50,131" hai2="116,60,109,82,88,112,106,79,69,81,70,97,44" hai3=""/><U132/><E132/><V59/><F109/><T93/><D113/><U38/><E38/><V54/><F116/><T87/><D34/><UN n1="%E5%8C%97%E5%B0%8F%E8%B7%AF%3A%E9%9A%86%E5%A4%AA" /><U62/><E118/><V77/><F112/><T111/><D111/><U74/><E0/><V56/><F44/><T42/><D124/><U2/><E2/><V114/><F114/><T84/><D130/><U55/><E74/><V41/><F41/><T122/><N who="0" m="31264" /><T58/><D71/><U40/><E36/><V45/><F45/><T3/><D3/><U80/><E126/><V108/><F108/><T129/><D129/><U64/><E131/><V120/><N who="2" m="30752" /><V100/><F59/><T125/><D125/><U78/><E68/><V92/><F81/><T33/><D33/><U98/><E98/><V127/><BYE who="1" /><F127/><T117/><D117/><U73/><E73/><V63/><F63/><T89/><D105/><U75/><E75/><V65/><F65/><T110/><D104/><U90/><E90/><V128/><F128/><T123/><D110/><U35/><E35/><V37/><F37/><T32/><D32/><U96/><E96/><V52/><F54/><T49/><D49/><U53/><E53/><V121/><N who="2" m="31008" /><V119/><F119/><T101/><N who="0" m="31520" /><T1/><D1/><RYUUKYOKU ba="1,0" sc="624,0,270,0,156,0,0,0" /><INIT seed="2,2,0,4,1,76" ten="624,270,156,0" oya="2" hai0="119,68,75,116,77,121,111,64,78,87,101,63,69" hai1="130,108,49,42,48,135,34,122,97,88,84,113,132" hai2="127,93,36,50,53,120,96,107,124,81,123,95,60" hai3=""/><V118/><N who="2" m="30752" /><V54/><N who="2" m="31520" /><V90/><F118/><T59/><N who="0" m="31008" /><T133/><D75/><U66/><E66/><V86/><F36/><T125/><D111/><U65/><E65/><V131/><F131/><T35/><D35/><U104/><E104/><V43/><F43/><T61/><D125/><N who="2" m="48202" /><F60/><T52/><D133/><U100/><E100/><V51/><F51/><T82/><D69/><U3/><E3/><V129/><F129/><T105/><D78/><U117/><E117/><V102/><F53/><T103/><D103/><U92/><E92/><V79/><F79/><T46/><D46/><AGARI ba="2,0" hai="46,50,54,81,86,90,93,95,96,102,107" m="48202,31520,30752" machi="46" ten="30,11600,0" yaku="18,1,52,3" doraHai="76" who="2" fromWho="0" sc="624,-120,270,0,156,120,0,0" /><INIT seed="2,3,0,3,0,69" ten="504,270,276,0" oya="2" hai0="34,111,64,66,51,37,40,123,65,35,32,108,125" hai1="55,130,33,54,81,0,84,105,131,49,133,3,134" hai2="48,128,59,102,77,103,100,82,115,44,101,112,127" hai3=""/><V47/><F127/><UN n1="%E5%8C%97%E5%B0%8F%E8%B7%AF%3A%E9%9A%86%E5%A4%AA" /><T79/><N who="0" m="31520" /><T135/><D125/><U72/><E33/><V2/><F128/><N who="1" m="49193" /><E105/><V70/><F2/><N who="1" m="553" /><E72/><V52/><F70/><T38/><D135/><N who="1" m="51723" /><E49/><V120/><N who="2" m="30752" /><V71/><F71/><T46/><REACH who="0" step="1"/><D79/><REACH who="0" ten="494,270,276,0" step="2"/><U86/><E86/><V117/><BYE who="1" /><F117/><T109/><AGARI ba="3,1" hai="32,34,35,37,38,40,46,51,64,65,66,108,109,111" m="31520" machi="109" ten="50,18000,4" yaku="1,1,2,1,0,1,29,2,14,1,52,3,53,3" doraHai="69" doraHaiUra="122" who="0" fromWho="0" sc="494,196,270,-63,276,-123,0,0" /><INIT seed="4,0,0,1,4,87" ten="690,207,153,0" oya="0" hai0="98,55,117,52,2,64,92,101,43,73,99,88,45" hai1="109,112,132,90,77,38,125,97,59,130,108,36,42" hai2="60,76,128,110,41,100,35,120,53,104,61,135,86" hai3=""/><T115/><D117/><U1/><E1/><V102/><N who="2" m="30752" /><V95/><F35/><T37/><D2/><U39/><E39/><V34/><F34/><T81/><D115/><U32/><E32/><V133/><F110/><T96/><D64/><U116/><E116/><V93/><F104/><T69/><D69/><U123/><E123/><V89/><F41/><T67/><D67/><U84/><E84/><V57/><F128/><T74/><D99/><U106/><E106/><V49/><F76/><T51/><D81/><U48/><E48/><V47/><F61/><T40/><D40/><U127/><E127/><V113/><F113/><T70/><D70/><U50/><E50/><V72/><F72/><T82/><D55/><U75/><E75/><V78/><F78/><T71/><D71/><U126/><E126/><V85/><F102/><T65/><D65/><U118/><E118/><V54/><F100/><T66/><D66/><U83/><E83/><V114/><F114/><T91/><D91/><AGARI ba="0,0" hai="47,49,53,54,57,60,85,86,89,91,93,95,133,135" m="30752" machi="91" ten="40,8000,1" yaku="9,1,52,3" doraHai="87" who="2" fromWho="0" sc="690,-80,207,0,153,80,0,0" /><INIT seed="5,0,0,5,0,81" ten="610,207,233,0" oya="1" hai0="46,114,110,72,75,122,62,101,38,131,58,99,129" hai1="104,67,88,49,123,116,100,87,115,113,41,44,97" hai2="69,119,77,50,109,57,126,103,3,82,66,105,124" hai3=""/><U78/><E78/><V34/><F3/><T120/><N who="0" m="30752" /><T84/><N who="0" m="31264" /><T53/><D110/><U89/><E89/><V106/><F34/><T130/><D114/><U45/><E45/><V135/><F109/><T56/><D84/><U71/><E71/><V118/><F69/><T1/><D1/><U108/><E108/><V117/><F135/><T59/><D38/><U43/><E43/><V112/><F112/><T83/><D83/><U92/><E92/><V94/><F50/><T125/><D125/><N who="2" m="48234" /><F57/><N who="0" m="22122" /><D46/><UN n1="%E5%8C%97%E5%B0%8F%E8%B7%AF%3A%E9%9A%86%E5%A4%AA" /><U48/><N who="1" m="31520" /><U65/><E116/><V61/><F61/><T47/><D47/><U70/><E48/><V96/><F66/><T64/><D64/><U79/><E65/><V40/><F40/><T134/><D134/><U121/><N who="1" m="31008" /><U37/><E37/><V54/><F54/><T42/><D42/><U85/><E67/><V2/><F2/><T51/><D51/><U86/><E70/><V93/><F106/><AGARI ba="0,0" hai="53,59,62,72,75,99,101,106,129,130,131" m="22122,31264,30752" machi="106" ten="30,3900,0" yaku="19,1,52,2" doraHai="81" who="0" fromWho="2" sc="610,39,207,0,233,-39,0,0" /><INIT seed="6,0,0,0,5,133" ten="649,207,194,0" oya="2" hai0="58,100,110,102,78,52,118,93,80,81,132,92,65" hai1="38,73,120,34,40,70,69,85,122,134,44,135,104" hai2="88,67,119,46,126,63,32,0,115,107,128,68,64" hai3=""/><V74/><RYUUKYOKU type="yao9" ba="0,0" sc="649,0,207,0,194,0,0,0" hai2="0,32,46,63,64,67,68,74,88,107,115,119,126,128" /><INIT seed="6,1,0,3,4,66" ten="649,207,194,0" oya="2" hai0="72,126,48,34,88,3,123,101,133,49,33,56,51" hai1="121,90,70,76,115,74,119,107,64,39,125,85,52" hai2="69,135,71,82,62,93,40,92,104,1,100,127,131" hai3=""/><V44/><F1/><T103/><N who="0" m="31520" /><T84/><D72/><U0/><E39/><V78/><F127/><T75/><D75/><U38/><E38/><V91/><F135/><T80/><D3/><U68/><E107/><V113/><F131/><T111/><D111/><U37/><E37/><V32/><F113/><T117/><D117/><U97/><E68/><V98/><F32/><T59/><D126/><U130/><E70/><V63/><F93/><T129/><D129/><U122/><E74/><V46/><F62/><T112/><D112/><U53/><E0/><V118/><F118/><T36/><D36/><U89/><E115/><V134/><F134/><T114/><D114/><U35/><E119/><V45/><F63/><T109/><D109/><U81/><E35/><V96/><REACH who="2" step="1"/><F40/><REACH who="2" ten="649,207,184,0" step="2"/><T132/><D132/><U2/><N who="1" m="31008" /><U60/><E125/><V54/><F54/><T106/><D133/><U55/><E2/><V77/><F77/><T86/><D33/><U57/><E130/><V65/><F65/><T95/><D34/><U110/><E110/><V102/><F102/><N who="0" m="38922" /><D106/><U94/><E122/><V41/><F41/><T99/><D99/><U105/><E105/><V50/><F50/><T43/><D43/><U67/><E67/><RYUUKYOKU ba="1,1" sc="649,0,207,0,184,0,0,0" hai0="48,49,51,56,59,80,84,86,88,95" hai1="52,53,55,57,60,64,76,81,85,89,90,94,97" hai2="44,45,46,69,71,78,82,91,92,96,98,100,104" /><INIT seed="6,2,1,3,5,37" ten="649,207,184,0" oya="2" hai0="58,98,74,81,127,96,44,71,63,34,72,104,35" hai1="33,78,92,42,90,48,109,3,101,61,75,117,102" hai2="60,69,53,32,49,119,0,124,100,41,128,129,131" hai3=""/><V52/><F0/><T68/><D127/><U82/><E3/><V106/><F32/><T115/><D115/><U39/><E33/><V88/><F124/><T66/><D71/><U89/><E39/><V86/><F119/><T51/><D68/><U70/><E117/><V59/><F100/><T76/><D74/><U80/><E109/><V85/><F106/><T55/><D98/><U77/><E42/><V113/><F113/><T46/><D46/><U94/><E48/><V105/><F105/><T65/><D65/><U93/><E61/><V84/><F41/><T64/><D64/><U47/><E47/><V121/><N who="2" m="31008" /><V125/><F125/><T62/><D62/><U54/><E54/><V122/><N who="2" m="31264" /><V79/><F79/><T110/><D110/><U114/><E70/><V73/><F73/><T57/><D35/><U38/><E114/><V111/><F111/><T50/><D34/><U107/><E107/><V36/><F36/><T43/><D104/><U120/><N who="1" m="30752" /><U67/><E38/><V40/><F40/><T118/><D76/><U126/><E126/><V91/><F69/><T133/><D72/><U1/><E1/><V45/><AGARI ba="2,1" hai="45,49,52,53,59,60,84,85,86,88,91,128,129,131" m="31264,31008" machi="45" ten="40,12000,2" yaku="0,1,19,1,52,2,54,2" doraHai="37" who="2" fromWho="2" sc="649,-62,207,-62,184,134,0,0" /><INIT seed="6,3,0,2,1,114" ten="587,145,318,0" oya="2" hai0="68,80,75,103,42,131,49,40,124,65,110,76,35" hai1="1,95,96,99,56,109,55,58,87,34,120,101,119" hai2="91,79,70,134,102,44,121,57,48,71,37,97,64" hai3=""/><V105/><N who="2" m="31008" /><V67/><F134/><T85/><D110/><U2/><N who="1" m="30752" /><U38/><E34/><V88/><F79/><T89/><D35/><U115/><E38/><V36/><F57/><T51/><D124/><U74/><E109/><V84/><F91/><T107/><D131/><U116/><E115/><V47/><F36/><T39/><D65/><U0/><E74/><V100/><F100/><T61/><D61/><U108/><E108/><V3/><F3/><T82/><D68/><U128/><E128/><V94/><F70/><T126/><D126/><U132/><E132/><V125/><F125/><T69/><D69/><U59/><E55/><V46/><F71/><T81/><D81/><U86/><REACH who="1" step="1"/><E99/><REACH who="1" ten="587,135,318,0" step="2"/><V63/><F37/><T73/><D73/><U130/><E130/><V45/><REACH who="2" step="1"/><F63/><REACH who="2" ten="587,135,308,0" step="2"/><T33/><D39/><U98/><E98/><V122/><N who="2" m="31264" /><V118/><F118/><AGARI ba="3,2" hai="0,1,2,56,58,59,86,87,95,96,101,116,118,119" m="30752" machi="118" ten="50,16000,3" yaku="1,1,12,1,52,4,53,3" doraHai="114" doraHaiUra="54" who="1" fromWho="2" sc="587,0,135,186,308,-166,0,0" owari="587,54.0,321,-8.0,142,-46.0,0,0.0" /></mjloggm>