<mjloggm ver="2.3"><GO type="169" lobby="0"/><UN n0="%41%47%72%64%6E" n1="%E5%B8%B0%E3%82%8A%E3%81%9F%E3%81%84%E3%80%82" n2="%64%61%6E%6E%63%68%69" n3="%4B%75%72%6F%73%75%6B%65" dan="16,17,17,16" rate="2138.17,2162.23,2187.86,2068.73" sx="M,M,M,M"/><TAIKYOKU oya="0"/><INIT seed="0,0,0,5,2,1" ten="250,250,250,250" oya="0" hai0="28,99,127,38,77,93,111,94,85,102,75,9,24" hai1="129,34,98,35,73,15,124,7,113,78,47,19,84" hai2="30,21,18,112,119,56,2,14,70,101,114,52,16" hai3="132,105,57,106,104,59,88,65,50,46,86,91,0"/><T49/><D38/><U83/><E129/><V22/><F70/><W44/><G132/><T58/><D127/><U36/><E124/><V116/><F101/><W100/><G100/><T25/><D75/><U53/><E113/><V62/><F2/><W135/><G135/><T103/><D111/><U109/><E109/><V51/><F30/><W130/><G130/><T89/><D77/><U117/><E117/><N who="2" m="45131" /><F51/><W133/><G133/><T66/><D103/><U17/><E98/><V67/><F67/><W95/><G0/><T81/><D81/><U72/><E35/><V121/><F121/><W55/><REACH who="3" step="1"/><G91/><REACH who="3" ten="250,250,250,240" step="2"/><T31/><D102/><U5/><E73/><V107/><F107/><W131/><G131/><T32/><D89/><U20/><E72/><V42/><F42/><W54/><G54/><T23/><D66/><U63/><E53/><V110/><F110/><W64/><G64/><T87/><D32/><U90/><E34/><V6/><F114/><W79/><G79/><T76/><D76/><U71/><E90/><V27/><F112/><W45/><G45/><T13/><D31/><U115/><E47/><V126/><F126/><W33/><G33/><T122/><D122/><U39/><E115/><V41/><F41/><W74/><G74/><T118/><D28/><U60/><E78/><V4/><AGARI ba="0,1" hai="4,6,14,16,18,21,22,27,52,56,62" m="45131" machi="4" ten="30,8000,1" yaku="12,1,52,2,54,2" doraHai="1" who="2" fromWho="2" sc="250,-40,250,-20,250,90,240,-20" /><INIT seed="1,0,0,3,2,40" ten="210,230,340,220" oya="1" hai0="17,24,57,126,100,67,0,66,27,50,20,114,41" hai1="13,51,16,48,6,52,101,72,122,53,97,46,12" hai2="116,1,62,69,21,77,124,58,127,102,130,79,74" hai3="2,22,32,61,110,71,105,63,44,19,59,93,89"/><U65/><E72/><V108/><F1/><W4/><G110/><T92/><D0/><U118/><E118/><V68/><F116/><W113/><G105/><T56/><D126/><N who="2" m="48170" /><F108/><W11/><G113/><T117/><D114/><U90/><E122/><V70/><F102/><W121/><G121/><T115/><D115/><U34/><E34/><V75/><F130/><W86/><G32/><T94/><D117/><U43/><E65/><N who="2" m="39127" /><F21/><W83/><G71/><T78/><D78/><AGARI ba="0,0" hai="68,69,70,74,75,77,78,79" m="39127,48170" machi="78" ten="40,1300,0" yaku="18,1" doraHai="40" who="2" fromWho="0" sc="210,-13,230,0,340,13,220,0" /><INIT seed="2,0,0,2,4,36" ten="197,230,353,220" oya="2" hai0="90,93,4,99,62,38,67,50,91,25,11,79,82" hai1="116,133,132,85,55,83,113,47,6,0,3,120,59" hai2="115,110,37,39,51,42,109,78,114,100,94,57,27" hai3="13,9,30,71,125,75,26,31,86,60,112,131,16"/><V54/><F78/><W44/><G75/><T105/><D38/><U74/><E74/><V108/><F100/><W19/><G125/><T119/><D105/><U33/><E33/><V87/><F27/><W17/><G131/><T123/><D123/><U129/><E113/><N who="2" m="43019" /><F94/><W88/><G112/><T122/><D119/><U121/><E116/><V126/><F87/><W14/><G26/><T72/><D122/><N who="1" m="47211" /><E129/><V101/><F101/><W70/><G44/><T53/><D25/><U135/><E47/><N who="2" m="26103" /><F126/><W130/><G130/><T56/><D93/><U65/><E6/><V49/><AGARI ba="0,0" hai="37,39,49,54,57,108,109,110" m="26103,43019" machi="49" ten="40,12000,1" yaku="14,1,10,1,34,2,52,1" doraHai="36" who="2" fromWho="2" sc="197,-40,230,-40,353,120,220,-40" /><INIT seed="2,1,0,4,1,58" ten="157,190,473,180" oya="2" hai0="25,108,73,96,1,106,77,129,3,133,123,65,60" hai1="101,86,21,110,49,79,30,89,29,99,102,38,57" hai2="76,67,20,66,95,7,118,2,44,87,10,50,39" hai3="42,36,75,92,19,132,72,120,41,53,47,131,117"/><V64/><F118/><W24/><G117/><T18/><D123/><U33/><E38/><V15/><F39/><W28/><G120/><T113/><D113/><U127/><E33/><V0/><F20/><W88/><G131/><T98/><D98/><U5/><E5/><V70/><F70/><W63/><G132/><T71/><D133/><U125/><E79/><V124/><F124/><N who="1" m="47689" /><E21/><V130/><F130/><W16/><G42/><T112/><D112/><U83/><E110/><V31/><F31/><N who="1" m="11785" /><E99/><V22/><F22/><W69/><G72/><T26/><D129/><U85/><E85/><V37/><F37/><W11/><G75/><T8/><D108/><U68/><E68/><V4/><F4/><W114/><G11/><T61/><D18/><U54/><AGARI ba="1,0" hai="49,54,57,83,86,89,101,102" m="11785,47689" machi="54" ten="30,1100,0" yaku="18,1" doraHai="58" who="1" fromWho="1" sc="157,-4,190,14,473,-6,180,-4" /><INIT seed="3,0,0,5,4,89" ten="153,204,467,176" oya="3" hai0="33,4,114,85,74,11,98,83,107,44,9,0,53" hai1="109,26,17,121,38,55,50,133,27,126,87,80,31" hai2="120,54,19,46,122,18,108,16,97,84,66,113,69" hai3="57,47,70,2,124,129,118,134,76,32,68,75,43"/><W12/><G12/><T39/><D33/><U64/><E121/><N who="2" m="46699" /><F113/><W23/><G23/><T73/><D114/><U61/><E38/><V63/><F108/><W40/><G32/><T88/><D11/><U60/><E126/><V110/><F110/><W24/><G24/><T81/><D81/><U49/><E133/><V29/><F29/><W36/><G2/><T42/><REACH who="0" step="1"/><D53/><REACH who="0" ten="143,204,467,176" step="2"/><U105/><E55/><V52/><F54/><W102/><G134/><T117/><D117/><U8/><E8/><V67/><F52/><W20/><G20/><T59/><D59/><U21/><E80/><V125/><F125/><W135/><G57/><T15/><D15/><U86/><E21/><V77/><F46/><W13/><G13/><T58/><D58/><U5/><E27/><V72/><F67/><W28/><G47/><T3/><D3/><U112/><E26/><V1/><F1/><W71/><G135/><T90/><D90/><U104/><E64/><V119/><F119/><W131/><G124/><T115/><D115/><U94/><E112/><V56/><F56/><W99/><G71/><T116/><D116/><U100/><E109/><V82/><F69/><W6/><G118/><T106/><D106/><U93/><E105/><V7/><F66/><W45/><G70/><T127/><D127/><U41/><E104/><V25/><F25/><W101/><G68/><T22/><D22/><U123/><E123/><V96/><F63/><W103/><G45/><T34/><D34/><U111/><E61/><V92/><F82/><W35/><G35/><T65/><D65/><U51/><E111/><RYUUKYOKU ba="0,1" sc="143,30,204,-10,467,-10,176,-10" hai0="0,4,9,39,42,44,73,74,83,85,88,98,107" /><INIT seed="4,1,1,1,1,5" ten="173,194,457,166" oya="0" hai0="66,7,58,91,120,82,90,77,45,61,60,51,56" hai1="17,40,104,99,65,3,59,63,97,111,128,8,37" hai2="52,27,121,105,130,116,68,71,73,115,85,36,72" hai3="123,84,48,87,29,11,79,101,118,15,109,18,95"/><T31/><D120/><U107/><E111/><V62/><F105/><W12/><G109/><T1/><D31/><U64/><E128/><V2/><F121/><W102/><G118/><T35/><D35/><U103/><E40/><V41/><F2/><W76/><G123/><T88/><D1/><U30/><E37/><V46/><F116/><W19/><G48/><T80/><D7/><U6/><E30/><V25/><F130/><W23/><G29/><T108/><D77/><U100/><REACH who="1" step="1"/><E17/><REACH who="1" ten="173,184,457,166" step="2"/><V34/><F41/><W49/><G49/><T38/><D38/><U75/><E75/><V133/><F72/><W33/><G33/><T57/><D108/><U122/><E122/><V67/><F73/><W132/><G132/><T126/><D126/><U92/><E92/><V112/><F133/><W106/><G106/><T78/><D78/><N who="3" m="29737" /><G95/><T16/><D16/><U13/><E13/><V70/><F34/><W81/><G81/><N who="0" m="31339" /><D66/><AGARI ba="1,2" hai="3,6,8,59,63,64,65,66,97,99,100,103,104,107" machi="66" ten="30,7700,0" yaku="1,1,7,1,9,1,52,1,53,0" doraHai="5" doraHaiUra="114" who="1" fromWho="0" sc="173,-80,184,100,457,0,166,0" /><INIT seed="5,0,0,4,4,96" ten="93,284,457,166" oya="1" hai0="50,18,72,64,119,89,56,45,124,41,51,0,74" hai1="95,110,93,123,48,113,101,135,131,16,128,111,24" hai2="42,7,46,20,10,65,81,126,75,13,90,28,54" hai3="71,120,83,5,76,57,63,36,11,26,49,25,87"/><U99/><E123/><V125/><F65/><W21/><G36/><T44/><D0/><U35/><E113/><V78/><F54/><W114/><G114/><T70/><D119/><U121/><E121/><V58/><F58/><W91/><G120/><T98/><D124/><U1/><E1/><V82/><F82/><W39/><G39/><T60/><D18/><U30/><E135/><V73/><F90/><W34/><G34/><T129/><D129/><N who="1" m="49739" /><E48/><V102/><F75/><W31/><G71/><T108/><D108/><N who="1" m="41515" /><E16/><V122/><F122/><W68/><G49/><T27/><D27/><U43/><E43/><V85/><F73/><W32/><G26/><T53/><D70/><U105/><AGARI ba="0,0" hai="24,30,35,93,95,99,101,105" m="41515,49739" machi="105" ten="30,6000,0" yaku="19,1,10,1,52,1" doraHai="96" who="1" fromWho="1" sc="93,-20,284,60,457,-20,166,-20" /><INIT seed="5,1,0,0,5,49" ten="73,344,437,146" oya="1" hai0="39,30,122,64,106,40,51,32,125,77,86,115,6" hai1="38,7,89,52,81,2,75,134,0,133,33,4,13" hai2="107,29,3,20,98,42,105,117,103,84,78,87,1" hai3="17,41,18,131,116,80,110,121,65,113,130,85,66"/><U35/><E38/><V45/><F107/><W97/><G121/><T70/><D106/><U108/><E108/><V56/><F117/><W88/><G113/><T93/><D32/><N who="1" m="12363" /><E89/><V71/><F71/><W123/><G123/><T68/><D6/><N who="1" m="2091" /><E81/><V61/><F29/><W37/><G116/><T44/><D30/><U47/><E75/><V36/><F20/><W128/><G110/><T63/><D86/><U24/><E24/><V60/><F60/><W104/><G104/><T112/><D93/><U16/><E52/><V14/><F14/><W95/><G37/><T31/><D31/><U9/><E47/><V67/><F87/><W21/><G41/><N who="0" m="22591" /><D77/><U109/><E109/><V132/><F84/><W28/><G28/><T26/><D26/><U74/><E74/><V25/><F25/><N who="3" m="14511" /><G18/><T12/><D122/><U135/><AGARI ba="1,0" hai="0,2,9,13,16,133,134,135" m="2091,12363" machi="135" ten="40,12000,1" yaku="20,1,34,2,54,1" doraHai="49" who="1" fromWho="1" sc="73,-41,344,123,437,-41,146,-41" /><INIT seed="5,2,0,0,4,73" ten="32,467,396,105" oya="1" hai0="39,117,107,84,35,82,0,92,123,20,7,34,28" hai1="17,116,83,119,114,29,59,125,104,67,25,118,91" hai2="68,54,31,85,70,36,53,100,69,77,40,103,129" hai3="75,30,97,9,51,122,47,71,2,48,21,95,61"/><U76/><E104/><V128/><F31/><W27/><G122/><T8/><D39/><U109/><E114/><V14/><F36/><W26/><G75/><T58/><D107/><U87/><E125/><V96/><F40/><W126/><G2/><T52/><D117/><U135/><E135/><V98/><F14/><W32/><G9/><T22/><D92/><U112/><E112/><V113/><F113/><W46/><G61/><T133/><D123/><U80/><E17/><V24/><F24/><W130/><G130/><N who="2" m="50281" /><F85/><W13/><G13/><T19/><D28/><U72/><E109/><V88/><F88/><W57/><G27/><T55/><D133/><U10/><E10/><V127/><F77/><W15/><G15/><T41/><D41/><U44/><E44/><V79/><F79/><W38/><G26/><T105/><D105/><U65/><REACH who="1" step="1"/><E59/><REACH who="1" ten="32,457,396,105" step="2"/><V120/><F127/><W60/><G126/><T121/><D121/><U62/><E62/><V115/><F120/><W18/><G57/><T134/><D134/><U64/><E64/><V3/><F115/><W102/><G60/><T90/><D58/><U56/><E56/><V6/><F6/><W1/><G47/><T93/><D19/><U131/><E131/><V94/><F3/><W101/><G46/><T99/><D34/><AGARI ba="2,1" hai="25,29,34,65,67,72,76,80,83,87,91,116,118,119" machi="34" ten="40,3900,0" yaku="1,1,52,1,53,0" doraHai="73" doraHaiUra="33" who="1" fromWho="0" sc="32,-45,457,55,396,0,105,0" owari="-13,-51.0,512,60.0,396,20.0,105,-29.0" /></mjloggm>