<mjloggm ver="2.3"><GO type="185" lobby="0"/><UN n0="%E8%90%AC%E6%81%8B%E6%AC%A1%E9%83%8E" n1="%E8%B5%A4%E8%A3%8F%E3%83%9B%E3%82%B7%E3%83%BC%E3%83%8E" n2="%E3%82%A2%E3%83%AA%E3%82%A2%E3%83%AA%E5%90%9B" n3="" dan="17,16,16,0" rate="2273.92,2144.89,2213.62,1500.00" sx="M,M,M,C"/><TAIKYOKU oya="0"/><INIT seed="0,0,0,4,2,109" ten="350,350,350,0" oya="0" hai0="94,40,38,133,101,49,76,59,98,97,45,36,125" hai1="117,70,2,104,58,124,86,56,52,92,51,69,37" hai2="1,53,87,129,80,110,91,3,71,32,122,115,90" hai3=""/><T46/><D125/><U114/><E104/><V63/><N who="2" m="31264" /><V93/><F32/><T126/><D126/><U95/><E124/><V78/><F110/><T60/><D133/><U96/><E2/><V55/><F129/><T105/><D46/><U128/><E128/><V43/><F115/><T130/><D76/><U131/><E131/><V118/><F118/><T50/><D36/><U103/><E37/><V75/><F43/><T62/><D62/><U82/><E117/><V123/><N who="2" m="31520" /><V77/><F77/><T33/><D33/><U120/><N who="1" m="30752" /><U99/><E114/><V67/><F53/><T57/><D57/><U112/><E58/><V108/><F108/><T61/><D61/><U41/><E41/><V106/><F106/><T35/><D130/><U89/><E112/><V85/><F55/><T0/><D35/><U83/><REACH who="1" step="1"/><E83/><AGARI ba="0,0" hai="1,3,63,67,71,75,78,80,83,85,87,90,91,93" m="31520,31264" machi="83" ten="30,3900,0" yaku="7,1,52,2" doraHai="109" who="2" fromWho="1" sc="350,0,350,-39,350,39,0,0" /><INIT seed="1,0,0,3,1,32" ten="350,311,389,0" oya="1" hai0="115,42,116,83,120,67,45,2,59,134,129,66,43" hai1="113,36,49,108,38,133,114,55,99,63,124,91,117" hai2="87,60,102,81,78,109,85,130,35,97,69,122,132" hai3=""/><U75/><E75/><V96/><N who="2" m="31264" /><V80/><F35/><T103/><N who="0" m="30752" /><T41/><D115/><U39/><E117/><V33/><F33/><T72/><D116/><U125/><E99/><V92/><F109/><T84/><D129/><U54/><E91/><V70/><F130/><T37/><D134/><U77/><E77/><V90/><F132/><T88/><D2/><U58/><E133/><V53/><F53/><T61/><D67/><U82/><E82/><V51/><F51/><T46/><D72/><U121/><N who="1" m="31008" /><U118/><E118/><V110/><F110/><T1/><D1/><U95/><E95/><V71/><REACH who="2" step="1"/><F97/><REACH who="2" ten="350,311,379,0" step="2"/><T131/><D131/><U123/><N who="1" m="31520" /><U3/><E3/><V119/><F119/><T52/><REACH who="0" step="1"/><D103/><REACH who="0" ten="340,311,379,0" step="2"/><U40/><E108/><V74/><F74/><T76/><D76/><U126/><REACH who="1" step="1"/><E40/><REACH who="1" ten="340,301,379,0" step="2"/><V68/><F68/><T86/><D86/><U44/><AGARI ba="0,3" hai="36,38,39,44,49,54,55,58,63,113,114,124,125,126" m="31520,31008" machi="44" ten="40,16000,3" yaku="1,1,2,1,0,1,18,1,34,3,52,2,53,0" doraHai="32" doraHaiUra="65" who="1" fromWho="1" sc="340,-80,301,190,379,-80,0,0" /><INIT seed="1,1,0,4,0,94" ten="260,491,299,0" oya="1" hai0="61,103,70,82,72,50,59,54,49,127,76,134,45" hai1="60,80,112,105,74,77,55,121,119,86,89,41,100" hai2="2,122,39,120,58,69,128,34,96,71,102,64,97" hai3=""/><U85/><N who="1" m="31008" /><U44/><E119/><V133/><N who="2" m="30752" /><V56/><N who="2" m="31264" /><V130/><F2/><T46/><D127/><U35/><E35/><V73/><F34/><T131/><D131/><N who="2" m="50218" /><F39/><T114/><D114/><U113/><E86/><V132/><F73/><T57/><D134/><N who="2" m="51818" /><F64/><T115/><D115/><U42/><E74/><V109/><F109/><T52/><D103/><U98/><E100/><V63/><F63/><T110/><D110/><U111/><E60/><V0/><F0/><T116/><D116/><U62/><E62/><V99/><F102/><T37/><D37/><U67/><E67/><AGARI ba="1,0" hai="45,46,49,50,52,54,57,59,61,67,70,72,76,82" machi="67" ten="40,2600,0" yaku="9,1,54,1" doraHai="94" who="0" fromWho="1" sc="260,28,491,-28,299,0,0,0" /><INIT seed="2,0,0,1,0,49" ten="288,463,299,0" oya="2" hai0="92,127,103,45,87,93,60,126,114,110,35,94,34" hai1="39,58,40,32,109,1,120,55,99,2,0,116,84" hai2="128,98,90,52,125,68,117,132,118,82,104,89,47" hai3=""/><V97/><F128/><T123/><N who="0" m="31520" /><T38/><D114/><U115/><N who="1" m="30752" /><U70/><E115/><V51/><F132/><T112/><D112/><U85/><E32/><V44/><F125/><T88/><D110/><U80/><E109/><V102/><F68/><T62/><D38/><U56/><E70/><V75/><F75/><T63/><D45/><U76/><E116/><V43/><F90/><T83/><REACH who="0" step="1"/><D103/><REACH who="0" ten="278,463,299,0" step="2"/><U107/><E39/><V53/><F118/><T72/><D72/><U121/><E2/><V119/><F119/><T133/><D133/><U64/><E1/><V134/><F117/><T86/><D86/><U135/><E135/><V113/><F113/><T130/><D130/><U124/><E0/><V91/><F134/><T71/><D71/><U36/><E36/><V95/><REACH who="2" step="1"/><F44/><REACH who="2" ten="278,463,289,0" step="2"/><T61/><N who="0" m="15360" /><DORA hai="41" /><T66/><D66/><U50/><E64/><V73/><F73/><T77/><D77/><U106/><E76/><V131/><F131/><T78/><D78/><U3/><E3/><V101/><F101/><T129/><D129/><U48/><E121/><V46/><F46/><T74/><D74/><U42/><E124/><AGARI ba="0,2" hai="34,35,83,87,88,92,93,94,124,126,127" m="15360,31520" machi="124" ten="60,8000,1" yaku="1,1,18,1,52,1,54,1,53,0" doraHai="49,41" doraHaiUra="67,122" who="0" fromWho="1" sc="278,100,463,-80,289,0,0,0" /><INIT seed="4,0,0,4,5,83" ten="378,383,289,0" oya="0" hai0="119,111,41,42,52,3,99,38,59,34,70,107,87" hai1="78,106,33,135,49,123,96,63,47,77,48,89,103" hai2="66,71,93,75,110,82,2,53,125,60,112,67,50" hai3=""/><T88/><D3/><U129/><N who="1" m="31520" /><U113/><E33/><V133/><F2/><T134/><D34/><U102/><E102/><V74/><F110/><T62/><D119/><U55/><E135/><V73/><F133/><T128/><D134/><U126/><E126/><V40/><F125/><T68/><D111/><U109/><E109/><V116/><F116/><T44/><D42/><U121/><N who="1" m="31008" /><U114/><E129/><V122/><N who="2" m="31264" /><V37/><F112/><N who="1" m="43113" /><E63/><V61/><F93/><T76/><D76/><U58/><E89/><V64/><F40/><AGARI ba="0,0" hai="40,47,48,49,55,58,77,78,96,103,106" m="43113,31008,31520" machi="40" ten="30,7700,0" yaku="15,1,11,1,52,2" doraHai="83" who="1" fromWho="2" sc="378,0,383,77,289,-77,0,0" /><INIT seed="5,0,0,3,0,130" ten="378,460,212,0" oya="1" hai0="119,85,108,44,110,49,93,79,47,60,82,125,104" hai1="63,41,107,3,69,112,124,72,66,2,121,123,68" hai2="37,80,120,71,56,117,92,42,96,38,64,73,75" hai3=""/><U48/><N who="1" m="31008" /><U131/><N who="1" m="31520" /><U77/><E107/><V0/><N who="2" m="30752" /><V100/><F0/><T113/><D119/><U32/><E131/><V78/><F117/><T98/><D113/><U1/><E32/><V46/><F71/><T115/><D115/><U99/><E112/><V67/><F37/><T133/><D125/><U118/><E118/><V127/><F127/><T84/><D133/><U105/><E69/><V109/><F109/><T33/><D33/><U106/><E106/><V52/><REACH who="2" step="1"/><F75/><REACH who="2" ten="378,460,202,0" step="2"/><T62/><D108/><U128/><E124/><V58/><F58/><T91/><D110/><U70/><E70/><V54/><F54/><T36/><D36/><U134/><E68/><V51/><AGARI ba="0,1" hai="38,42,46,51,52,56,64,67,73,78,80,92,96,100" m="30752" machi="51" ten="20,9000,2" yaku="1,1,0,1,7,1,52,1,54,1,53,1" doraHai="130" doraHaiUra="43" who="2" fromWho="2" sc="378,-30,460,-60,202,100,0,0" /><INIT seed="6,0,0,0,4,112" ten="348,400,302,0" oya="2" hai0="52,97,100,133,85,88,57,98,129,92,111,96,79" hai1="68,60,43,42,134,103,130,45,74,132,95,69,127" hai2="91,86,106,124,114,67,107,34,32,39,0,80,37" hai3=""/><V126/><F0/><T66/><D111/><U104/><E104/><N who="2" m="39979" /><F67/><T55/><D129/><U83/><E130/><V108/><F108/><T70/><D133/><U46/><E60/><V71/><F71/><T89/><D79/><U135/><E83/><V41/><F114/><T35/><D35/><N who="2" m="13354" /><F41/><T51/><D55/><U40/><E74/><V2/><F2/><T78/><D78/><U81/><E81/><V128/><F128/><T90/><REACH who="0" step="1"/><D100/><REACH who="0" ten="338,400,302,0" step="2"/><U63/><E103/><V64/><F64/><T59/><D59/><U65/><E69/><V76/><F76/><T1/><D1/><U109/><E109/><V87/><F87/><T115/><D115/><U33/><E33/><V119/><F119/><T49/><D49/><U120/><E135/><V50/><F50/><T101/><D101/><U61/><E134/><V38/><F37/><T99/><N who="0" m="24576" /><DORA hai="123" /><T84/><D84/><U82/><E132/><V73/><F73/><T56/><D56/><U62/><E68/><V3/><F3/><T102/><D102/><U121/><E65/><V47/><F38/><T125/><D125/><N who="2" m="48234" /><F39/><T118/><D118/><U113/><E127/><V36/><F36/><T122/><N who="0" m="31264" /><T75/><D75/><U105/><N who="1" m="30752" /><U110/><E121/><RYUUKYOKU ba="0,1" sc="338,10,400,-20,302,10,0,0" hai0="51,52,57,66,70,85,88,89,90,92" hai2="47,80,86,91" /><INIT seed="6,1,1,3,2,49" ten="348,380,312,0" oya="2" hai0="35,43,83,42,51,73,118,85,0,125,59,124,52" hai1="44,134,109,95,41,121,65,87,104,45,114,33,107" hai2="115,135,81,63,67,99,126,71,100,46,86,112,117" hai3=""/><V53/><F117/><T132/><D118/><U34/><N who="1" m="31008" /><U80/><E109/><V106/><F135/><T105/><D132/><U78/><E134/><V127/><F46/><T61/><D0/><U129/><E65/><V123/><N who="2" m="31520" /><V40/><F40/><T70/><D35/><U97/><E45/><V2/><F53/><T72/><D105/><U94/><E94/><V57/><F57/><T39/><D39/><U84/><E84/><V69/><F69/><T122/><N who="0" m="31264" /><T47/><D70/><U48/><E107/><V92/><F106/><T50/><D42/><U131/><E114/><N who="2" m="43563" /><F2/><T38/><D38/><U101/><E104/><V58/><F71/><T79/><REACH who="0" step="1"/><D61/><REACH who="0" ten="338,380,312,0" step="2"/><U111/><E111/><V74/><F74/><AGARI ba="1,2" hai="43,47,50,51,52,59,72,73,74,79,83,85,124,125" m="31264" machi="74" ten="40,8000,1" yaku="1,1,2,1,52,2,54,1,53,0" doraHai="49" doraHaiUra="68" who="0" fromWho="2" sc="338,102,380,0,312,-82,0,0" owari="440,39.0,380,-2.0,230,-37.0,0,0.0" /></mjloggm>