<mjloggm ver="2.3"><GO type="185" lobby="0"/><UN n0="%E3%81%A0%E3%81%83" n1="%EF%BC%88%E3%83%BB%EF%BC%88%E3%83%B1%EF%BC%89%E3%83%BB%EF%BC%89" n2="%69%6E%75%73%61%6E%34%31" n3="" dan="16,17,16,0" rate="2145.48,2163.04,2194.22,1500.00" sx="M,M,M,C"/><TAIKYOKU oya="0"/><INIT seed="0,0,0,2,1,92" ten="350,350,350,0" oya="0" hai0="2,63,58,123,69,34,88,47,89,60,66,109,3" hai1="0,71,104,48,108,128,53,90,126,129,44,112,100" hai2="77,81,46,43,38,79,94,118,80,82,127,135,61" hai3=""/><T78/><N who="0" m="31520" /><T75/><D34/><U62/><E0/><V101/><F127/><T86/><D109/><U96/><E126/><V73/><F135/><T97/><D47/><U103/><E108/><V49/><F118/><T98/><D75/><U91/><E103/><V52/><F61/><T93/><D78/><U84/><E112/><V32/><F32/><T134/><D134/><U51/><E51/><V116/><F116/><T110/><D110/><U68/><E91/><V56/><REACH who="2" step="1"/><F73/><REACH who="2" ten="350,350,340,0" step="2"/><T39/><D39/><U37/><E37/><V42/><F42/><T132/><D132/><U125/><E125/><V87/><F87/><T133/><D133/><U70/><REACH who="1" step="1"/><E62/><REACH who="1" ten="350,340,340,0" step="2"/><V35/><F35/><T76/><D2/><U54/><E54/><V130/><F130/><T120/><N who="0" m="30752" /><T41/><D3/><U59/><E59/><V1/><F1/><T105/><D41/><U117/><E117/><V67/><F67/><T114/><D114/><U65/><E65/><V99/><AGARI ba="0,2" hai="38,43,46,49,52,56,77,79,80,81,82,94,99,101" machi="99" ten="30,6000,1" yaku="1,1,0,1,52,1,54,1,53,1" doraHai="92" doraHaiUra="55" who="2" fromWho="2" sc="350,-40,340,-20,340,80,0,0" /><INIT seed="1,0,0,2,5,60" ten="310,320,420,0" oya="1" hai0="34,100,37,102,115,97,59,36,133,120,101,128,127" hai1="104,75,119,55,129,94,35,51,93,2,126,99,76" hai2="33,132,68,108,63,61,0,95,44,56,67,54,91" hai3=""/><U50/><E119/><V45/><F33/><T58/><N who="0" m="30752" /><T47/><D34/><U70/><E2/><V82/><F0/><T125/><D115/><U57/><E35/><V52/><F108/><T130/><D97/><U73/><E129/><N who="0" m="49769" /><D47/><U86/><E126/><N who="0" m="48137" /><D133/><U69/><E104/><V64/><F132/><T98/><D98/><U117/><E117/><V80/><F95/><T114/><D114/><U84/><E94/><V40/><F91/><T118/><D118/><U103/><E50/><V48/><F54/><T121/><N who="0" m="31008" /><T81/><D81/><U42/><E42/><V88/><F88/><T131/><N who="0" m="49777" /><T116/><DORA hai="110" /><D116/><U106/><E76/><V89/><F89/><T78/><D78/><U87/><REACH who="1" step="1"/><E93/><REACH who="1" ten="310,310,420,0" step="2"/><V90/><F90/><T107/><D107/><U112/><E112/><V39/><AGARI ba="0,1" hai="39,40,44,45,48,52,56,61,63,64,67,68,80,82" machi="39" ten="20,6000,1" yaku="0,1,7,1,52,2,54,1" doraHai="60,110" who="2" fromWho="2" sc="310,-20,310,-40,420,70,0,0" /><INIT seed="2,0,0,4,2,91" ten="290,270,490,0" oya="2" hai0="114,32,109,116,70,121,115,110,41,97,133,81,78" hai1="124,113,55,71,119,128,38,88,80,83,100,93,75" hai2="45,67,117,125,123,126,40,72,102,96,87,52,73" hai3=""/><V122/><N who="2" m="31264" /><V51/><N who="2" m="31520" /><V34/><F34/><T61/><N who="0" m="31008" /><T36/><D32/><U1/><E113/><N who="0" m="43017" /><D116/><U105/><E1/><V44/><F117/><T63/><D133/><U129/><E119/><V82/><F67/><T39/><D97/><U59/><E71/><V107/><F87/><T62/><D70/><U134/><E38/><N who="0" m="14377" /><D41/><U94/><E124/><N who="2" m="47723" /><F82/><T86/><AGARI ba="0,0" hai="61,62,63,78,81,86,109,110" m="14377,43017,31008" machi="86" ten="40,2000,0" yaku="11,1,52,1" doraHai="91" who="0" fromWho="0" sc="290,20,270,-7,490,-13,0,0" /><INIT seed="4,0,0,0,1,57" ten="310,263,477,0" oya="0" hai0="122,51,112,95,71,41,106,88,72,110,68,3,102" hai1="79,116,40,73,66,75,99,85,118,2,50,126,33" hai2="104,91,123,77,55,128,61,82,78,111,52,34,56" hai3=""/><T103/><N who="0" m="31264" /><T127/><D3/><U84/><E33/><V49/><N who="2" m="31520" /><V89/><F34/><T0/><D0/><U44/><E2/><V53/><F111/><T54/><D41/><U76/><E126/><V129/><F104/><T43/><D43/><U59/><E99/><V132/><F132/><T46/><D127/><U97/><E97/><V80/><F49/><T83/><D112/><U38/><E79/><V92/><F92/><T113/><D113/><U131/><E131/><N who="2" m="50251" /><F78/><T100/><D106/><U36/><E36/><V74/><F82/><T45/><D45/><U62/><E38/><V47/><F47/><T117/><D117/><U125/><E125/><V98/><F98/><T69/><D110/><U93/><E93/><V108/><F108/><T120/><N who="0" m="30752" /><T124/><D124/><U94/><E94/><V130/><N who="2" m="50259" /><V121/><N who="2" m="31008" /><DORA hai="1" /><V65/><AGARI ba="0,0" hai="52,53,55,56,61,65,74,77,80,89,91" m="31008,50259,31520" machi="65" ten="50,9000,2" yaku="4,1,19,1,52,3,54,1" doraHai="57,1" who="2" fromWho="2" sc="310,-60,263,-30,477,90,0,0" /><INIT seed="5,0,0,4,5,80" ten="250,233,567,0" oya="1" hai0="122,98,2,55,1,83,90,62,67,50,117,65,73" hai1="99,42,75,116,49,63,40,126,70,96,0,3,114" hai2="44,66,92,119,64,56,57,34,91,134,104,39,135" hai3=""/><U84/><E116/><V97/><F119/><T46/><N who="0" m="31264" /><T69/><D117/><U60/><E114/><V36/><F34/><T81/><D67/><U38/><E126/><V71/><F104/><T77/><D98/><U52/><E75/><V45/><F71/><T43/><D43/><U133/><E133/><N who="2" m="50699" /><F66/><T129/><D129/><U53/><E70/><V111/><F111/><T121/><N who="0" m="31008" /><T86/><AGARI ba="0,0" hai="1,2,46,50,55,62,65,69,73,77,81,83,86,90" m="31008,31264" machi="86" ten="30,6000,1" yaku="4,1,0,1,52,3" doraHai="80" who="0" fromWho="0" sc="250,60,233,-40,567,-20,0,0" /><INIT seed="6,0,0,5,4,81" ten="310,193,547,0" oya="2" hai0="41,87,78,40,65,77,132,33,90,47,73,54,122" hai1="118,96,107,59,113,112,70,126,128,95,94,127,55" hai2="135,56,120,80,88,38,48,92,58,51,99,44,32" hai3=""/><V34/><N who="2" m="30752" /><V86/><F135/><T37/><N who="0" m="31264" /><T50/><D33/><U117/><E70/><V131/><F131/><T121/><N who="0" m="31008" /><T2/><D2/><U45/><E45/><V52/><F38/><T69/><D132/><U68/><E68/><V100/><F58/><T84/><D73/><U97/><E59/><V114/><F114/><T61/><D41/><AGARI ba="0,0" hai="32,34,41,44,48,51,52,56,80,86,88,92,99,100" m="30752" machi="41" ten="30,12000,1" yaku="7,1,52,2,54,2" doraHai="81" who="2" fromWho="0" sc="310,-120,193,0,547,120,0,0" owari="190,-41.0,193,-21.0,667,62.0,0,0.0" /></mjloggm>