<mjloggm ver="2.3"><GO type="185" lobby="0"/><UN n0="%E5%8C%97%E5%B0%8F%E8%B7%AF%3A%E9%9A%86%E5%A4%AA" n1="%E3%81%BF%E3%82%84%E3%81%AD%E3%81%93" n2="%79%61%73%73%61%6E" n3="" dan="16,17,16,0" rate="2202.95,2276.43,2175.75,1500.00" sx="M,M,M,C"/><TAIKYOKU oya="0"/><INIT seed="0,0,0,5,4,98" ten="350,350,350,0" oya="0" hai0="67,118,119,133,73,112,82,66,128,69,56,129,126" hai1="61,103,78,77,88,58,38,49,81,83,57,43,132" hai2="52,114,42,63,120,125,134,39,65,135,0,96,97" hai3=""/><T89/><D73/><U127/><E127/><V130/><N who="2" m="30752" /><V95/><F0/><T55/><D82/><U123/><N who="1" m="31520" /><U70/><E132/><N who="2" m="50731" /><F114/><T113/><D89/><U87/><E38/><V54/><F125/><T40/><D40/><U1/><E1/><V79/><F79/><T84/><D84/><U106/><E70/><V36/><F130/><N who="0" m="50282" /><D69/><U34/><E34/><V41/><F97/><T46/><D46/><U64/><E83/><V108/><F41/><T2/><D2/><U90/><E78/><V37/><F42/><T121/><N who="0" m="31008" /><T44/><D44/><U101/><E43/><V80/><F80/><T71/><D71/><U62/><E106/><V117/><F37/><T59/><D59/><U32/><E32/><V85/><F36/><T35/><D35/><U75/><E75/><V91/><F39/><T33/><D33/><U94/><E49/><V45/><F45/><T68/><D68/><U124/><E124/><V86/><F85/><T72/><D72/><U111/><E77/><V74/><F86/><T109/><D133/><U102/><E90/><V110/><F74/><T53/><D126/><U47/><E47/><V60/><F91/><T92/><D113/><U104/><E81/><V51/><F95/><RYUUKYOKU ba="0,0" sc="350,0,350,0,350,0,0,0" /><INIT seed="1,1,0,4,1,106" ten="350,350,350,0" oya="1" hai0="57,69,120,3,131,40,128,59,34,42,61,44,68" hai1="67,119,66,74,52,132,89,98,39,45,97,1,65" hai2="111,36,43,63,85,86,76,116,33,54,53,126,78" hai3=""/><U124/><E119/><V91/><F116/><T96/><N who="0" m="30752" /><T56/><D96/><U110/><E1/><V83/><F33/><T93/><D93/><U75/><E132/><V55/><F126/><T105/><D105/><U77/><E124/><V103/><F111/><T62/><D3/><U70/><E70/><N who="0" m="27241" /><D34/><U64/><N who="1" m="16384" /><DORA hai="134" /><U112/><E112/><V87/><F103/><T92/><D92/><U72/><E77/><V117/><F117/><T102/><D102/><U95/><E110/><V46/><F63/><N who="0" m="24074" /><D40/><U81/><E81/><V123/><N who="2" m="31520" /><V60/><F60/><T101/><D101/><U109/><E109/><V50/><F78/><T35/><D35/><U79/><E79/><V58/><REACH who="2" step="1"/><F86/><REACH who="2" ten="350,350,340,0" step="2"/><T114/><D114/><U94/><E72/><V0/><F0/><T2/><D2/><U82/><E75/><V47/><F47/><T41/><D41/><U99/><E74/><V38/><F38/><AGARI ba="1,1" hai="38,42,44,56,57,59,128,131" m="24074,27241,30752" machi="38" ten="40,5200,0" yaku="34,2,52,1" doraHai="106,134" who="0" fromWho="2" sc="350,64,350,0,340,-54,0,0" /><INIT seed="2,0,0,4,0,47" ten="414,350,286,0" oya="2" hai0="32,93,3,54,86,41,102,94,112,43,114,63,0" hai1="125,124,134,64,53,101,130,103,40,113,51,115,89" hai2="108,60,45,87,118,55,62,111,67,117,90,88,71" hai3=""/><V109/><F90/><T107/><D32/><U122/><N who="1" m="31264" /><U70/><E89/><V37/><F60/><T91/><D107/><U96/><E103/><V2/><F2/><T38/><D0/><U129/><E96/><V58/><F71/><T104/><D104/><U1/><E101/><V76/><F76/><T65/><D54/><U56/><E1/><V84/><F87/><T77/><D3/><U99/><E99/><V105/><F105/><T85/><D38/><U131/><E40/><V106/><F106/><T121/><N who="0" m="31008" /><T46/><D46/><U133/><E64/><V82/><F37/><T80/><D114/><N who="1" m="43531" /><E70/><V35/><F35/><T52/><D112/><U97/><E97/><V95/><F82/><T44/><D65/><U61/><E61/><V59/><F59/><T123/><N who="0" m="31520" /><T69/><D69/><U74/><E74/><V100/><F100/><T81/><D102/><U34/><E34/><V128/><F128/><T132/><D80/><U135/><AGARI ba="0,0" hai="51,53,56,124,125,129,130,131,133,134,135" m="43531,31264" machi="135" ten="50,12000,3" yaku="30,2,19,1,20,1,34,2,52,2" doraHai="47" who="1" fromWho="1" sc="414,-40,350,120,286,-80,0,0" /><INIT seed="4,0,0,0,0,131" ten="374,470,206,0" oya="0" hai0="76,126,134,57,52,91,43,55,0,82,1,111,125" hai1="49,45,71,86,84,78,39,63,73,113,58,41,132" hai2="53,48,115,94,64,112,117,59,51,33,85,56,81" hai3=""/><T68/><D111/><U103/><E113/><V114/><F33/><T118/><D68/><U50/><E73/><V38/><F38/><T47/><D118/><U34/><E34/><V102/><F117/><T107/><D107/><U77/><E71/><V98/><F64/><T83/><D91/><U37/><E103/><V74/><F74/><T65/><D65/><U36/><E50/><V101/><F101/><T119/><D119/><U42/><E42/><V44/><REACH who="2" step="1"/><F48/><REACH who="2" ten="374,470,196,0" step="2"/><T116/><D116/><U104/><E39/><V72/><F72/><T93/><D0/><U109/><E37/><V54/><F54/><T128/><D1/><U80/><E36/><V89/><AGARI ba="0,1" hai="44,51,53,56,59,81,85,89,94,98,102,112,114,115" machi="89" ten="30,3000,0" yaku="1,1,0,1,15,1,53,0" doraHai="131" doraHaiUra="130" who="2" fromWho="2" sc="374,-20,470,-10,196,40,0,0" /><INIT seed="5,0,0,1,3,119" ten="354,460,236,0" oya="1" hai0="57,51,100,69,70,34,102,113,75,88,68,60,98" hai1="125,79,81,90,133,53,95,134,101,83,37,73,3" hai2="135,108,46,66,50,58,118,38,97,35,126,52,109" hai3=""/><U39/><E3/><V117/><F35/><T64/><D34/><U65/><E65/><V103/><F126/><T115/><D75/><U82/><E125/><V67/><F97/><T33/><D33/><U91/><E53/><V71/><F103/><T94/><REACH who="0" step="1"/><D51/><REACH who="0" ten="344,460,236,0" step="2"/><U131/><E37/><V47/><F38/><T63/><D63/><U72/><E39/><V45/><F135/><T2/><D2/><U124/><E133/><V41/><F41/><T84/><D84/><U121/><E134/><V74/><F74/><T92/><D92/><U40/><E124/><V120/><N who="2" m="30752" /><V127/><F127/><T132/><D132/><U44/><E73/><V89/><F71/><T110/><D110/><N who="2" m="42602" /><F89/><T112/><AGARI ba="0,1" hai="57,60,64,68,69,70,88,94,98,100,102,112,113,115" machi="112" ten="40,6000,1" yaku="1,1,0,1,15,1,54,1,53,0" doraHai="119" doraHaiUra="36" who="0" fromWho="0" sc="344,70,460,-40,236,-20,0,0" /><INIT seed="6,0,0,2,3,53" ten="414,420,216,0" oya="2" hai0="120,103,75,110,66,52,87,86,55,133,65,54,125" hai1="41,64,108,67,130,94,63,111,59,71,33,131,118" hai2="58,122,107,90,121,96,68,128,102,116,79,46,92" hai3=""/><V72/><N who="2" m="31008" /><V45/><N who="2" m="31264" /><V78/><F68/><T100/><N who="0" m="30752" /><T39/><D75/><U76/><E33/><V115/><F116/><T117/><D39/><U98/><E118/><V36/><F128/><N who="1" m="49193" /><E76/><V60/><F115/><T62/><D117/><U73/><E73/><V99/><F36/><T80/><D110/><N who="1" m="42027" /><E41/><V34/><F34/><T104/><D133/><U49/><E49/><V97/><F99/><T48/><D125/><U69/><E67/><N who="0" m="25609" /><D104/><U51/><E51/><V57/><F78/><T134/><D134/><U50/><E50/><V127/><F127/><T95/><D48/><U3/><E3/><V83/><REACH who="2" step="1"/><F60/><REACH who="2" ten="414,420,206,0" step="2"/><T32/><D62/><U37/><E37/><V124/><F124/><T2/><D2/><U84/><E84/><V42/><F42/><T43/><D43/><U106/><E106/><V81/><F81/><T85/><D32/><U70/><E71/><V93/><F93/><T129/><D129/><U126/><E126/><V77/><F77/><T112/><D112/><U38/><E38/><V47/><AGARI ba="0,1" hai="45,46,47,57,58,72,79,83,90,92,96,97,102,107" m="31264,31008" machi="47" ten="30,12000,2" yaku="1,1,0,1,52,4,53,1" doraHai="53" doraHaiUra="91" who="2" fromWho="2" sc="414,-60,420,-60,206,130,0,0" /><INIT seed="6,1,0,1,3,118" ten="354,360,336,0" oya="2" hai0="34,65,80,112,134,117,101,92,63,127,125,41,81" hai1="102,130,96,53,109,69,115,36,128,71,86,52,99" hai2="82,89,55,119,33,120,123,131,84,58,56,93,79" hai3=""/><V3/><N who="2" m="30752" /><V61/><N who="2" m="31520" /><V60/><F119/><T107/><D34/><U51/><E36/><V54/><F131/><N who="1" m="50217" /><E109/><V98/><F33/><T35/><D35/><U78/><E115/><V97/><F3/><T76/><D117/><U85/><E78/><V122/><N who="2" m="31264" /><V40/><F40/><T70/><D112/><U59/><E99/><AGARI ba="1,0" hai="54,55,56,58,60,61,79,82,84,89,93,97,98,99" m="31264,31520,30752" machi="99" ten="30,24000,3" yaku="7,1,9,1,8,1,52,6" doraHai="118" who="2" fromWho="1" sc="354,0,360,-242,336,242,0,0" owari="354,-5.0,118,-48.0,578,53.0,0,0.0" /></mjloggm>