<mjloggm ver="2.3"><GO type="169" lobby="0"/><UN n0="%EF%BC%81%E2%80%9D%EF%BC%83%EF%BC%84%EF%BC%85%EF%BC%86%E2%80%99%EF%BC%88" n1="%E3%81%B8%E3%82%80%E3%81%B8%E3%82%80%EF%BC%92%E5%8F%B7" n2="%E3%83%95%E3%83%AA%E3%83%86%E3%83%B3" n3="%E3%81%A7%E3%81%97%EF%BC%96" dan="17,17,18,17" rate="2147.39,2146.19,2206.77,2105.23" sx="M,M,M,M"/><TAIKYOKU oya="0"/><INIT seed="0,0,0,5,0,109" ten="250,250,250,250" oya="0" hai0="107,24,93,106,35,55,33,101,111,44,90,54,4" hai1="56,58,7,132,45,75,118,73,86,79,12,131,89" hai2="95,108,112,84,125,78,50,40,5,77,114,100,69" hai3="60,82,126,120,104,1,32,61,130,10,115,17,85"/><T6/><D111/><U65/><E118/><V121/><F108/><W124/><G104/><T110/><D110/><U23/><E131/><V99/><F69/><W47/><G32/><T97/><D106/><U119/><E119/><V67/><F67/><W103/><G103/><T87/><D33/><U3/><E132/><V88/><F5/><N who="3" m="1327" /><G130/><T76/><D76/><N who="2" m="29290" /><F50/><W122/><G47/><T46/><D44/><U127/><E127/><N who="3" m="48682" /><G17/><T63/><D46/><U31/><E79/><V21/><F21/><W48/><G48/><T128/><D128/><U27/><E3/><V68/><F68/><W134/><G134/><T81/><D107/><U70/><E70/><V11/><F11/><W15/><G15/><T18/><D35/><U92/><E45/><V133/><F40/><W25/><G25/><T20/><REACH who="0" step="1"/><D63/><REACH who="0" ten="240,250,250,250" step="2"/><U51/><E75/><V57/><F125/><W52/><G60/><T83/><D83/><U49/><E73/><V22/><F133/><W38/><G61/><T129/><D129/><U37/><E37/><V28/><F121/><W113/><G38/><T117/><D117/><U102/><E49/><V43/><F43/><W14/><G120/><T8/><D8/><U13/><E51/><V135/><F135/><W71/><G122/><T64/><D64/><U123/><E65/><V80/><F22/><W36/><G36/><T91/><D91/><U30/><E123/><V105/><F105/><W98/><G82/><T41/><D41/><U53/><E23/><V34/><F34/><W42/><G42/><T116/><D116/><U9/><E9/><V16/><F80/><RYUUKYOKU ba="0,1" sc="240,30,250,-10,250,-10,250,-10" hai0="4,6,18,20,24,54,55,81,87,90,93,97,101" /><INIT seed="0,1,1,0,5,74" ten="270,240,240,240" oya="0" hai0="27,107,132,30,126,114,106,19,103,76,64,99,128" hai1="135,121,66,98,48,125,39,102,97,45,65,28,16" hai2="25,113,15,55,24,69,79,29,33,86,0,50,49" hai3="31,40,9,119,101,78,122,112,104,1,36,20,4"/><T7/><D114/><U123/><E125/><V67/><F0/><W127/><G112/><T71/><D126/><U111/><E111/><V75/><F75/><W133/><G127/><T77/><D128/><U38/><E135/><V87/><F113/><W130/><G119/><T105/><D132/><U12/><E28/><V59/><F24/><W88/><G133/><T90/><D19/><U116/><E116/><V22/><F49/><W21/><G130/><T120/><D7/><U58/><E123/><V72/><F15/><W2/><G2/><T96/><D90/><U46/><E121/><V26/><F69/><W3/><G3/><T41/><D41/><U5/><E5/><V110/><F67/><N who="1" m="25609" /><E39/><V37/><F37/><W52/><G31/><T51/><D51/><U108/><E38/><V83/><REACH who="2" step="1"/><F110/><REACH who="2" ten="270,240,230,240" step="2"/><W43/><G36/><T10/><D120/><U93/><E108/><V8/><F8/><W82/><G9/><T131/><D10/><N who="1" m="6167" /><E98/><V129/><F129/><W17/><G1/><T70/><D99/><U56/><E46/><V63/><F63/><W23/><G122/><T6/><D131/><U94/><E94/><V95/><F95/><W124/><G124/><T68/><D64/><U60/><E60/><V92/><F92/><W47/><G47/><T84/><D70/><U54/><AGARI ba="1,2" hai="45,48,54,56,58,93,97,102" m="6167,25609" machi="54" ten="30,2000,0" yaku="8,1,54,1" doraHai="74" who="1" fromWho="1" sc="270,-11,240,43,230,-6,240,-6" /><INIT seed="1,0,0,3,0,132" ten="259,283,224,234" oya="1" hai0="71,50,11,9,40,70,39,7,108,106,42,129,94" hai1="82,58,14,38,127,13,2,47,3,114,25,10,117" hai2="12,65,48,54,22,113,64,84,96,72,90,78,37" hai3="51,122,118,60,21,74,124,69,56,5,77,107,73"/><U52/><E117/><V61/><F37/><W8/><G122/><T80/><D106/><U85/><E114/><V83/><F113/><W116/><G107/><T109/><D50/><U75/><E75/><V49/><F96/><W59/><G69/><T0/><D129/><U128/><E128/><V62/><F72/><W99/><G99/><T104/><D104/><U95/><E95/><V135/><F135/><W111/><G111/><N who="0" m="42571" /><D94/><U44/><E25/><V81/><F78/><W57/><G21/><T53/><D53/><U120/><E120/><V112/><F81/><W131/><G131/><T121/><D121/><U45/><E38/><V67/><F49/><W30/><G30/><T16/><D80/><U31/><E31/><V43/><F43/><N who="0" m="16426" /><D39/><U4/><E2/><V27/><F12/><AGARI ba="0,0" hai="0,7,9,11,12,16,70,71" m="16426,42571" machi="12" ten="30,2000,0" yaku="14,1,54,1" doraHai="132" who="0" fromWho="2" sc="259,20,283,0,224,-20,234,0" /><INIT seed="2,0,0,3,1,22" ten="279,283,204,234" oya="2" hai0="7,47,28,97,132,60,13,107,8,49,85,109,53" hai1="31,102,41,21,10,37,2,12,99,76,103,81,26" hai2="9,0,40,56,78,44,110,118,120,94,32,133,95" hai3="63,90,79,101,128,84,77,58,67,42,55,98,64"/><V129/><F118/><W123/><G128/><T106/><D109/><U104/><E2/><V124/><F120/><W96/><G123/><T5/><D132/><U48/><E102/><V100/><F129/><W68/><G42/><T4/><D85/><U16/><E37/><V92/><F133/><W45/><G45/><T115/><D115/><U112/><E112/><V66/><F124/><W29/><G29/><T23/><D60/><U62/><E62/><V121/><F121/><W93/><G96/><T70/><D70/><U134/><E134/><V46/><F110/><W72/><G68/><T86/><D86/><U82/><REACH who="1" step="1"/><E76/><REACH who="1" ten="279,273,204,234" step="2"/><N who="3" m="29258" /><G72/><T25/><REACH who="0" step="1"/><D97/><REACH who="0" ten="269,273,204,234" step="2"/><U34/><E34/><V50/><F32/><W43/><G43/><T91/><D91/><U88/><E88/><V52/><F100/><W87/><G101/><T61/><D61/><U54/><E54/><V116/><F78/><W27/><G55/><T18/><AGARI ba="0,2" hai="4,5,7,8,13,18,23,25,28,47,49,53,106,107" machi="18" ten="30,7900,0" yaku="1,1,0,1,52,1,53,1" doraHai="22" doraHaiUra="11" who="0" fromWho="0" sc="269,99,273,-20,204,-39,234,-20" /><INIT seed="3,0,0,4,0,55" ten="368,253,165,214" oya="3" hai0="9,68,117,132,33,92,126,20,30,45,118,16,93" hai1="44,97,25,10,21,69,32,104,128,12,52,63,54" hai2="108,109,71,24,23,120,14,28,88,67,70,82,122" hai3="91,78,76,127,57,98,87,43,80,96,121,84,51"/><W116/><G121/><N who="2" m="46697" /><F67/><W3/><G116/><T34/><D68/><N who="2" m="26154" /><F14/><W29/><G3/><T95/><D126/><U100/><E128/><V74/><F74/><W106/><G127/><T17/><D132/><U41/><E32/><V58/><F58/><W124/><G124/><T105/><D105/><U0/><E0/><V94/><F82/><W131/><G131/><T135/><D33/><U102/><E102/><V48/><F48/><W90/><G29/><T47/><D34/><U27/><E69/><V77/><F77/><N who="3" m="29803" /><G106/><T56/><D30/><U114/><E114/><V39/><F39/><W13/><G13/><T60/><D118/><U75/><E75/><V110/><F110/><W11/><G11/><T26/><D117/><U18/><E63/><V129/><F129/><W8/><G8/><T53/><D135/><U83/><E83/><V4/><F4/><W73/><G73/><T85/><D85/><AGARI ba="0,0" hai="23,24,28,85,88,94,108,109" m="26154,46697" machi="85" ten="30,2000,0" yaku="13,1,54,1" doraHai="55" who="2" fromWho="0" sc="368,-20,253,0,165,20,214,0" /><INIT seed="4,0,0,4,4,70" ten="348,253,185,214" oya="0" hai0="82,102,60,77,4,59,6,119,2,25,123,49,17" hai1="62,78,111,100,13,73,38,63,130,104,125,110,86" hai2="132,31,91,68,133,89,11,32,134,81,103,108,128" hai3="94,96,53,57,112,3,76,0,80,87,30,44,55"/><T115/><D119/><U120/><E120/><V66/><F108/><W99/><G112/><T26/><D123/><U101/><E13/><V126/><F103/><W28/><G0/><T15/><D115/><U118/><E86/><V42/><F68/><W35/><G3/><T14/><D102/><U29/><E29/><V135/><F66/><W46/><G35/><T122/><D122/><U40/><E125/><V107/><F107/><W90/><G99/><T131/><D131/><U45/><E130/><V72/><F128/><W97/><G97/><T20/><D49/><U43/><E118/><V51/><F126/><W24/><G53/><T61/><D2/><U114/><E114/><V113/><F11/><W109/><G109/><T106/><D106/><U33/><E33/><V37/><F51/><W85/><G96/><T39/><D39/><U98/><E100/><V16/><F16/><W1/><G1/><T27/><D15/><U88/><E43/><V121/><F113/><W116/><G116/><T105/><D105/><U65/><E88/><N who="2" m="33867" /><F121/><W129/><G129/><T58/><D60/><U83/><E62/><V64/><F64/><W67/><G67/><T23/><D23/><U48/><E48/><V75/><F81/><W8/><G8/><T36/><D36/><U47/><E47/><N who="3" m="17962" /><G24/><T71/><D71/><AGARI ba="0,0" hai="38,40,45,63,65,71,73,78,83,98,101,104,110,111" machi="71" ten="30,7700,0" yaku="7,1,23,2,52,1" doraHai="70" who="1" fromWho="0" sc="348,-77,253,77,185,0,214,0" /><INIT seed="5,0,0,2,0,59" ten="271,330,185,214" oya="1" hai0="4,107,133,30,23,82,66,110,20,106,83,85,86" hai1="32,38,54,98,19,135,126,113,11,14,127,92,50" hai2="124,93,100,108,67,90,15,27,102,76,58,123,9" hai3="12,48,22,60,57,121,69,7,129,26,39,84,21"/><U104/><E104/><V97/><F124/><W89/><G129/><T31/><D110/><U25/><E38/><V42/><F123/><W5/><G39/><T0/><D4/><U17/><E135/><V131/><F131/><W134/><G134/><T49/><D133/><U36/><E36/><V118/><F118/><W18/><G69/><T81/><D49/><U43/><E43/><V47/><F108/><W130/><G130/><T8/><D8/><U132/><E113/><V29/><F76/><W70/><G48/><T51/><D51/><U35/><E132/><V117/><F47/><W91/><G70/><T94/><D94/><U44/><E19/><V41/><F117/><W120/><G91/><T13/><D13/><U65/><E65/><V71/><F71/><W115/><G115/><T34/><D34/><U114/><E114/><V75/><F75/><W16/><G121/><T28/><D0/><U62/><E62/><V63/><F90/><W99/><G99/><T116/><D66/><U40/><E40/><V87/><F87/><N who="0" m="33290" /><D116/><U10/><E10/><V88/><F42/><W109/><G109/><T46/><D46/><U3/><E3/><V74/><F74/><W52/><G120/><T2/><D2/><U96/><E35/><V122/><F41/><W79/><G79/><T80/><N who="0" m="20480" /><DORA hai="111" /><T61/><D61/><U64/><E126/><V101/><F122/><W1/><G1/><T73/><D73/><U95/><E127/><V128/><F128/><W55/><G55/><T45/><D45/><U6/><E54/><V112/><F112/><W72/><G72/><RYUUKYOKU ba="0,0" sc="271,15,330,-15,185,-15,214,15" hai0="20,23,28,30,31,106,107" hai3="5,7,12,16,18,21,22,26,52,57,60,84,89" /><INIT seed="6,1,0,2,2,10" ten="286,315,170,229" oya="2" hai0="66,96,27,85,48,94,68,91,38,123,113,81,104" hai1="107,14,65,9,36,12,72,106,46,3,115,49,73" hai2="39,59,45,55,50,80,18,4,70,71,100,32,86" hai3="125,120,43,97,54,60,90,132,116,112,0,51,124"/><V23/><F32/><W67/><G0/><T30/><D38/><U110/><E110/><V34/><F34/><W88/><G116/><T62/><D113/><U74/><E36/><V42/><F4/><W53/><G120/><T101/><D48/><U111/><E111/><V17/><F100/><W82/><G132/><T108/><D108/><U98/><E65/><V130/><F130/><W19/><G112/><T75/><D123/><U40/><E115/><V84/><F18/><W93/><G43/><T122/><D122/><U16/><E3/><V69/><REACH who="2" step="1"/><F80/><REACH who="2" ten="286,315,160,229" step="2"/><W21/><G124/><T1/><D1/><U24/><E16/><V134/><F134/><W35/><G125/><T89/><D101/><U31/><E31/><V99/><F99/><W135/><G35/><T119/><D119/><U133/><E98/><V126/><F126/><W83/><G135/><T103/><D103/><U20/><E133/><V105/><F105/><W5/><G5/><T63/><D104/><U7/><E107/><V29/><F29/><W6/><G6/><T8/><D30/><N who="1" m="17671" /><E106/><V77/><F77/><W56/><G90/><T2/><D2/><U109/><E109/><V11/><F11/><W47/><REACH who="3" step="1"/><G67/><REACH who="3" ten="286,315,160,219" step="2"/><T26/><D91/><U131/><E7/><V22/><F22/><W64/><G64/><T44/><D66/><U117/><E117/><V28/><F28/><W114/><G114/><T102/><D89/><U25/><E9/><V76/><F76/><W128/><G128/><T127/><D8/><U87/><E131/><V95/><F95/><W57/><G57/><T78/><D94/><RYUUKYOKU ba="1,2" sc="286,-15,315,-15,160,15,219,15" hai2="17,23,39,42,45,50,55,59,69,70,71,84,86" hai3="19,21,47,51,53,54,56,60,82,83,88,93,97" /><INIT seed="6,2,2,4,3,109" ten="271,300,175,234" oya="2" hai0="112,73,51,126,45,25,30,115,38,80,22,41,90" hai1="79,74,40,29,103,87,33,63,121,50,58,14,102" hai2="98,44,16,61,99,15,34,134,26,101,96,59,32" hai3="0,42,124,69,70,37,43,85,20,76,65,4,116"/><V36/><F134/><W125/><G116/><T35/><D126/><N who="3" m="48745" /><G20/><T8/><D8/><U1/><E1/><V27/><F101/><W12/><G12/><T135/><D135/><U108/><E74/><V130/><F130/><W67/><G85/><T55/><D35/><U5/><E108/><V6/><F6/><W46/><G76/><T122/><D122/><U123/><E29/><V114/><F114/><N who="0" m="43562" /><D90/><U54/><E33/><V110/><F110/><W2/><G43/><T107/><D107/><U93/><E5/><V60/><F34/><W57/><G57/><N who="0" m="33023" /><D80/><U129/><E129/><V86/><F32/><W3/><G4/><T94/><D94/><U52/><E93/><V48/><F86/><W62/><G0/><T111/><D111/><U105/><E40/><V89/><F89/><W72/><G72/><AGARI ba="2,2" hai="22,25,30,38,41,45,72,73" m="33023,43562" machi="72" ten="30,7700,0" yaku="15,1,52,3" doraHai="109" who="0" fromWho="3" sc="271,103,300,0,175,0,234,-83" /><INIT seed="7,0,0,4,1,71" ten="374,300,175,151" oya="3" hai0="109,58,40,70,120,68,90,111,106,69,14,96,113" hai1="16,61,76,2,1,43,131,97,107,123,102,122,35" hai2="115,41,60,119,73,116,29,20,52,74,23,117,59" hai3="12,7,26,103,114,19,10,95,80,33,45,92,84"/><W81/><G114/><T36/><D120/><U85/><E131/><V132/><F115/><W82/><G33/><T118/><D113/><U21/><E35/><V54/><F132/><W72/><G72/><T83/><D118/><U13/><E43/><V125/><F125/><W55/><G103/><T8/><D58/><U91/><E76/><V104/><F104/><W22/><REACH who="3" step="1"/><G84/><REACH who="3" ten="374,300,175,141" step="2"/><T127/><D127/><U88/><E122/><V17/><F74/><W110/><G110/><T15/><D111/><U63/><E123/><V101/><F73/><W89/><G89/><T57/><D109/><U75/><E75/><V62/><F101/><W94/><G94/><T0/><D90/><U31/><E91/><V121/><F121/><W49/><AGARI ba="0,1" hai="7,10,12,19,22,26,45,49,55,80,81,82,92,95" machi="49" ten="30,6000,0" yaku="1,1,0,1,8,1,53,0" doraHai="71" doraHaiUra="28" who="3" fromWho="3" sc="374,-20,300,-20,175,-20,141,70" /><INIT seed="7,1,0,4,0,132" ten="354,280,155,211" oya="3" hai0="83,14,55,133,15,95,32,84,62,80,128,89,70" hai1="78,18,44,16,22,75,50,108,118,104,94,40,9" hai2="126,123,20,31,27,53,6,7,0,106,79,71,97" hai3="61,42,82,47,12,113,110,46,37,35,99,26,85"/><W127/><G113/><T96/><D32/><U49/><E104/><V66/><F123/><W52/><G110/><T39/><D133/><U36/><E108/><V67/><F79/><W87/><G99/><T17/><D39/><U90/><E118/><V130/><F130/><W59/><G127/><T135/><D128/><U4/><E18/><V56/><F71/><W91/><G12/><T5/><D135/><U122/><E122/><V77/><F77/><W76/><G47/><T10/><D70/><U60/><E60/><V69/><F69/><W63/><G63/><T98/><D55/><U101/><E101/><V107/><F107/><W33/><REACH who="3" step="1"/><G26/><REACH who="3" ten="354,280,155,201" step="2"/><T114/><D62/><U112/><E112/><V102/><F126/><W2/><G2/><T105/><D114/><U1/><E44/><V34/><F0/><W88/><G88/><T116/><D116/><U29/><E90/><V129/><F129/><W48/><G48/><T68/><D105/><U117/><E50/><V109/><F109/><W41/><G41/><T73/><D96/><U51/><E49/><V45/><F45/><W58/><G58/><T25/><D25/><U43/><E51/><N who="2" m="30783" /><F7/><W38/><G38/><T3/><D68/><U72/><E36/><V57/><F6/><W13/><G13/><T30/><D3/><U54/><E43/><V124/><F124/><W65/><G65/><N who="2" m="24585" /><F57/><W111/><G111/><T103/><D5/><U92/><E4/><V131/><F131/><W121/><G121/><T81/><D89/><U134/><E1/><V21/><F106/><W74/><G74/><T86/><D73/><RYUUKYOKU ba="1,1" sc="354,-15,280,-15,155,15,201,15" hai2="20,21,27,31,34,97,102" hai3="33,35,37,42,46,52,59,61,76,82,85,87,91" /><INIT seed="7,2,1,2,0,99" ten="339,265,170,216" oya="3" hai0="67,101,97,120,135,110,104,130,68,71,48,72,50" hai1="109,77,105,103,78,39,57,90,30,34,87,69,35" hai2="40,114,21,56,44,51,6,132,70,23,121,15,13" hai3="59,115,4,86,60,83,107,117,54,26,16,14,102"/><W61/><G117/><T22/><D120/><U5/><E69/><V93/><F121/><W118/><G118/><T89/><D110/><U129/><E109/><V133/><F70/><W123/><G123/><T47/><D72/><U92/><E39/><V95/><F114/><W8/><G115/><T11/><D130/><U96/><E129/><V18/><F56/><W37/><G37/><T27/><D135/><U88/><E5/><V125/><F125/><W28/><G4/><T36/><D36/><U100/><E30/><V55/><F40/><W24/><G61/><T58/><D11/><U108/><E108/><V7/><F133/><W91/><REACH who="3" step="1"/><G28/><REACH who="3" ten="339,265,170,206" step="2"/><T106/><D50/><U65/><E65/><V116/><F132/><W3/><G3/><T112/><D48/><U10/><E34/><V62/><F116/><W46/><G46/><T124/><D47/><U12/><E35/><V25/><F62/><W66/><G66/><T127/><D67/><U81/><E57/><V80/><F80/><W52/><G52/><T111/><D58/><U75/><E81/><V32/><F32/><W9/><G9/><T128/><D112/><U31/><E10/><N who="2" m="4319" /><F6/><W63/><G63/><T53/><D53/><U1/><E1/><V113/><F113/><W126/><G126/><T0/><D0/><U29/><E29/><AGARI ba="2,2" hai="15,18,21,23,25,29,44,51,55,93,95" m="4319" machi="29" ten="30,1000,0" yaku="8,1" doraHai="99" who="2" fromWho="1" sc="339,0,265,-16,170,36,206,0" owari="339,43.0,249,5.0,206,-19.0,206,-29.0" /></mjloggm>