<mjloggm ver="2.3"><GO type="169" lobby="0"/><UN n0="%CE%B3%E4%B9%85%E6%B5%B7%E8%8F%9C%E3%80%85%E7%BE%8E%CE%B3" n1="%E5%A4%A9%E7%A9%BA%E9%BE%8D" n2="%E7%AF%A0%E4%B9%8B%E4%B9%8B%E7%AE%92" n3="%6F%72%74%68%6F%70%65%64" dan="16,16,17,16" rate="2056.50,2064.11,2147.37,2048.43" sx="M,M,F,M"/><TAIKYOKU oya="0"/><INIT seed="0,0,0,2,5,37" ten="250,250,250,250" oya="0" hai0="19,112,100,90,66,124,93,31,81,4,3,57,80" hai1="42,14,50,101,26,11,86,96,83,92,102,60,91" hai2="45,1,56,6,10,109,133,94,119,105,76,97,130" hai3="73,126,32,72,120,39,87,53,44,9,84,70,33"/><T23/><D112/><U110/><E110/><V127/><F119/><W5/><G70/><T62/><D124/><U28/><E60/><V116/><F116/><W111/><G126/><T18/><D100/><U15/><E102/><V58/><F127/><W104/><G111/><T106/><D106/><U115/><E115/><V27/><F109/><W114/><G120/><T54/><D31/><U17/><E15/><V21/><F105/><W30/><G104/><T68/><D4/><U121/><E121/><V61/><F130/><W113/><G87/><T63/><D3/><U78/><E101/><V55/><F76/><W34/><G84/><T51/><D51/><U85/><E50/><V134/><F45/><W95/><G44/><T108/><D108/><U99/><REACH who="1" step="1"/><E42/><REACH who="1" ten="250,240,250,250" step="2"/><V79/><F61/><W88/><G113/><T20/><D63/><U29/><E29/><V24/><F1/><W25/><G114/><T74/><D66/><U59/><E59/><V43/><F58/><W40/><G30/><T22/><D68/><U118/><E118/><V47/><F56/><W35/><G40/><T41/><D41/><U48/><E48/><V131/><F43/><W77/><G53/><T82/><REACH who="0" step="1"/><D74/><REACH who="0" ten="240,240,250,250" step="2"/><U71/><E71/><V2/><F2/><W16/><G73/><T65/><D65/><U75/><E75/><V12/><F55/><W103/><G72/><T98/><AGARI ba="0,2" hai="18,19,20,22,23,54,57,62,80,81,82,90,93,98" machi="98" ten="30,11700,0" yaku="1,1,0,1,8,1,53,1" doraHai="37" doraHaiUra="89" who="0" fromWho="0" sc="240,137,240,-39,250,-39,250,-39" /><INIT seed="0,1,0,2,5,46" ten="377,201,211,211" oya="0" hai0="115,13,72,117,17,88,64,24,89,67,86,34,35" hai1="42,33,70,69,111,103,5,130,87,97,81,116,53" hai2="122,121,10,76,19,100,58,124,50,31,61,66,14" hai3="16,101,4,29,32,92,128,126,25,71,0,93,7"/><T21/><D115/><U44/><E116/><V20/><F124/><W107/><G128/><T75/><D117/><U77/><E33/><V6/><F100/><W123/><G123/><T37/><D37/><U27/><E130/><V133/><F133/><W98/><G126/><T40/><D40/><U45/><E111/><V52/><F76/><W39/><G39/><T22/><D35/><U11/><E27/><V55/><F31/><W56/><G56/><T85/><D34/><U131/><E131/><V94/><F94/><W74/><G74/><T78/><D78/><U3/><E45/><V112/><F112/><W68/><G16/><N who="0" m="10383" /><D75/><U108/><E53/><V79/><F79/><W90/><G0/><T125/><D72/><U1/><E1/><V135/><F55/><W102/><G102/><T104/><D104/><U99/><E108/><V82/><F82/><W59/><G59/><T51/><D125/><U38/><REACH who="1" step="1"/><E99/><REACH who="1" ten="377,191,211,211" step="2"/><V8/><F135/><W80/><G98/><T30/><D67/><U2/><E2/><V73/><F73/><W109/><G109/><T113/><D64/><U49/><E49/><V134/><F134/><W105/><G32/><T12/><D113/><U23/><E23/><V63/><F63/><W65/><G65/><T84/><D51/><U26/><E26/><V110/><F110/><W127/><G25/><T114/><D114/><U43/><E43/><V47/><REACH who="2" step="1"/><F10/><REACH who="2" ten="377,191,201,211" step="2"/><W36/><G127/><T41/><D41/><U18/><E18/><V132/><F132/><W95/><G29/><T62/><D62/><U83/><E83/><V28/><F28/><RYUUKYOKU ba="1,2" sc="377,10,191,10,201,10,211,-30" hai0="12,17,22,24,30,84,85,86,88,89" hai1="3,5,11,38,42,44,69,70,77,81,87,97,103" hai2="6,8,14,19,20,47,50,52,58,61,66,121,122" /><INIT seed="0,2,2,1,0,39" ten="387,201,211,181" oya="0" hai0="9,61,81,106,103,68,69,6,131,120,133,10,11" hai1="52,94,72,77,45,104,24,46,71,21,76,125,41" hai2="66,5,42,108,38,33,30,8,130,20,32,116,3" hai3="98,17,65,128,132,114,50,63,124,57,107,0,67"/><T134/><D120/><U1/><E104/><V26/><F116/><W115/><G0/><T64/><D131/><U121/><E121/><V60/><F130/><W129/><G17/><T59/><D6/><U36/><E71/><V127/><F127/><W84/><G84/><T89/><D103/><U95/><E1/><V109/><F38/><W92/><G107/><T53/><D106/><U135/><E135/><N who="0" m="51721" /><D81/><U4/><E4/><V83/><F83/><W34/><G132/><T58/><D89/><U55/><E125/><V100/><F100/><W23/><G124/><T91/><D91/><U118/><E118/><V126/><F126/><W27/><G114/><T78/><D78/><U117/><E117/><V80/><F80/><W22/><G115/><T122/><D122/><U51/><E72/><V56/><REACH who="2" step="1"/><F42/><REACH who="2" ten="387,201,201,181" step="2"/><W101/><G101/><T40/><D40/><U44/><E36/><V105/><F105/><W25/><G128/><T28/><D28/><N who="1" m="17423" /><E77/><V97/><F97/><W35/><G98/><T16/><D16/><U19/><E76/><V102/><F102/><W110/><G129/><T113/><D113/><U18/><E18/><V79/><F79/><W2/><G92/><N who="1" m="35370" /><E19/><V99/><F99/><W48/><G27/><T88/><D88/><U82/><E82/><V13/><F13/><W62/><G25/><T93/><D93/><U15/><E15/><V7/><F7/><W70/><G2/><T43/><D43/><U96/><E96/><V31/><F31/><W37/><G37/><T112/><D112/><U119/><E119/><V85/><F85/><W74/><G74/><RYUUKYOKU ba="2,3" sc="387,10,201,10,201,10,181,-30" hai0="9,10,11,53,58,59,61,64,68,69" hai1="41,44,45,46,51,52,55" hai2="3,5,8,20,26,30,32,33,56,60,66,108,109" /><INIT seed="0,3,3,5,4,76" ten="397,211,211,151" oya="0" hai0="74,99,27,94,89,97,130,25,31,96,33,112,92" hai1="125,81,11,129,115,1,44,121,30,118,117,16,40" hai2="49,57,7,14,108,128,42,9,86,35,119,123,36" hai3="43,124,2,4,126,53,65,70,15,18,72,10,52"/><T19/><D112/><U37/><E121/><V134/><F123/><W104/><G104/><T22/><D130/><U21/><E129/><V110/><F119/><W34/><G72/><T132/><D132/><U135/><E135/><V103/><F134/><W5/><G43/><T38/><D38/><U93/><E125/><N who="3" m="48234" /><G34/><T23/><D74/><U101/><E30/><V75/><F75/><W82/><G82/><T47/><D47/><U20/><E20/><V122/><F122/><W102/><G102/><T63/><D63/><U51/><E115/><V78/><F35/><W13/><G13/><T111/><D111/><N who="2" m="42538" /><F128/><W113/><G113/><T6/><D6/><N who="3" m="2665" /><G2/><T45/><D45/><U83/><E11/><V17/><F103/><W68/><G65/><T109/><D109/><U39/><E1/><V85/><F36/><W62/><G62/><T88/><REACH who="0" step="1"/><D33/><REACH who="0" ten="387,211,211,151" step="2"/><U87/><E37/><V50/><F42/><W3/><G3/><T107/><D107/><U32/><E32/><V105/><F105/><W80/><G80/><T73/><D73/><U55/><E39/><V61/><F7/><W26/><G26/><T98/><AGARI ba="3,4" hai="19,22,23,25,27,31,88,89,92,94,96,97,98,99" machi="98" ten="20,18000,2" yaku="1,1,0,1,7,1,9,1,8,1,54,1,53,0" doraHai="76" doraHaiUra="106" who="0" fromWho="0" sc="387,229,211,-63,211,-63,151,-63" /><INIT seed="0,4,0,5,0,134" ten="616,148,148,88" oya="0" hai0="33,10,131,59,101,118,41,62,23,86,90,129,70" hai1="54,64,115,34,114,11,128,57,99,116,55,3,39" hai2="18,95,113,69,21,72,47,22,122,97,87,82,130" hai3="96,45,106,75,93,83,1,42,52,48,16,124,89"/><T12/><D118/><U65/><E34/><V100/><F69/><W4/><G124/><T0/><D33/><U49/><E116/><V126/><F113/><N who="1" m="43017" /><E39/><V36/><F122/><W60/><G106/><T29/><D70/><U58/><E99/><V77/><F130/><N who="0" m="49674" /><D41/><U46/><E128/><V81/><F126/><W120/><G4/><T2/><D101/><U5/><E58/><V35/><F35/><W85/><G1/><T66/><D23/><U104/><E104/><V98/><F98/><W105/><G105/><T53/><D29/><U88/><E88/><V14/><F47/><W38/><G75/><T133/><D66/><N who="1" m="25707" /><E57/><V44/><F44/><W92/><G120/><T43/><D43/><AGARI ba="4,0" hai="3,5,11,43,46,49,54,55" m="25707,43017" machi="43" ten="30,1000,0" yaku="11,1" doraHai="134" who="1" fromWho="0" sc="616,-22,148,22,148,0,88,0" /><INIT seed="1,0,0,1,2,127" ten="594,170,148,88" oya="1" hai0="51,50,32,93,39,26,94,79,41,68,8,67,87" hai1="31,21,45,126,117,124,27,43,42,65,64,25,78" hai2="85,83,111,130,38,13,122,9,24,114,86,97,123" hai3="112,102,11,134,100,92,113,84,129,23,16,36,58"/><U115/><E115/><V80/><F114/><W98/><G36/><T116/><D116/><U121/><E117/><V75/><F38/><W30/><G134/><T52/><D39/><U107/><E107/><V22/><F111/><W59/><G112/><T90/><D79/><U110/><E121/><V104/><F75/><W89/><G102/><T81/><D8/><U66/><E110/><V19/><F104/><W95/><G113/><T15/><D15/><U47/><E78/><V71/><F71/><W77/><G77/><T60/><D50/><U69/><E69/><V70/><F70/><W82/><G82/><T10/><D41/><U63/><E63/><V128/><F97/><W119/><G119/><T101/><D10/><U61/><E61/><V29/><F83/><W72/><G72/><T132/><D132/><U53/><E53/><V62/><F62/><W18/><G129/><N who="2" m="49769" /><F86/><W5/><G98/><T37/><D101/><U33/><E42/><V57/><F57/><W96/><G59/><T0/><D37/><U105/><E105/><V17/><F29/><W40/><G58/><T106/><D106/><U103/><E103/><V4/><F4/><W73/><G40/><T74/><D74/><U88/><E43/><V1/><F1/><N who="3" m="431" /><G73/><T54/><D0/><U14/><E45/><V48/><F48/><W120/><G120/><T28/><D54/><U99/><E47/><AGARI ba="0,0" hai="26,28,32,47,51,52,60,67,68,81,87,90,93,94" machi="47" ten="30,2000,0" yaku="7,1,54,1" doraHai="127" who="0" fromWho="1" sc="594,20,170,-20,148,0,88,0" /><INIT seed="2,0,0,3,3,38" ten="614,150,148,88" oya="2" hai0="53,20,120,97,100,119,45,87,124,88,22,9,58" hai1="42,48,125,106,68,128,39,52,84,78,104,116,49" hai2="131,51,44,19,94,21,12,33,71,11,70,14,2" hai3="15,34,26,112,121,109,99,80,103,4,47,89,91"/><V0/><F131/><W110/><G121/><T50/><D120/><U102/><E116/><V25/><F33/><W13/><G112/><T133/><D133/><U82/><E68/><V16/><F94/><W86/><G89/><T75/><D75/><U127/><E128/><V90/><F90/><W59/><G59/><T114/><D124/><N who="1" m="47691" /><E102/><V107/><F107/><N who="1" m="41001" /><E52/><V8/><F71/><W43/><G34/><T18/><D114/><U10/><E10/><V135/><F70/><W63/><G63/><T77/><D77/><U62/><E62/><V73/><F73/><W117/><G117/><T1/><D1/><U56/><E56/><V28/><REACH who="2" step="1"/><F135/><REACH who="2" ten="614,150,138,88" step="2"/><W113/><G113/><T5/><D88/><U66/><E66/><V65/><F65/><W64/><G64/><T30/><D119/><U132/><E132/><V7/><F7/><W17/><G4/><T122/><D5/><U57/><E57/><V35/><F35/><W96/><G91/><T46/><D58/><U72/><E72/><V108/><F108/><W23/><G110/><T115/><D115/><U83/><E83/><V81/><F81/><W60/><G109/><T3/><D122/><U32/><E32/><V118/><F118/><W74/><G74/><T126/><D126/><U41/><E39/><V37/><F37/><N who="3" m="21999" /><G60/><T79/><D50/><AGARI ba="0,1" hai="41,42,48,49,50,78,82,84" m="41001,47691" machi="50" ten="30,3900,0" yaku="18,1,52,2" doraHai="38" who="1" fromWho="0" sc="614,-39,150,49,138,0,88,0" /><INIT seed="3,0,0,1,0,123" ten="575,199,138,88" oya="3" hai0="117,106,21,49,47,2,76,43,83,40,71,20,84" hai1="114,60,6,86,55,12,73,96,104,75,51,124,13" hai2="10,37,14,5,127,95,46,97,24,56,17,125,62" hai3="59,68,101,130,9,42,98,128,109,80,28,34,94"/><W131/><G68/><T116/><D71/><U1/><E114/><V35/><F37/><W25/><G42/><T30/><D2/><U23/><E124/><N who="2" m="47691" /><F46/><W29/><G29/><T74/><D106/><U64/><E1/><V70/><F70/><W129/><N who="3" m="32768" /><DORA hai="54" /><W44/><G44/><T53/><D74/><U87/><E75/><V39/><F39/><W91/><G9/><T63/><D116/><U66/><E73/><V65/><F35/><W67/><G109/><T107/><D107/><U100/><E60/><V103/><F24/><W133/><G133/><T16/><D117/><U45/><E12/><V52/><F65/><W122/><G122/><T27/><D63/><U119/><E119/><V7/><AGARI ba="0,0" hai="5,7,10,14,17,52,56,62,95,97,103" m="47691" machi="7" ten="30,4000,0" yaku="18,1,52,1,54,1" doraHai="123,54" who="2" fromWho="2" sc="575,-10,199,-10,138,40,88,-20" /><INIT seed="4,0,0,4,3,134" ten="565,189,178,68" oya="0" hai0="8,17,37,50,73,15,62,90,3,124,104,14,56" hai1="61,65,93,123,36,49,16,55,33,83,23,107,126" hai2="54,111,46,110,9,128,100,43,112,63,121,53,125" hai3="38,79,86,131,98,119,106,82,92,57,27,127,25"/><T80/><D37/><U132/><E123/><V26/><F121/><W28/><G119/><T97/><D3/><U7/><E107/><V34/><F128/><W69/><G131/><T114/><D114/><U48/><E36/><V99/><F112/><W102/><G38/><T129/><D129/><U115/><E33/><V70/><F9/><W95/><G27/><T109/><D109/><U45/><E132/><V59/><F70/><W113/><G113/><T74/><D50/><U22/><E7/><V76/><F76/><W87/><G69/><T31/><D31/><U122/><E122/><V41/><F54/><W96/><G57/><T51/><D51/><U2/><E2/><V52/><F53/><W5/><G5/><T101/><D124/><U133/><E126/><V6/><F125/><W40/><G40/><T58/><D58/><U44/><E93/><N who="3" m="35914" /><G127/><T120/><D120/><U88/><E16/><V39/><F43/><W103/><G25/><T118/><D118/><U11/><E11/><V32/><F6/><W42/><G42/><T21/><D90/><U13/><E13/><V47/><F47/><W20/><G20/><T105/><D105/><U117/><E117/><V12/><F12/><W85/><G28/><T81/><D73/><U78/><E88/><V30/><F34/><W72/><G72/><T66/><REACH who="0" step="1"/><D74/><REACH who="0" ten="555,189,178,68" step="2"/><N who="1" m="43479" /><E133/><V68/><F68/><W71/><G71/><T108/><D108/><U67/><E115/><V89/><F89/><W4/><G4/><AGARI ba="0,1" hai="4,8,14,15,17,21,56,62,66,80,81,97,101,104" machi="4" ten="30,2900,0" yaku="1,1,7,1,53,0" doraHai="134" doraHaiUra="24" who="0" fromWho="3" sc="555,39,189,0,178,0,68,-29" /><INIT seed="4,1,0,5,0,30" ten="594,189,178,39" oya="0" hai0="123,80,53,79,55,39,84,91,68,129,112,131,12" hai1="11,9,132,33,47,117,108,59,135,128,0,43,44" hai2="101,73,25,26,21,52,29,93,74,75,127,96,46" hai3="125,6,86,102,36,98,10,115,103,37,64,50,133"/><T56/><D123/><U5/><E108/><V58/><F127/><W41/><G125/><T17/><D68/><U31/><E117/><V8/><F8/><W78/><G64/><T88/><D39/><U20/><E128/><N who="0" m="49225" /><D112/><U63/><E33/><V126/><F126/><W45/><G115/><T3/><D3/><U62/><E44/><V54/><F46/><W82/><G133/><N who="1" m="51274" /><E59/><V90/><F26/><W24/><G24/><T77/><D91/><U122/><E122/><V2/><F2/><W130/><G130/><T97/><D97/><U124/><E124/><V60/><REACH who="2" step="1"/><F90/><REACH who="2" ten="594,189,168,39" step="2"/><W51/><G103/><T105/><D88/><U109/><E11/><V72/><N who="2" m="18432" /><DORA hai="16" /><V61/><F61/><W27/><G27/><T28/><D79/><U83/><E109/><V13/><F13/><W70/><G102/><T114/><D12/><U99/><E9/><V38/><F38/><W118/><G37/><T19/><D77/><U4/><E0/><V113/><F113/><W107/><G78/><T100/><D114/><U48/><E63/><V81/><F81/><W92/><G82/><T57/><D80/><U76/><E62/><V89/><F89/><W42/><G36/><T18/><D100/><U7/><E99/><V34/><F34/><W69/><G10/><T40/><D84/><N who="1" m="48231" /><E4/><V134/><F134/><W14/><G6/><T120/><D120/><U119/><E119/><V110/><F110/><W66/><G118/><T106/><D106/><U23/><E23/><V85/><F85/><W87/><G107/><T67/><D105/><U49/><E49/><N who="3" m="18442" /><G87/><T121/><D121/><RYUUKYOKU ba="1,1" sc="594,-15,189,15,168,15,39,-15" hai1="5,7,20,31,43,47,48" hai2="21,25,29,52,54,58,60,93,96,101" /><INIT seed="5,2,1,2,4,36" ten="579,204,183,24" oya="1" hai0="62,50,52,74,93,4,75,78,118,81,34,103,58" hai1="11,113,79,5,110,119,77,7,9,68,71,44,102" hai2="84,47,45,109,101,12,29,54,85,1,6,8,65" hai3="128,69,97,28,82,22,46,76,115,129,88,131,73"/><U26/><E119/><V33/><F109/><W15/><G115/><T132/><D34/><U135/><E135/><V117/><F117/><W13/><G69/><T16/><D132/><U133/><E133/><V111/><F111/><W56/><G56/><T92/><D4/><U67/><E110/><V123/><F123/><W40/><G28/><T80/><D118/><U126/><E126/><V104/><F65/><W107/><G22/><T61/><D103/><U91/><E102/><V32/><F32/><W105/><G105/><T124/><D124/><U89/><E26/><V37/><F101/><W108/><G108/><T31/><D31/><U24/><E24/><V66/><F66/><W120/><G120/><T27/><D62/><U106/><E44/><V23/><F104/><W121/><G121/><T60/><D60/><U100/><E100/><V112/><F112/><W35/><G35/><T19/><D61/><U53/><E53/><V42/><F54/><W99/><G107/><T17/><D27/><U18/><E106/><V125/><F47/><W14/><REACH who="3" step="1"/><G88/><REACH who="3" ten="579,204,183,14" step="2"/><T57/><D58/><U38/><E113/><V25/><F125/><W39/><AGARI ba="2,2" hai="13,14,15,39,40,46,73,76,82,97,99,128,129,131" machi="39" ten="40,8000,1" yaku="1,1,2,1,0,1,19,1,52,1,53,0" doraHai="36" doraHaiUra="59" who="3" fromWho="3" sc="579,-22,204,-42,183,-22,14,106" /><INIT seed="6,0,0,4,0,107" ten="557,162,161,120" oya="2" hai0="102,64,45,14,118,122,131,30,44,97,83,62,34" hai1="40,3,56,11,82,12,48,25,134,42,77,69,1" hai2="89,28,124,109,5,65,41,27,125,35,85,38,46" hai3="47,110,37,10,22,92,8,133,120,91,84,17,55"/><V119/><F119/><W75/><G120/><T90/><D131/><U88/><E69/><V100/><F100/><W29/><G110/><T61/><D61/><U106/><E106/><V66/><F109/><W26/><G133/><T60/><D60/><U36/><E134/><V93/><REACH who="2" step="1"/><F5/><REACH who="2" ten="557,162,151,120" step="2"/><W80/><G29/><T51/><D30/><U72/><E88/><V121/><F121/><W104/><G104/><T101/><D90/><U94/><E94/><V113/><F113/><W71/><G92/><T13/><D101/><U0/><E36/><V4/><F4/><W112/><G112/><T43/><D102/><U95/><E95/><V59/><F59/><W76/><G37/><T123/><D118/><U58/><E56/><V86/><F86/><W16/><G91/><T31/><D31/><U117/><E117/><V39/><F39/><W87/><G84/><T32/><D122/><U135/><E135/><V79/><F79/><W68/><G87/><T108/><D123/><U96/><E96/><V18/><F18/><W50/><REACH who="3" step="1"/><G17/><REACH who="3" ten="557,162,151,110" step="2"/><T74/><D108/><U2/><N who="1" m="512" /><DORA hai="57" /><U127/><E77/><V105/><F105/><W70/><AGARI ba="0,2" hai="8,10,16,22,26,47,50,55,68,70,71,75,76,80" machi="70" ten="30,7900,0" yaku="1,1,0,1,52,1,54,1,53,0" doraHai="107,57" doraHaiUra="103,129" who="3" fromWho="3" sc="557,-20,162,-20,151,-39,110,99" /><INIT seed="7,0,0,0,5,74" ten="537,142,112,209" oya="3" hai0="28,82,111,87,7,120,123,119,16,58,65,100,51" hai1="129,88,34,49,9,75,104,20,12,128,45,94,8" hai2="19,116,50,73,36,93,95,25,105,108,135,103,59" hai3="132,99,11,78,33,107,13,23,41,18,127,67,126"/><W46/><G33/><T85/><D111/><U79/><E34/><V124/><F116/><W72/><G67/><T54/><D119/><U1/><E104/><V42/><F108/><W69/><G69/><T83/><D28/><U133/><E133/><V89/><F124/><W10/><G132/><T70/><D7/><U22/><E1/><V3/><F3/><W5/><G99/><T125/><D125/><N who="3" m="47625" /><G107/><T48/><D100/><U121/><E121/><V117/><F117/><W97/><G97/><T0/><D0/><U55/><E8/><V98/><F36/><N who="3" m="21799" /><G5/><T26/><D65/><U96/><E129/><V31/><F135/><W24/><G24/><T43/><D70/><U53/><E128/><V113/><F113/><W112/><G112/><T44/><D120/><U90/><E90/><V17/><F73/><W131/><G131/><T101/><D101/><U110/><E110/><V21/><F105/><W57/><G57/><T6/><D6/><U66/><E66/><V4/><F4/><W2/><G2/><T61/><D123/><U80/><E55/><V106/><F106/><W38/><G38/><T84/><D51/><U115/><E115/><V122/><F122/><W76/><G72/><T114/><D114/><U27/><E27/><V29/><F29/><W14/><G14/><T30/><D30/><U47/><E45/><V56/><F56/><W91/><G91/><T60/><D60/><U52/><E53/><N who="2" m="32183" /><F42/><W32/><G32/><T134/><D134/><U62/><E62/><V102/><F102/><W86/><G18/><AGARI ba="0,0" hai="9,12,18,20,22,47,49,52,75,79,80,88,94,96" machi="18" ten="30,7700,0" yaku="7,1,52,1,54,2" doraHai="74" who="1" fromWho="3" sc="537,0,142,77,112,0,209,-77" owari="537,64.0,219,2.0,112,-39.0,132,-27.0" /></mjloggm>