<mjloggm ver="2.3"><GO type="169" lobby="0"/><UN n0="%E3%83%8F%E3%83%81%E3%83%A5%E3%83%8A" n1="%EF%BC%A7%EF%BC%A1%EF%BC%AD%EF%BC%A5" n2="%E9%81%8A%E8%B5%B0" n3="%EF%BC%B1" dan="16,16,16,16" rate="2102.52,2068.98,2160.93,2122.02" sx="F,M,F,M"/><TAIKYOKU oya="0"/><INIT seed="0,0,0,1,0,0" ten="250,250,250,250" oya="0" hai0="39,95,65,85,57,118,4,3,133,10,8,87,18" hai1="86,97,33,46,92,74,130,124,73,28,103,131,89" hai2="32,94,17,11,69,5,83,91,64,71,1,76,125" hai3="107,88,90,114,52,116,53,50,41,15,128,123,22"/><T49/><D118/><U34/><E46/><V110/><F110/><W19/><G114/><T121/><D121/><U129/><E28/><V109/><F109/><W112/><G112/><T63/><D133/><U12/><E12/><V96/><F125/><W102/><G128/><T31/><D39/><U113/><E113/><V30/><F30/><W119/><G123/><T104/><D104/><U42/><E42/><V84/><F32/><W101/><G116/><T117/><D117/><U37/><E37/><V21/><REACH who="2" step="1"/><F64/><REACH who="2" ten="250,250,240,250" step="2"/><W13/><G119/><T36/><D31/><U51/><E34/><V132/><F132/><W127/><G127/><T29/><D29/><U105/><E33/><V20/><F20/><W38/><G38/><T100/><D36/><U45/><E124/><V9/><F9/><W47/><G13/><AGARI ba="0,1" hai="1,5,11,13,17,21,69,71,76,83,84,91,94,96" machi="13" ten="30,3900,0" yaku="1,1,7,1,52,1,53,0" doraHai="0" doraHaiUra="61" who="2" fromWho="3" sc="250,0,250,0,240,49,250,-39" /><INIT seed="1,0,0,3,5,11" ten="250,250,289,211" oya="1" hai0="132,75,39,64,77,10,36,47,74,117,111,56,71" hai1="27,83,88,96,76,107,108,20,122,18,63,82,57" hai2="32,52,114,84,125,19,109,90,118,33,48,106,58" hai3="24,98,100,5,134,35,95,133,130,29,12,86,68"/><U73/><E122/><V45/><F118/><W49/><G130/><T51/><D111/><U104/><E108/><V110/><F114/><W119/><G119/><T44/><D117/><U6/><E6/><V0/><F125/><W31/><G68/><T25/><D132/><N who="3" m="50793" /><G31/><T102/><D102/><U4/><E4/><V1/><F106/><W97/><G49/><T92/><D71/><U61/><E61/><V54/><F110/><W65/><G65/><T103/><D77/><U9/><E9/><V23/><F109/><W70/><G70/><T81/><D81/><U113/><E113/><V50/><F32/><W80/><G98/><T62/><D25/><U126/><E126/><V3/><F33/><W93/><G5/><T123/><D123/><U94/><REACH who="1" step="1"/><E82/><REACH who="1" ten="250,240,289,211" step="2"/><V124/><F124/><W99/><G80/><T22/><D10/><U128/><E128/><V116/><F116/><W14/><G86/><T67/><D62/><U30/><E30/><V16/><F1/><W59/><G59/><T41/><D56/><U53/><AGARI ba="0,1" hai="18,20,27,53,57,63,73,76,83,88,94,96,104,107" machi="53" ten="20,18000,2" yaku="1,1,0,1,7,1,25,2,54,1,53,0" doraHai="11" doraHaiUra="131" who="1" fromWho="1" sc="250,-60,240,190,289,-60,211,-60" /><INIT seed="1,1,0,2,2,131" ten="190,430,229,151" oya="1" hai0="45,130,27,86,109,72,49,29,89,9,64,75,69" hai1="5,119,132,37,52,81,123,116,94,33,99,135,1" hai2="40,2,80,71,61,39,65,32,44,43,59,98,108" hai3="113,82,114,73,88,90,103,70,63,34,7,26,133"/><U125/><E125/><V78/><F108/><W12/><G103/><T36/><D109/><U76/><E123/><V14/><F32/><W20/><G133/><N who="1" m="51274" /><E37/><V28/><F28/><W11/><G34/><T134/><D9/><N who="1" m="2223" /><E33/><V60/><F2/><W35/><G35/><T30/><D36/><U19/><E52/><V53/><F40/><W95/><G63/><T79/><D30/><U104/><E19/><V101/><F14/><W0/><G0/><T74/><D29/><U24/><E24/><V4/><F4/><W18/><G70/><T102/><D69/><U107/><E94/><V93/><F39/><W50/><G50/><T6/><D49/><U31/><E31/><V92/><F92/><W46/><G46/><T120/><D45/><U3/><E3/><V57/><F44/><W121/><G121/><T38/><D38/><U41/><E41/><V118/><F43/><W96/><REACH who="3" step="1"/><G90/><REACH who="3" ten="190,430,229,141" step="2"/><T100/><D89/><U56/><E56/><V22/><F57/><W68/><G68/><T54/><D120/><U42/><E42/><V127/><F59/><W58/><G58/><T84/><D134/><U105/><E99/><V21/><F71/><W47/><G47/><T62/><D62/><U106/><E106/><V129/><F98/><W13/><G13/><T124/><D124/><U15/><E15/><V25/><F127/><W122/><G122/><T77/><D27/><U8/><E8/><V97/><F25/><W91/><G91/><T55/><D130/><U10/><E10/><V111/><F129/><W117/><G117/><N who="1" m="45130" /><E107/><V67/><F118/><W112/><G112/><RYUUKYOKU ba="1,1" sc="190,-15,430,15,229,-15,141,15" hai1="76,81,104,105" hai3="7,11,12,18,20,26,73,82,88,95,96,113,114" /><INIT seed="1,2,1,0,5,43" ten="175,445,214,156" oya="1" hai0="133,101,69,53,92,59,66,95,106,27,7,71,126" hai1="44,77,65,18,135,34,62,70,132,54,127,80,11" hai2="39,33,88,73,28,56,114,24,115,72,118,113,20" hai3="17,81,90,61,97,68,16,3,86,4,128,60,26"/><U76/><E127/><V2/><F118/><W78/><G128/><T13/><D126/><U108/><E34/><V52/><F39/><W125/><G125/><T9/><D133/><N who="1" m="51275" /><E108/><V130/><F130/><W55/><G3/><T98/><D66/><U51/><E80/><V103/><F2/><W41/><G41/><T15/><D27/><U22/><E11/><V134/><F134/><W102/><G4/><T74/><D74/><U112/><E112/><V100/><F33/><W0/><G0/><T35/><D35/><U42/><E42/><V99/><F88/><N who="3" m="51279" /><G68/><T58/><D58/><U107/><E107/><N who="2" m="63903" /><F103/><W91/><G78/><T6/><D71/><U64/><E65/><V83/><F83/><W116/><G116/><T36/><D69/><U89/><E89/><N who="3" m="33802" /><G26/><AGARI ba="2,1" hai="18,22,26,44,51,54,62,64,70,76,77" m="51275" machi="26" ten="30,2900,0" yaku="20,1,52,1" doraHai="43" who="1" fromWho="3" sc="175,0,445,45,214,0,156,-35" /><INIT seed="1,3,0,2,4,16" ten="175,490,214,121" oya="1" hai0="105,117,100,127,92,76,62,129,59,75,126,4,58" hai1="125,95,5,94,131,28,35,61,2,17,33,133,85" hai2="69,56,104,96,111,99,116,74,82,20,110,32,51" hai3="109,113,132,46,54,36,79,24,78,124,98,57,41"/><U49/><E131/><V23/><F69/><W44/><G113/><T38/><D117/><U13/><E125/><V102/><F32/><W115/><G115/><T14/><D38/><U53/><E133/><V48/><F116/><W91/><G132/><T89/><D129/><U6/><E61/><V77/><F96/><W108/><G124/><N who="0" m="47659" /><D105/><U9/><E6/><V66/><F51/><W0/><G0/><T63/><D100/><U83/><E94/><V65/><F48/><W55/><G44/><T18/><D4/><U130/><E95/><V73/><F73/><W19/><G91/><T84/><D75/><U42/><E42/><V112/><F112/><W90/><G90/><T30/><D30/><U50/><E28/><V67/><REACH who="2" step="1"/><F56/><REACH who="2" ten="175,490,204,121" step="2"/><N who="0" m="21546" /><D76/><U11/><E49/><V72/><F72/><W34/><G57/><T68/><D68/><U8/><E130/><V71/><F71/><W122/><G79/><T81/><D81/><U134/><E134/><V114/><F114/><W121/><G78/><T86/><D86/><U3/><E85/><V10/><F10/><AGARI ba="3,1" hai="10,14,18,62,63,84,89,92" m="21546,47659" machi="10" ten="30,1000,0" yaku="18,1" doraHai="16" who="0" fromWho="2" sc="175,29,490,0,204,-19,121,0" /><INIT seed="2,0,0,2,4,133" ten="204,490,185,121" oya="2" hai0="98,53,104,123,12,91,69,119,74,59,25,103,66" hai1="125,20,93,117,88,84,135,71,90,113,1,132,130" hai2="13,14,30,33,78,32,10,49,81,62,134,35,22" hai3="72,101,45,94,122,48,39,109,7,124,51,36,79"/><V3/><F62/><W38/><G122/><T99/><D123/><U120/><E1/><V118/><F118/><W57/><G109/><T11/><D74/><U24/><E71/><V127/><F49/><W61/><G124/><T16/><D119/><U6/><E113/><V63/><F63/><W2/><G101/><T106/><D69/><U5/><E120/><V82/><F134/><N who="1" m="51241" /><E125/><V29/><F127/><W102/><G102/><T41/><D41/><U85/><E130/><V87/><F82/><W112/><G94/><T70/><D70/><U105/><E105/><V15/><REACH who="2" step="1"/><F22/><REACH who="2" ten="204,490,175,121" step="2"/><W58/><G112/><T121/><D121/><U96/><E117/><V56/><F56/><N who="3" m="21611" /><G61/><T54/><D59/><U43/><E20/><V17/><F17/><W55/><G51/><T37/><D16/><U107/><E5/><AGARI ba="0,1" hai="3,5,10,13,14,15,29,30,32,33,35,78,81,87" machi="5" ten="50,2400,0" yaku="1,1,53,0" doraHai="133" doraHaiUra="65" who="2" fromWho="1" sc="204,0,490,-24,175,34,121,0" /><BYE who="0" /><UN n0="%E3%83%8F%E3%83%81%E3%83%A5%E3%83%8A" /><INIT seed="2,1,0,3,5,1" ten="204,466,209,121" oya="2" hai0="119,75,78,31,45,85,37,120,25,80,106,128,7" hai1="112,134,12,27,109,47,77,63,11,40,97,81,96" hai2="107,83,86,135,124,58,82,35,129,10,70,110,88" hai3="36,2,132,89,46,116,50,103,19,24,6,90,4"/><V99/><F135/><W127/><G116/><T5/><D120/><U59/><E109/><V130/><F70/><W95/><G2/><T101/><D128/><N who="2" m="49258" /><F35/><W84/><G132/><T104/><D119/><U72/><E112/><V56/><F110/><W33/><G36/><T102/><D75/><U60/><E27/><V111/><F111/><W65/><G65/><T131/><D131/><U52/><E63/><V26/><F124/><W79/><G127/><T73/><D73/><U29/><E29/><V48/><F26/><W64/><G64/><T76/><D76/><U43/><E134/><V15/><F82/><BYE who="0" /><N who="3" m="47199" /><G33/><UN n0="%E3%83%8F%E3%83%81%E3%83%A5%E3%83%8A" /><T114/><D114/><U42/><REACH who="1" step="1"/><E47/><REACH who="1" ten="204,456,209,121" step="2"/><V71/><F71/><W23/><G46/><T122/><D45/><U62/><E62/><V51/><F58/><W121/><G121/><T17/><D25/><U108/><E108/><V32/><F56/><W9/><G50/><T53/><D122/><U91/><E91/><N who="3" m="34826" /><G9/><T57/><D57/><U44/><E44/><V16/><F32/><W87/><G87/><T123/><D85/><U92/><E92/><V41/><F41/><W117/><G117/><T67/><D123/><U14/><E14/><V94/><F94/><W115/><G115/><T93/><D93/><U3/><E3/><V113/><F113/><W66/><G66/><T68/><D67/><U126/><E126/><V18/><F51/><W98/><AGARI ba="1,1" hai="4,6,19,23,24,95,98,103" m="34826,47199" machi="98" ten="30,4000,0" yaku="8,1,52,2" doraHai="1" who="3" fromWho="3" sc="204,-11,456,-11,209,-21,121,53" /><INIT seed="3,0,0,5,5,132" ten="193,445,188,174" oya="3" hai0="30,61,23,92,50,5,130,29,83,16,46,122,116" hai1="118,69,24,2,8,10,73,86,111,19,113,65,17" hai2="99,127,45,126,94,131,71,96,108,11,14,40,81" hai3="42,82,41,62,56,103,54,55,74,90,75,106,70"/><W121/><G121/><T20/><D122/><U7/><E73/><V27/><F71/><W134/><G134/><T22/><D116/><U39/><E69/><V102/><F108/><W107/><G70/><T119/><D119/><U47/><E65/><V38/><F131/><W72/><G103/><T91/><D130/><U79/><E118/><V6/><F27/><W1/><G1/><T133/><D133/><U3/><E111/><V84/><REACH who="2" step="1"/><F99/><REACH who="2" ten="193,445,178,174" step="2"/><W100/><G107/><T115/><D29/><U28/><E28/><V89/><AGARI ba="0,1" hai="6,11,14,38,40,45,81,84,89,94,96,102,126,127" machi="89" ten="30,8000,1" yaku="1,1,2,1,0,1,52,2,53,0" doraHai="132" doraHaiUra="129" who="2" fromWho="2" sc="193,-20,445,-20,178,90,174,-40" /><INIT seed="4,0,0,3,4,112" ten="173,425,268,134" oya="0" hai0="45,56,13,30,109,31,100,52,115,96,106,65,59" hai1="121,128,72,90,75,132,129,22,91,88,18,80,36" hai2="47,127,78,74,94,108,125,117,119,49,67,97,21" hai3="68,79,98,55,57,62,39,124,34,107,110,66,70"/><T40/><D115/><U101/><E36/><V130/><F108/><W0/><G110/><T28/><D109/><U24/><E132/><V95/><F130/><N who="1" m="50281" /><E121/><V82/><F67/><W58/><G124/><N who="2" m="47689" /><F21/><W48/><G0/><T14/><D65/><U7/><E101/><N who="2" m="60599" /><F95/><W43/><G34/><T122/><D122/><U44/><E44/><V15/><F15/><W131/><G131/><T17/><D59/><U86/><E7/><V123/><F123/><W12/><G79/><AGARI ba="0,0" hai="18,22,24,72,75,79,80,86,88,90,91" m="50281" machi="79" ten="30,2000,0" yaku="19,1,54,1" doraHai="112" who="1" fromWho="3" sc="173,0,425,20,268,0,134,-20" /><INIT seed="5,0,0,4,3,126" ten="173,445,268,114" oya="1" hai0="71,92,134,16,7,32,90,18,102,35,113,128,83" hai1="9,30,50,68,65,60,86,98,66,107,58,114,127" hai2="45,123,105,61,29,69,51,3,44,53,99,116,20" hai3="15,108,39,13,103,119,91,37,1,55,47,79,120"/><U88/><E114/><V0/><F123/><W121/><G108/><T77/><D113/><U75/><E75/><V24/><F116/><W112/><G112/><T101/><D134/><U89/><E127/><V133/><F133/><W19/><G1/><T67/><D7/><U10/><E30/><V17/><F45/><W21/><G119/><T96/><D67/><U8/><E86/><V64/><REACH who="2" step="1"/><F29/><REACH who="2" ten="173,445,258,114" step="2"/><W43/><G121/><T48/><D32/><U22/><E68/><V59/><F59/><W104/><G120/><T46/><D35/><U62/><E58/><V106/><F106/><W34/><G104/><T82/><D71/><U97/><E107/><V111/><F111/><W93/><G47/><T84/><D128/><U33/><E33/><V54/><F54/><W94/><G55/><T130/><D130/><U73/><E66/><V72/><F72/><W135/><G135/><T40/><REACH who="0" step="1"/><D102/><AGARI ba="0,1" hai="0,3,17,20,24,44,51,53,61,64,69,99,102,105" machi="102" ten="40,2600,0" yaku="1,1,53,1" doraHai="126" doraHaiUra="49" who="2" fromWho="0" sc="173,-26,445,0,258,36,114,0" /><INIT seed="6,0,0,0,2,35" ten="147,445,294,114" oya="2" hai0="12,130,18,58,99,113,81,90,65,10,83,40,32" hai1="1,79,3,107,50,70,126,73,6,85,31,7,41" hai2="66,25,69,64,2,119,120,96,101,23,39,114,93" hai3="14,28,30,78,33,48,122,98,76,68,20,75,29"/><V8/><F120/><W82/><G122/><T117/><D113/><U86/><E70/><V62/><F119/><W118/><G118/><T54/><D117/><U27/><E107/><V106/><F114/><W34/><G68/><T74/><D130/><U52/><E41/><V9/><F39/><W4/><G78/><T60/><D32/><U53/><E73/><V38/><F38/><W15/><G15/><T135/><D135/><U132/><E79/><V36/><F36/><W16/><G4/><T49/><D40/><U45/><E132/><V51/><F66/><W67/><G67/><T102/><D90/><U19/><E19/><V71/><F71/><W115/><G115/><T108/><D74/><U92/><E126/><V22/><F2/><W103/><REACH who="3" step="1"/><G48/><REACH who="3" ten="147,445,294,104" step="2"/><T127/><D127/><U124/><E50/><V46/><F51/><W11/><G11/><T129/><D129/><U17/><E7/><V88/><F8/><W77/><G77/><T111/><D108/><U104/><E6/><V123/><F9/><W116/><G116/><T44/><D111/><U61/><E124/><V80/><F123/><W55/><G55/><T0/><D0/><U112/><E52/><V37/><F37/><W109/><G109/><T59/><D44/><U105/><E53/><V13/><F46/><W91/><G91/><T57/><D59/><U94/><E45/><V133/><F64/><W26/><G26/><T47/><D58/><U95/><E3/><V84/><F69/><W5/><G5/><T89/><D89/><N who="1" m="53295" /><E1/><V131/><F131/><W100/><G100/><T87/><D102/><RYUUKYOKU ba="0,1" sc="147,-10,445,-10,294,-10,104,30" hai3="14,16,20,28,29,30,33,34,75,76,82,98,103" /><INIT seed="7,1,1,1,4,133" ten="137,435,284,134" oya="3" hai0="118,109,36,94,2,16,17,125,48,85,68,50,135" hai1="57,60,15,114,7,87,126,11,20,72,78,52,90" hai2="62,67,95,99,74,101,120,53,6,84,96,110,12" hai3="0,45,32,13,25,59,127,106,4,91,132,5,112"/><W76/><G106/><T55/><D109/><U65/><E126/><V71/><F110/><W123/><G123/><T86/><D36/><U81/><E114/><V42/><F74/><W28/><G132/><T116/><D135/><U121/><E20/><V70/><F120/><W26/><G112/><T103/><D125/><U82/><REACH who="1" step="1"/><E121/><REACH who="1" ten="137,425,284,134" step="2"/><V75/><F75/><W108/><G108/><T97/><D116/><U23/><E23/><V54/><F71/><W124/><G127/><T19/><D118/><U63/><E63/><V119/><F70/><W66/><G124/><T111/><D68/><U88/><E88/><V105/><F119/><W8/><G91/><T93/><D111/><U3/><E3/><V29/><F62/><N who="3" m="38239" /><G76/><T51/><D2/><U77/><E77/><V61/><F61/><W43/><G0/><T113/><D113/><U79/><E79/><V107/><F101/><W37/><G25/><T56/><D103/><U30/><E30/><V89/><F29/><W27/><G27/><T92/><D97/><U22/><E22/><V21/><F21/><W10/><G10/><T40/><D40/><U35/><E35/><V44/><F12/><W129/><G129/><T100/><D100/><U38/><E38/><V102/><F102/><W80/><G5/><T131/><D131/><U14/><E14/><V83/><F6/><W47/><G47/><T41/><D41/><U69/><E69/><V104/><F44/><W34/><G34/><T24/><D24/><U73/><E73/><V46/><F46/><W64/><G64/><AGARI ba="1,2" hai="7,11,15,52,57,60,64,65,72,78,81,82,87,90" machi="64" ten="40,5200,0" yaku="1,1,54,1,53,1" doraHai="133" doraHaiUra="1" who="1" fromWho="3" sc="137,0,425,75,284,0,134,-55" owari="137,-26.0,500,60.0,284,8.0,79,-42.0" /></mjloggm>