<mjloggm ver="2.3"><GO type="169" lobby="0"/><UN n0="%E7%AB%B9%E4%BA%95%E4%B9%85%EF%BC%A0%E9%83%A8%E9%95%B7" n1="%72%65%6E%6A%69%38%33" n2="%E3%82%AC%E3%83%AB%E3%81%8A%E3%81%98%E3%83%9F%E3%82%AD" n3="%39%39%39" dan="16,16,16,16" rate="2174.12,2066.09,2068.08,2127.72" sx="F,M,M,M"/><TAIKYOKU oya="0"/><INIT seed="0,0,0,5,1,47" ten="250,250,250,250" oya="0" hai0="84,55,120,70,13,7,24,49,32,80,123,56,85" hai1="86,21,78,17,133,38,115,9,74,72,51,36,48" hai2="45,53,40,128,90,102,110,89,132,37,16,11,18" hai3="22,111,42,124,113,68,71,66,106,100,116,61,14"/><T62/><D7/><U6/><E72/><V34/><F110/><W8/><G111/><T101/><D13/><N who="1" m="5303" /><E74/><V1/><F34/><W65/><G113/><T109/><D109/><U67/><E38/><V118/><F132/><W43/><G116/><T98/><D32/><U77/><E36/><V114/><F128/><W5/><G124/><T20/><D70/><U75/><E75/><V83/><F114/><W60/><G106/><T64/><D62/><U131/><E131/><V30/><F30/><W52/><G100/><T63/><D63/><U117/><E117/><V25/><F102/><W103/><G103/><T3/><D64/><U87/><E67/><V112/><F112/><W127/><G127/><T0/><D120/><U82/><E133/><V12/><F1/><W79/><G79/><N who="1" m="30218" /><E115/><V105/><F105/><W57/><G22/><T121/><D121/><U108/><E108/><V31/><F118/><W119/><G119/><T93/><D123/><U33/><E33/><V29/><F29/><W88/><G88/><T76/><REACH who="0" step="1"/><D85/><REACH who="0" ten="240,250,250,250" step="2"/><N who="1" m="32267" /><E82/><V35/><F83/><W97/><G97/><T81/><D81/><U41/><E41/><V94/><F40/><W104/><G104/><T91/><D91/><U96/><E96/><V54/><F90/><W135/><G135/><T95/><D95/><U27/><AGARI ba="0,1" hai="17,21,27,48,51" m="32267,30218,5303" machi="27" ten="30,4000,0" yaku="8,1,52,2" doraHai="47" who="1" fromWho="1" sc="240,-20,250,50,250,-10,250,-10" /><INIT seed="1,0,0,3,2,95" ten="220,300,240,240" oya="1" hai0="100,83,71,67,106,42,27,2,105,77,111,3,81" hai1="133,74,58,120,107,50,56,0,82,19,4,94,12" hai2="109,24,39,54,117,73,25,121,116,126,49,30,44" hai3="17,113,59,130,123,64,40,21,86,5,119,135,66"/><U93/><E107/><V60/><F121/><W26/><G123/><T16/><D111/><U36/><E36/><V125/><F109/><W46/><G119/><T8/><D42/><U89/><E133/><V84/><F73/><W68/><G113/><T85/><D67/><U90/><E0/><V118/><F39/><W43/><G68/><T6/><D71/><U14/><E74/><V9/><F9/><W18/><G135/><T102/><D3/><U75/><E75/><V132/><F132/><W15/><G130/><T108/><D108/><U11/><E120/><V22/><F60/><W37/><G5/><T72/><D105/><U99/><E82/><V115/><F115/><W87/><G40/><T38/><D106/><U10/><REACH who="1" step="1"/><E50/><REACH who="1" ten="220,290,240,240" step="2"/><V96/><F125/><W97/><G37/><T45/><D38/><U23/><E23/><V70/><F126/><W34/><G34/><T32/><D83/><U91/><E91/><V53/><F118/><W79/><G21/><T28/><D72/><U13/><E13/><V35/><F117/><W101/><G15/><T122/><D122/><U48/><E48/><V103/><F116/><W80/><G79/><T51/><D51/><U124/><E124/><V104/><F49/><W92/><G80/><T29/><D45/><U131/><E131/><V69/><F44/><W127/><G46/><T112/><D112/><U55/><E55/><V88/><F54/><W128/><G128/><T65/><D81/><U98/><AGARI ba="0,1" hai="4,10,11,12,14,19,56,58,89,90,93,94,98,99" machi="98" ten="20,18000,2" yaku="1,1,0,1,7,1,9,1,8,1,52,2,53,0" doraHai="95" doraHaiUra="61" who="1" fromWho="1" sc="220,-60,290,190,240,-60,240,-60" /><INIT seed="1,1,0,3,5,125" ten="160,480,180,180" oya="1" hai0="24,94,120,109,75,28,25,36,106,126,67,0,38" hai1="1,112,92,12,6,29,89,15,46,122,20,79,3" hai2="55,100,82,77,16,73,41,66,45,80,64,74,23" hai3="135,57,88,91,132,27,18,103,84,9,26,107,114"/><U56/><E112/><V2/><F2/><W119/><G119/><T40/><D106/><U102/><E122/><V31/><F31/><W115/><G107/><T53/><D75/><U52/><E79/><V54/><F100/><W93/><G103/><T68/><D0/><U62/><E102/><V14/><F82/><W50/><G91/><T48/><D126/><U128/><E128/><V17/><F74/><W35/><G35/><T76/><D76/><U58/><E46/><V96/><F96/><W121/><G121/><T95/><D109/><U118/><E118/><V39/><F64/><W49/><G9/><T22/><D120/><U116/><E116/><V61/><REACH who="2" step="1"/><F17/><REACH who="2" ten="160,480,170,180" step="2"/><W19/><G115/><T10/><D28/><U30/><E3/><V7/><F7/><W105/><G114/><T133/><D67/><N who="1" m="39367" /><E6/><V72/><F72/><W13/><G18/><T4/><D4/><U111/><E111/><V97/><F97/><W59/><G19/><T101/><D101/><U129/><E30/><V85/><F85/><W63/><G84/><T69/><D94/><U90/><E92/><V60/><F60/><W43/><G93/><T78/><D95/><U37/><E1/><V81/><F81/><W130/><G63/><T21/><D133/><U8/><E29/><V65/><F65/><W113/><G135/><T104/><D104/><U110/><E110/><V34/><F34/><W32/><G132/><T87/><D87/><U99/><E99/><V47/><F47/><W123/><G32/><T86/><D86/><U127/><E127/><V134/><F134/><W108/><G113/><RYUUKYOKU ba="1,1" sc="160,-10,480,-10,170,30,180,-10" hai2="14,16,23,39,41,45,54,55,61,66,73,77,80" /><INIT seed="2,2,1,1,2,25" ten="150,470,200,170" oya="2" hai0="114,53,91,27,67,79,5,72,65,122,41,103,82" hai1="78,112,63,2,42,16,105,128,59,34,125,113,62" hai2="6,31,81,69,108,60,94,80,99,117,61,106,12" hai3="51,111,88,30,83,123,3,104,77,101,76,90,130"/><V21/><F106/><W55/><G111/><T26/><D122/><U23/><E34/><V7/><F69/><W110/><G110/><T135/><D114/><U19/><E2/><V132/><F108/><W70/><G130/><T71/><D135/><U18/><E128/><V38/><F38/><W121/><G70/><T13/><D41/><U4/><E4/><N who="2" m="1579" /><F117/><W45/><G3/><T131/><D131/><U119/><E105/><V47/><F47/><W32/><G104/><T50/><D103/><U107/><E107/><V36/><F36/><W84/><G101/><T22/><D71/><U115/><E42/><V109/><F132/><W57/><G45/><T43/><D43/><U35/><E119/><V92/><F92/><W127/><G127/><T85/><D13/><U118/><E118/><V102/><F109/><W37/><G37/><T15/><D15/><U116/><E125/><V9/><F9/><W120/><REACH who="3" step="1"/><G76/><REACH who="3" ten="150,470,200,160" step="2"/><T97/><D79/><U29/><E116/><V96/><F102/><W66/><G66/><T87/><D65/><U56/><E78/><V54/><F54/><W40/><G40/><T24/><D67/><U89/><E113/><V49/><F61/><N who="1" m="23049" /><E115/><V8/><F60/><W46/><G46/><T14/><D53/><U28/><E112/><V33/><F49/><W129/><G129/><T0/><D50/><U48/><E48/><V75/><F75/><W39/><G39/><T17/><D72/><U100/><E100/><V64/><F64/><W1/><G1/><T133/><D133/><U95/><E56/><V93/><F8/><W126/><G126/><RYUUKYOKU ba="2,2" sc="150,-10,470,-10,200,-10,160,30" hai3="30,32,51,55,57,77,83,84,88,90,120,121,123" /><INIT seed="3,3,2,3,1,28" ten="140,460,190,190" oya="3" hai0="101,64,103,7,96,3,86,100,115,121,48,24,42" hai1="29,93,94,49,63,33,74,127,39,6,16,36,51" hai2="17,27,85,133,125,114,105,87,82,11,60,32,98" hai3="21,46,132,13,55,68,62,45,104,83,4,34,53"/><W41/><G104/><T5/><D121/><U73/><E6/><V78/><F114/><W9/><G132/><T10/><D115/><U47/><E63/><V70/><F133/><W135/><G135/><T54/><D42/><U122/><E29/><V1/><F125/><W108/><G108/><T15/><D64/><U57/><E57/><V99/><F105/><W130/><G130/><T58/><D86/><U66/><E66/><V91/><F70/><W22/><G34/><T18/><D3/><U61/><E61/><V129/><F129/><W89/><G68/><T38/><D38/><U67/><E67/><V97/><F60/><W124/><G124/><T37/><D37/><U56/><E56/><V117/><F117/><W111/><G111/><T14/><D24/><U80/><E80/><V92/><F1/><W43/><G43/><T102/><REACH who="0" step="1"/><D15/><REACH who="0" ten="130,460,190,190" step="2"/><U110/><E122/><V40/><F40/><W75/><G75/><T26/><D26/><U69/><E110/><V71/><F27/><W131/><G131/><T0/><D0/><U44/><E69/><V31/><F71/><W120/><G120/><T107/><AGARI ba="3,3" hai="5,7,10,14,18,48,54,58,96,100,101,102,103,107" machi="107" ten="30,2000,0" yaku="1,1,0,1,53,0" doraHai="28" doraHaiUra="126" who="0" fromWho="0" sc="130,59,460,-8,190,-8,190,-13" /><INIT seed="4,0,0,3,2,51" ten="189,452,182,177" oya="0" hai0="10,65,93,120,0,4,117,52,5,20,26,111,85" hai1="29,113,106,63,31,134,89,35,55,8,81,129,119" hai2="99,25,128,24,97,57,105,126,49,71,43,19,21" hai3="45,23,62,112,121,98,100,15,37,54,6,40,47"/><T32/><D117/><U72/><E119/><V30/><F71/><W94/><G112/><T11/><D120/><U9/><E106/><V58/><F126/><W38/><G121/><T96/><D111/><U12/><E35/><V67/><F128/><W48/><G62/><T104/><D32/><U103/><E129/><V14/><F25/><W74/><G74/><T66/><D85/><N who="1" m="50351" /><E72/><V108/><F108/><W132/><G132/><T75/><D104/><U110/><E113/><V34/><F105/><W116/><G116/><T135/><D75/><U131/><E131/><V73/><F73/><W42/><G42/><T125/><D135/><U39/><E39/><V33/><F33/><W36/><REACH who="3" step="1"/><G23/><REACH who="3" ten="189,452,182,167" step="2"/><T102/><D125/><U46/><E63/><V92/><F67/><W122/><G122/><T78/><D65/><U69/><E134/><V82/><F43/><W127/><G127/><T18/><D66/><U44/><E110/><V56/><F49/><W41/><G41/><T114/><D114/><U70/><E70/><V2/><F21/><W77/><G77/><T109/><D78/><U61/><E61/><V83/><F34/><W68/><G68/><T7/><D109/><U80/><E69/><V130/><F130/><W22/><G22/><T87/><D20/><U86/><E29/><V3/><F30/><W1/><G1/><T123/><D0/><U118/><E31/><V79/><F3/><W76/><G76/><T133/><D123/><U95/><E118/><V27/><F79/><W124/><G124/><T107/><D133/><U50/><E50/><V64/><F2/><RYUUKYOKU ba="0,1" sc="189,-10,452,-10,182,-10,167,30" hai3="6,15,36,37,38,40,45,47,48,54,94,98,100" /><INIT seed="5,1,1,0,5,99" ten="179,442,172,197" oya="1" hai0="74,50,115,21,48,100,39,35,122,63,72,52,105" hai1="71,113,53,96,8,17,91,84,87,9,125,41,33" hai2="70,97,107,92,124,27,134,55,120,40,95,68,59" hai3="111,43,29,14,42,110,76,62,45,135,25,51,98"/><U66/><E33/><V77/><F120/><W67/><G135/><T104/><D35/><U54/><E41/><V128/><F124/><W109/><G76/><T7/><D39/><U80/><E113/><V83/><F128/><W103/><G14/><T58/><D115/><U90/><E96/><V129/><F134/><W117/><G117/><T13/><D122/><U93/><E9/><V30/><F40/><W82/><G82/><T60/><D7/><U1/><E1/><V56/><F107/><W19/><G19/><T16/><D50/><U75/><E75/><V38/><F38/><W31/><G43/><T123/><D123/><U131/><E125/><V22/><F59/><W73/><G73/><T102/><D104/><U36/><E36/><V18/><F30/><W26/><G31/><T108/><D108/><U112/><E131/><V127/><F127/><W78/><G78/><T6/><D6/><U10/><E10/><V5/><F5/><W15/><G15/><T64/><D63/><U12/><E112/><V114/><F95/><W28/><G28/><T11/><D105/><U65/><E71/><V94/><F94/><W133/><G29/><T106/><D106/><U47/><E54/><V88/><F114/><W20/><G133/><T101/><REACH who="0" step="1"/><D11/><REACH who="0" ten="169,442,172,197" step="2"/><U32/><E32/><V34/><F34/><W69/><G20/><T61/><D61/><U37/><E37/><V46/><F129/><W126/><G126/><T23/><D23/><U86/><E86/><N who="2" m="48495" /><F46/><AGARI ba="1,2" hai="13,16,21,46,48,52,58,60,64,72,74,100,101,102" machi="46" ten="40,12000,2" yaku="1,1,52,3,54,2,53,0" doraHai="99" doraHaiUra="3" who="0" fromWho="2" sc="169,143,442,0,172,-123,197,0" /><INIT seed="6,0,0,2,3,27" ten="312,442,49,197" oya="2" hai0="108,23,13,74,94,55,45,87,42,123,28,125,6" hai1="121,109,80,83,51,102,52,48,31,91,105,78,112" hai2="21,81,131,11,85,35,0,63,18,50,61,103,56" hai3="32,124,97,104,22,106,115,75,100,79,66,99,92"/><V62/><F35/><W16/><G32/><T57/><D74/><U30/><E109/><V39/><F39/><W53/><G124/><T14/><D108/><U25/><E51/><V77/><F131/><W7/><G115/><T134/><D123/><U86/><E112/><V47/><F103/><W36/><G36/><T58/><D134/><U3/><E3/><V72/><F72/><W111/><G111/><T96/><D125/><U38/><E38/><V90/><F0/><W37/><G37/><T60/><D6/><U71/><E71/><V33/><F33/><W114/><G7/><T5/><D5/><U41/><E41/><V17/><F11/><W29/><G29/><N who="1" m="10762" /><E105/><V44/><F77/><W40/><G40/><T129/><D129/><U84/><E25/><V65/><F47/><W116/><G116/><T122/><D122/><U120/><E120/><V117/><F117/><W19/><G79/><T93/><D57/><N who="1" m="32903" /><E121/><V34/><F34/><W46/><G75/><T15/><D42/><U135/><E135/><V98/><F98/><W89/><G66/><T12/><D45/><U10/><E10/><V133/><F133/><W126/><G126/><T69/><D69/><U88/><E78/><V67/><F67/><W101/><G114/><T9/><D9/><U2/><E2/><V26/><REACH who="2" step="1"/><F18/><REACH who="2" ten="312,442,39,197" step="2"/><W82/><G19/><T8/><D8/><U54/><E102/><V95/><F95/><W64/><G16/><N who="0" m="10655" /><D94/><U107/><E107/><V113/><F113/><W59/><G106/><T110/><D110/><U118/><E118/><V119/><F119/><W73/><G104/><RYUUKYOKU ba="0,1" sc="312,-15,442,15,39,15,197,-15" hai1="54,80,83,84,86,88,91" hai2="17,21,26,44,50,56,61,62,63,65,81,85,90" /><INIT seed="6,1,1,5,0,33" ten="297,457,54,182" oya="2" hai0="34,9,108,13,96,115,73,126,117,89,38,84,131" hai1="18,21,2,67,110,77,119,124,5,82,53,45,31" hai2="98,79,128,132,123,3,113,83,106,59,95,40,49" hai3="102,78,44,52,29,76,74,86,17,28,4,12,22"/><V101/><F123/><W11/><G74/><T134/><RYUUKYOKU type="yao9" ba="1,1" sc="297,0,457,0,54,0,182,0" hai0="9,13,34,38,73,84,89,96,108,115,117,126,131,134" /><INIT seed="6,2,1,2,1,18" ten="297,457,54,182" oya="2" hai0="77,35,86,130,22,19,74,127,14,24,38,96,82" hai1="3,32,12,101,57,29,112,28,76,97,37,66,104" hai2="21,10,48,30,36,88,42,68,102,23,11,132,39" hai3="87,34,108,124,5,56,92,51,73,2,115,33,78"/><V47/><F132/><W49/><G108/><T15/><D38/><U62/><E3/><V129/><F68/><W90/><G124/><T85/><D127/><U116/><E116/><V80/><F102/><W134/><G134/><T71/><D71/><U27/><E112/><V25/><F129/><W84/><G115/><T93/><D130/><U13/><E37/><V41/><F39/><W40/><G73/><T67/><D67/><U126/><E126/><V52/><F36/><W118/><G118/><T7/><D35/><U70/><E29/><V65/><F65/><W94/><G2/><T60/><D60/><U58/><E76/><V122/><F122/><W63/><G5/><T31/><D7/><U105/><E105/><V17/><F88/><W133/><G133/><T9/><REACH who="0" step="1"/><D15/><AGARI ba="2,1" hai="12,13,15,27,28,32,57,58,62,66,70,97,101,104" machi="15" ten="40,2600,0" yaku="25,2" doraHai="18" who="1" fromWho="0" sc="297,-32,457,42,54,0,182,0" /><INIT seed="7,0,0,5,1,65" ten="265,499,54,182" oya="3" hai0="1,40,47,13,89,133,2,97,39,112,21,104,66" hai1="88,59,68,71,14,23,27,60,63,131,20,123,78" hai2="43,95,129,73,132,86,80,128,75,67,118,12,24" hai3="61,107,45,76,117,48,125,16,18,98,38,26,135"/><W7/><G117/><T52/><D133/><U124/><E123/><V55/><F118/><W3/><G135/><T5/><D112/><U83/><E88/><V17/><F132/><W72/><G38/><T34/><D34/><U56/><E124/><V84/><F67/><W42/><G125/><T64/><D52/><U101/><E101/><V36/><F55/><W110/><G110/><T115/><D115/><U46/><E46/><V108/><F24/><W105/><G61/><T111/><D111/><U51/><E51/><V74/><F108/><W91/><G91/><T134/><D134/><U90/><E90/><V44/><F95/><W106/><G98/><T31/><D31/><U100/><E100/><V35/><F35/><W121/><G121/><T58/><D104/><U114/><E14/><V15/><F74/><W28/><G7/><T77/><D77/><U10/><E10/><V9/><F9/><W126/><G3/><T103/><D89/><U92/><E92/><V49/><F49/><W119/><G119/><T33/><D33/><U50/><E50/><V94/><F94/><W116/><G116/><T11/><D21/><U53/><E114/><V6/><F6/><W30/><G126/><T25/><D25/><U96/><E27/><V37/><F17/><N who="3" m="6763" /><G26/><T102/><D102/><U109/><E96/><V82/><REACH who="2" step="1"/><F44/><REACH who="2" ten="265,499,44,182" step="2"/><W113/><G113/><T122/><D5/><U81/><E109/><V4/><F4/><W57/><G72/><T79/><D122/><U85/><E83/><V8/><F8/><W120/><G120/><T19/><D11/><U93/><E81/><RYUUKYOKU ba="0,1" sc="265,-10,499,-10,44,30,182,-10" hai2="12,15,36,37,43,73,75,80,82,84,86,128,129" owari="255,6.0,499,60.0,74,-43.0,172,-23.0" /></mjloggm>