<mjloggm ver="2.3"><GO type="169" lobby="0"/><UN n0="%E3%82%B3%E3%81%98%E3%81%95%E3%82%93%EF%BC%9F" n1="%E3%82%A2%E3%83%A1%E3%83%B3%E3%83%9D%E3%81%A6%E3%81%B5" n2="%E3%82%88%E3%82%8D%E3%81%97%E3%81%8F%E3%81%A7%E3%81%99%E2%99%AA" n3="%E5%A4%A7%E5%85%A5%E9%81%93%E3%81%8F%E3%82%93" dan="18,16,17,17" rate="2237.88,2145.25,2079.11,2194.29" sx="M,M,F,M"/><TAIKYOKU oya="0"/><INIT seed="0,0,0,5,2,91" ten="250,250,250,250" oya="0" hai0="10,86,100,38,101,46,60,105,111,35,7,56,89" hai1="98,69,9,122,28,68,135,125,57,82,26,76,123" hai2="113,48,58,52,72,134,8,31,50,90,41,37,63" hai3="3,102,99,1,61,81,96,15,59,129,19,45,79"/><T87/><D35/><U18/><E125/><V130/><F113/><W108/><G129/><T107/><D111/><U65/><E135/><V77/><F130/><W43/><G108/><T39/><D105/><U78/><E57/><V71/><F134/><W83/><G3/><T29/><D29/><U116/><E116/><V27/><F71/><W17/><G1/><T126/><D126/><U12/><E98/><V73/><F8/><W21/><G99/><T11/><D107/><U5/><E5/><V33/><F90/><W20/><G79/><T2/><D11/><U23/><E78/><V66/><F77/><W127/><G127/><T6/><D6/><U93/><E93/><V22/><F33/><W95/><G45/><T64/><D87/><U51/><E51/><V132/><F132/><W62/><G43/><T67/><D64/><U88/><E88/><V49/><REACH who="2" step="1"/><F66/><REACH who="2" ten="250,250,240,250" step="2"/><W34/><G34/><T119/><D119/><U94/><E65/><V44/><AGARI ba="0,1" hai="22,27,31,37,41,44,48,49,50,52,58,63,72,73" machi="44" ten="30,7900,0" yaku="1,1,2,1,0,1,54,1,53,0" doraHai="91" doraHaiUra="80" who="2" fromWho="2" sc="250,-39,250,-20,240,89,250,-20" /><INIT seed="1,0,0,2,1,67" ten="211,230,329,230" oya="1" hai0="52,72,16,134,65,39,46,118,60,5,31,66,41" hai1="49,101,105,38,76,32,3,27,73,104,53,42,2" hai2="78,9,64,8,130,15,85,14,84,97,81,40,100" hai3="123,12,79,50,126,56,10,48,131,82,7,54,132"/><U26/><E38/><V47/><F130/><W19/><G132/><T28/><D118/><U34/><E42/><V117/><F117/><W33/><G131/><T111/><D111/><U75/><E49/><V57/><F85/><W129/><G126/><T86/><D72/><N who="1" m="27723" /><E53/><V0/><F0/><N who="1" m="41" /><E101/><V95/><F14/><W20/><G123/><T96/><D134/><U63/><E63/><V70/><F57/><W120/><G120/><T23/><D5/><U106/><E76/><V112/><F112/><W110/><G110/><T107/><D86/><U62/><E62/><V1/><F1/><W68/><G129/><T121/><D121/><U93/><E93/><V89/><F15/><W80/><G50/><T88/><D107/><U35/><AGARI ba="0,0" hai="26,27,32,34,35,104,105,106" m="41,27723" machi="35" ten="50,4800,0" yaku="28,2" doraHai="67" who="1" fromWho="1" sc="211,-16,230,48,329,-16,230,-16" /><INIT seed="1,1,0,0,3,39" ten="195,278,313,214" oya="1" hai0="56,110,88,109,64,4,21,100,60,103,20,135,79" hai1="44,97,73,57,47,24,129,125,35,48,13,106,114" hai2="89,36,59,49,87,51,84,45,82,111,70,68,71" hai3="55,23,83,33,113,75,120,104,131,133,130,18,116"/><U93/><E114/><V117/><F117/><W128/><G104/><T40/><D135/><U17/><E73/><V121/><F121/><W28/><G113/><T107/><D79/><U80/><E125/><V32/><F32/><W76/><G116/><T7/><D107/><U127/><E127/><V42/><F111/><N who="0" m="42506" /><D21/><U22/><E129/><V102/><F102/><N who="0" m="38954" /><D20/><U37/><E106/><V112/><F112/><W5/><G120/><T94/><D40/><U41/><E80/><V25/><F25/><W124/><G124/><T99/><AGARI ba="1,0" hai="4,7,56,60,64,88,94,99" m="38954,42506" machi="99" ten="30,2000,0" yaku="14,1,54,1" doraHai="39" who="0" fromWho="0" sc="195,23,278,-11,313,-6,214,-6" /><INIT seed="2,0,0,1,0,67" ten="218,267,307,208" oya="2" hai0="49,44,71,16,8,84,25,131,119,5,11,36,33" hai1="64,41,52,60,17,112,113,24,6,98,69,75,95" hai2="2,59,19,34,102,90,26,83,9,127,27,76,82" hai3="87,42,79,130,122,22,68,133,116,96,108,92,123"/><V7/><F127/><W85/><G42/><T0/><D36/><U126/><E126/><V78/><F102/><W45/><G45/><T94/><D131/><U134/><E134/><V107/><F107/><W31/><G31/><T88/><D119/><U28/><E75/><V103/><F103/><W38/><G22/><T1/><D71/><U35/><E41/><V29/><F59/><W109/><G38/><T3/><D33/><U129/><E129/><V32/><F90/><W13/><G13/><T46/><D46/><U114/><E6/><V101/><F101/><W10/><G10/><T48/><D48/><U128/><E128/><V18/><F32/><W50/><G50/><T12/><REACH who="0" step="1"/><D25/><REACH who="0" ten="208,267,307,208" step="2"/><U110/><E110/><V56/><F26/><W74/><G130/><T51/><D51/><U23/><E35/><V89/><F56/><W120/><G68/><T106/><D106/><U105/><E105/><V62/><F62/><W124/><G116/><T99/><D99/><U70/><E69/><V43/><F34/><W93/><G96/><T72/><D72/><U58/><E70/><V54/><F27/><W57/><G57/><T39/><D39/><U100/><REACH who="1" step="1"/><E17/><REACH who="1" ten="208,257,307,208" step="2"/><V63/><F19/><W91/><G124/><T14/><D14/><U47/><E47/><V53/><F18/><W81/><G133/><T66/><D66/><AGARI ba="0,2" hai="23,24,28,52,58,60,64,66,95,98,100,112,113,114" machi="66" ten="40,5200,0" yaku="1,1,54,1,53,1" doraHai="67" doraHaiUra="21" who="1" fromWho="0" sc="208,-52,257,72,307,0,208,0" /><INIT seed="3,0,0,4,0,65" ten="156,329,307,208" oya="3" hai0="18,14,34,100,67,97,102,89,51,94,52,109,66" hai1="55,15,43,130,127,118,35,123,20,112,80,108,9" hai2="3,27,111,48,45,13,113,76,116,17,128,101,106" hai3="29,83,39,62,36,53,4,119,74,79,23,132,72"/><W134/><G119/><T61/><D109/><U86/><E108/><V64/><F113/><W6/><G74/><T70/><D34/><U73/><E112/><V5/><F111/><W84/><G72/><T126/><D67/><U8/><E123/><V31/><F116/><W98/><G98/><T87/><D97/><U96/><E73/><V21/><F128/><W114/><G114/><T75/><D75/><U59/><E130/><V60/><F76/><W71/><G39/><T63/><D63/><U2/><E35/><V88/><F101/><W135/><G36/><T110/><D126/><U125/><E43/><V68/><F106/><W33/><G33/><T117/><D117/><U16/><E96/><V122/><F122/><W54/><G54/><T47/><REACH who="0" step="1"/><D110/><REACH who="0" ten="146,329,307,208" step="2"/><U50/><E118/><V26/><F60/><W93/><G62/><T25/><D25/><U12/><E125/><V38/><F26/><W7/><G135/><T28/><D28/><U107/><E127/><V32/><F64/><W30/><G134/><T22/><AGARI ba="0,1" hai="14,18,22,47,51,52,61,66,70,87,89,94,100,102" machi="22" ten="20,12000,2" yaku="1,1,0,1,7,1,52,1,54,1,53,1" doraHai="65" doraHaiUra="10" who="0" fromWho="0" sc="146,130,329,-30,307,-30,208,-60" /><INIT seed="4,0,0,2,3,87" ten="276,299,277,148" oya="0" hai0="52,77,96,47,133,26,43,2,16,120,38,125,105" hai1="92,91,64,110,119,115,5,7,128,32,132,1,83" hai2="78,6,65,60,67,62,82,13,107,41,35,37,97" hai3="36,90,98,123,50,17,108,68,116,59,118,102,18"/><T121/><D2/><U111/><E119/><V42/><F35/><W34/><G108/><T57/><D125/><U0/><E32/><V46/><F42/><W100/><G123/><T134/><D77/><U21/><E83/><V129/><F129/><W113/><G113/><T114/><D114/><U74/><E115/><V9/><F107/><W99/><G68/><T24/><D105/><U10/><E74/><V131/><F131/><W66/><G36/><T94/><D26/><U135/><E64/><V15/><F97/><W93/><G34/><T33/><D33/><U84/><E21/><V19/><F65/><W54/><G66/><T109/><D109/><U61/><E61/><V130/><F67/><W117/><REACH who="3" step="1"/><G100/><REACH who="3" ten="276,299,277,138" step="2"/><T76/><D121/><U27/><E128/><V70/><F70/><W45/><G45/><T81/><D120/><U103/><E103/><V72/><REACH who="2" step="1"/><F130/><REACH who="2" ten="276,299,267,138" step="2"/><W23/><G23/><AGARI ba="0,2" hai="6,9,13,15,19,23,37,41,46,60,62,72,78,82" machi="23" ten="30,7700,0" yaku="1,1,2,1,7,1,53,1" doraHai="87" doraHaiUra="12" who="2" fromWho="3" sc="276,0,299,0,267,97,138,-77" /><INIT seed="5,0,0,3,2,93" ten="276,299,364,61" oya="1" hai0="51,35,29,46,9,38,34,130,74,112,45,76,94" hai1="14,114,17,22,33,31,99,30,82,19,110,70,2" hai2="77,55,52,120,43,92,126,72,13,115,102,37,68" hai3="128,131,48,56,75,134,83,101,107,104,109,106,41"/><U81/><E70/><V23/><F120/><W103/><G41/><T0/><D112/><U4/><E114/><V10/><F68/><W73/><G56/><T129/><D38/><U15/><E110/><V116/><F115/><W124/><G48/><T90/><D76/><U42/><E42/><V95/><F116/><W100/><G109/><T113/><D74/><N who="3" m="28169" /><G83/><N who="1" m="31754" /><E2/><V7/><F126/><W20/><G20/><T96/><D113/><U50/><E33/><V16/><F77/><W5/><G5/><N who="0" m="1191" /><D29/><N who="1" m="10763" /><E4/><V132/><F72/><W133/><G124/><T27/><D27/><U66/><E66/><V59/><F132/><AGARI ba="0,0" hai="100,101,103,104,106,107,128,131,132,133,134" m="28169" machi="132" ten="50,8000,1" yaku="28,2,20,1,34,2" doraHai="93" who="3" fromWho="2" sc="276,0,299,0,364,-80,61,80" /><INIT seed="6,0,0,3,2,109" ten="276,299,284,141" oya="2" hai0="85,126,28,86,73,45,112,27,115,87,111,102,94" hai1="119,50,118,92,96,98,8,40,84,88,56,101,15" hai2="21,32,120,22,3,26,52,20,57,106,116,97,34" hai3="62,133,33,105,16,61,47,43,55,14,31,135,134"/><V100/><F116/><W54/><G105/><T132/><D111/><U46/><E98/><V89/><F120/><W41/><G31/><T75/><D126/><U117/><E56/><V65/><F3/><W1/><G33/><T37/><D132/><U107/><REACH who="1" step="1"/><E119/><REACH who="1" ten="276,289,284,141" step="2"/><V122/><F122/><W91/><G1/><T53/><D102/><U6/><AGARI ba="0,1" hai="6,8,15,40,46,50,84,88,92,96,101,107,117,118" machi="6" ten="20,12000,2" yaku="1,1,2,1,0,1,7,1,54,1,53,1" doraHai="109" doraHaiUra="82" who="1" fromWho="1" sc="276,-30,289,130,284,-60,141,-30" /><INIT seed="7,0,0,5,5,67" ten="246,419,224,111" oya="3" hai0="33,115,97,74,92,13,134,65,103,36,91,37,62" hai1="23,56,4,41,83,64,79,111,80,5,42,132,78" hai2="105,86,119,21,54,35,98,130,69,7,26,28,108" hai3="47,49,93,30,14,123,10,39,81,6,55,60,52"/><W135/><G135/><T121/><D121/><U122/><E111/><V106/><F108/><W63/><G123/><T112/><D74/><U75/><E132/><V61/><F119/><W9/><G39/><T12/><D134/><U118/><E122/><V71/><F7/><N who="1" m="2633" /><E75/><V20/><F130/><W89/><G10/><T107/><D33/><U117/><E23/><V73/><F73/><W131/><G131/><T133/><D133/><U88/><E88/><V44/><F86/><W8/><G8/><T46/><D12/><U0/><E0/><V72/><F72/><W95/><G30/><T129/><D46/><U85/><E83/><V96/><F96/><W15/><G15/><T82/><D82/><U90/><E56/><V31/><F31/><W100/><G100/><T113/><D13/><U116/><E64/><N who="2" m="41103" /><F71/><W1/><G1/><T25/><D25/><U120/><E120/><V11/><F106/><W48/><G81/><T99/><D129/><U128/><E128/><V27/><F27/><W101/><G101/><T87/><D99/><U77/><AGARI ba="0,0" hai="41,42,77,78,79,80,85,90,116,117,118" m="2633" machi="77" ten="40,1500,0" yaku="12,1" doraHai="67" who="1" fromWho="1" sc="246,-4,419,15,224,-4,111,-7" owari="242,4.0,434,54.0,220,-18.0,104,-40.0" /></mjloggm>