<mjloggm ver="2.3"><GO type="169" lobby="0"/><UN n0="%E3%83%97%E3%83%AC%E3%82%B9%E3%83%97" n1="%E4%BB%8A%E6%9B%B4" n2="%E9%81%8A%E8%B5%B0" n3="%E5%A4%A7%E6%98%9F%E2%98%86%E6%B7%A1" dan="17,16,16,17" rate="2190.97,2080.62,2119.47,2229.39" sx="M,M,F,M"/><TAIKYOKU oya="0"/><INIT seed="0,0,0,0,2,129" ten="250,250,250,250" oya="0" hai0="24,50,117,66,131,29,42,57,72,122,89,41,102" hai1="79,108,16,97,124,70,32,133,120,101,39,34,95" hai2="96,85,104,73,130,38,18,52,128,55,10,44,49" hai3="134,47,54,60,112,118,3,5,1,94,127,28,86"/><T84/><D122/><U107/><E120/><V53/><F73/><W30/><G127/><T6/><D117/><U99/><E124/><V114/><F38/><W26/><G28/><T37/><D72/><U81/><E39/><V63/><F63/><W123/><G112/><T90/><D131/><N who="2" m="50218" /><F114/><W64/><G5/><T21/><D37/><U132/><E70/><V116/><F116/><W61/><G61/><T62/><D102/><U100/><E108/><V25/><F85/><W119/><G123/><T15/><D50/><U91/><E16/><V121/><F121/><W51/><G119/><T65/><D66/><U111/><E111/><V103/><F10/><W109/><G109/><T76/><D76/><U14/><E14/><V105/><F104/><W12/><G12/><T126/><D126/><U40/><E40/><V4/><F4/><W19/><G19/><T92/><REACH who="0" step="1"/><D90/><REACH who="0" ten="240,250,250,250" step="2"/><U82/><E101/><V69/><F69/><W71/><G51/><T48/><D48/><U59/><E79/><V8/><F55/><W46/><G71/><T87/><D87/><U0/><E59/><V67/><F67/><W17/><G86/><T31/><D31/><U36/><E36/><V9/><F53/><W7/><G54/><T56/><D56/><U43/><E43/><V75/><F75/><W110/><G64/><T125/><D125/><U83/><REACH who="1" step="1"/><E0/><REACH who="1" ten="240,240,250,250" step="2"/><V27/><F44/><W74/><G46/><T23/><D23/><U2/><E2/><V77/><F77/><W115/><G47/><T98/><D98/><U78/><E78/><V68/><F68/><W35/><G1/><RYUUKYOKU ba="0,2" sc="240,15,240,15,250,-15,250,-15" hai0="6,15,21,24,29,41,42,57,62,65,84,89,92" hai1="32,34,81,82,83,91,95,97,99,100,107,132,133" /><INIT seed="0,1,2,2,0,48" ten="255,255,235,235" oya="0" hai0="92,114,58,35,7,49,118,40,107,84,2,13,1" hai1="66,122,51,93,17,34,54,33,85,6,63,87,127" hai2="74,108,68,14,27,78,126,134,50,100,29,61,12" hai3="23,57,119,106,83,111,56,9,133,31,10,101,24"/><T64/><D118/><U47/><E6/><V25/><F108/><W21/><G119/><T131/><D107/><U38/><E122/><V71/><F134/><W89/><G111/><T19/><D114/><U22/><E127/><V103/><F126/><W135/><G101/><T65/><D131/><U102/><E38/><V62/><F50/><W67/><G106/><T130/><D130/><U20/><E20/><V46/><F46/><W94/><G83/><T104/><D35/><U109/><E109/><V45/><F45/><W26/><G135/><T125/><D104/><U110/><E110/><V59/><F59/><N who="3" m="22603" /><G67/><T80/><D2/><U132/><E132/><V96/><F96/><N who="3" m="57423" /><G133/><T32/><D32/><U116/><E116/><V3/><F78/><W123/><G123/><T55/><D1/><U18/><E34/><V117/><F117/><W16/><AGARI ba="1,2" hai="9,10,16,21,23,24,26,31" m="57423,22603" machi="16" ten="30,2000,0" yaku="8,1,54,1" doraHai="48" who="3" fromWho="3" sc="255,-11,255,-6,235,-6,235,43" /><INIT seed="1,0,0,3,3,6" ten="244,249,229,278" oya="1" hai0="18,103,132,80,10,38,110,26,64,127,107,112,78" hai1="33,67,56,16,20,75,17,40,62,59,9,131,32" hai2="68,77,85,41,84,116,104,13,95,96,126,130,45" hai3="99,101,3,76,125,83,44,25,28,114,0,93,115"/><U128/><E40/><V23/><F116/><W118/><G118/><T113/><D110/><U71/><E75/><V65/><F104/><W133/><G133/><T100/><D127/><U53/><E71/><V37/><F126/><W61/><G125/><T46/><D132/><U79/><E79/><V120/><F120/><W105/><G93/><T122/><D122/><U24/><E33/><V123/><F123/><W60/><G60/><T2/><D64/><U31/><E32/><V57/><F68/><W129/><G129/><N who="1" m="49738" /><E9/><V82/><F130/><W111/><G111/><T70/><D70/><U119/><E119/><V29/><F85/><W22/><G61/><AGARI ba="0,0" hai="16,17,20,24,31,53,56,59,61,62,67" m="49738" machi="61" ten="30,2900,0" yaku="19,1,54,1" doraHai="6" who="1" fromWho="3" sc="244,0,249,29,229,0,278,-29" /><INIT seed="1,1,0,2,2,31" ten="244,278,229,249" oya="1" hai0="14,112,81,36,115,133,21,59,19,106,74,70,109" hai1="61,82,89,103,130,107,80,38,42,3,46,110,24" hai2="45,113,73,1,99,11,50,39,123,105,16,8,12" hai3="20,5,51,114,76,57,101,131,69,121,135,116,71"/><U117/><E117/><V13/><F123/><W134/><G121/><T60/><D70/><U10/><E130/><V128/><F128/><W30/><G131/><T67/><D106/><U0/><E110/><V37/><F73/><W6/><G116/><T52/><D109/><U125/><E125/><V126/><F1/><W77/><G101/><T49/><D133/><U2/><E107/><V53/><F126/><W119/><G119/><T129/><D129/><U83/><E103/><V87/><F113/><W17/><G30/><T27/><D36/><U43/><E43/><V91/><F99/><W92/><G92/><T122/><D122/><U85/><E10/><V48/><F48/><W94/><G94/><T32/><D74/><U25/><E61/><V75/><F75/><W95/><G95/><T104/><D81/><U63/><E63/><V90/><F90/><W79/><G51/><T26/><D104/><U96/><E96/><V15/><F15/><W58/><G114/><T44/><REACH who="0" step="1"/><D27/><REACH who="0" ten="234,278,229,249" step="2"/><U40/><E25/><V47/><F105/><W55/><G135/><T72/><D72/><U97/><E24/><V28/><F39/><W7/><G134/><T88/><D88/><U35/><E97/><V62/><F37/><W56/><G55/><T118/><D118/><U65/><E42/><V41/><F41/><W9/><G9/><T66/><D66/><U22/><E65/><V34/><F11/><W68/><G20/><T23/><D23/><U93/><E22/><V29/><F8/><W120/><G120/><T64/><D64/><U18/><E35/><V108/><F34/><RYUUKYOKU ba="1,1" sc="234,10,278,10,229,-30,249,10" hai0="14,19,21,26,32,44,49,52,59,60,67,112,115" hai1="0,2,3,18,38,40,46,80,82,83,85,89,93" hai3="5,6,7,17,56,57,58,68,69,71,76,77,79" /><INIT seed="1,2,1,2,5,107" ten="244,288,199,259" oya="1" hai0="65,68,1,116,95,45,11,98,47,76,115,123,7" hai1="93,3,63,91,132,27,69,46,34,9,66,102,26" hai2="118,10,120,112,52,82,131,108,74,61,5,23,6" hai3="39,55,84,62,40,30,49,44,72,59,110,60,54"/><U58/><E132/><V29/><F120/><W35/><G84/><T8/><D116/><U15/><E3/><V64/><F118/><W89/><G89/><T113/><D123/><U48/><E102/><V24/><F108/><W83/><G83/><T70/><D76/><U16/><E69/><V96/><F131/><W22/><G72/><T0/><D65/><U111/><E34/><V119/><F119/><W133/><G22/><T130/><D95/><U79/><E79/><V78/><F112/><W21/><G21/><T51/><D51/><U97/><REACH who="1" step="1"/><E111/><REACH who="1" ten="244,278,199,259" step="2"/><V106/><F106/><W101/><G101/><T125/><D113/><U53/><AGARI ba="2,2" hai="9,15,16,26,27,46,48,53,58,63,66,91,93,97" machi="53" ten="20,18000,2" yaku="1,1,2,1,0,1,7,1,8,1,54,1,53,0" doraHai="107" doraHaiUra="129" who="1" fromWho="1" sc="244,-62,278,206,199,-62,259,-62" /><INIT seed="1,3,0,4,1,41" ten="182,484,137,197" oya="1" hai0="114,35,24,10,47,81,27,74,62,126,92,118,127" hai1="29,66,6,44,117,12,28,82,65,73,79,135,99" hai2="134,90,11,133,2,5,3,75,30,51,39,95,42" hai3="115,0,91,13,52,110,36,69,123,86,104,55,54"/><U33/><E117/><V97/><F75/><W107/><G123/><T122/><D118/><U37/><E135/><V38/><F2/><W94/><G0/><T64/><D114/><U128/><E128/><V68/><F68/><W129/><G115/><T71/><D122/><U98/><E33/><V32/><F51/><W19/><G129/><T119/><D119/><U34/><E66/><V121/><F121/><W76/><G110/><T46/><D10/><U132/><E65/><V53/><F53/><W109/><G109/><T113/><D113/><U21/><E132/><N who="2" m="50795" /><F42/><W116/><G69/><T56/><D71/><U20/><E34/><V112/><F112/><W9/><G116/><T48/><D48/><U120/><E120/><V84/><F97/><W80/><REACH who="3" step="1"/><G36/><REACH who="3" ten="182,484,137,187" step="2"/><T58/><D126/><U125/><E125/><V4/><F4/><W57/><G57/><T40/><D58/><U8/><E37/><V45/><F45/><W60/><G60/><T77/><D47/><U83/><E44/><V72/><F72/><AGARI ba="3,1" hai="9,13,19,52,54,55,72,76,80,86,91,94,104,107" machi="72" ten="40,8000,1" yaku="1,1,54,1,53,2" doraHai="41" doraHaiUra="100" who="3" fromWho="2" sc="182,0,484,0,137,-89,187,99" /><INIT seed="2,0,0,4,3,89" ten="182,484,48,286" oya="2" hai0="74,113,34,0,12,31,60,118,75,64,68,125,72" hai1="69,30,26,17,123,127,104,94,116,70,25,11,85" hai2="128,2,1,96,37,63,36,111,100,23,129,3,9" hai3="84,109,48,92,29,102,86,41,7,51,38,59,108"/><V95/><F111/><N who="3" m="42571" /><G29/><T77/><D113/><U8/><E127/><V42/><F9/><W98/><G7/><T50/><D125/><U71/><E104/><V57/><F23/><W32/><G32/><T56/><D118/><U81/><E116/><V46/><REACH who="2" step="1"/><F37/><REACH who="2" ten="182,484,38,286" step="2"/><W101/><G38/><T135/><D34/><U121/><E8/><V4/><F4/><W124/><G124/><T54/><D135/><U6/><E11/><V80/><F80/><W99/><G41/><T119/><D119/><U117/><E81/><V62/><F62/><W15/><G15/><T87/><D0/><U120/><E6/><V82/><F82/><W91/><G48/><T21/><D12/><U13/><E117/><V126/><F126/><W40/><G40/><T114/><D114/><U131/><E13/><V107/><F107/><W28/><G28/><T14/><D14/><U39/><E30/><V47/><F47/><W66/><G51/><T122/><D21/><U76/><E39/><V93/><F93/><W83/><G83/><T27/><D31/><U90/><E76/><V134/><F134/><W44/><G92/><T58/><D27/><N who="1" m="10251" /><E17/><V43/><F43/><W133/><G44/><T16/><D16/><U35/><E35/><V110/><F110/><W19/><G19/><T20/><D20/><U5/><E5/><V65/><AGARI ba="0,1" hai="1,2,3,36,42,46,57,63,65,95,96,100,128,129" machi="65" ten="40,12000,1" yaku="1,1,0,1,52,1,53,1" doraHai="89" doraHaiUra="53" who="2" fromWho="2" sc="182,-40,484,-40,38,130,286,-40" /><INIT seed="2,1,0,0,1,7" ten="142,444,168,246" oya="2" hai0="31,67,4,20,85,18,14,93,62,80,131,35,39" hai1="5,122,17,113,79,91,2,3,89,128,21,104,53" hai2="107,90,74,116,95,19,109,61,115,86,25,100,22" hai3="0,105,82,1,112,8,29,26,119,72,96,68,97"/><V135/><F116/><W84/><G119/><T94/><D131/><U71/><E128/><V52/><F115/><W28/><G28/><T114/><D114/><U6/><E122/><V124/><F124/><W73/><G68/><T32/><D39/><U49/><E71/><V51/><F135/><W125/><G125/><T23/><D32/><U55/><E104/><V120/><F120/><W64/><G64/><T127/><D127/><U118/><E118/><V37/><F37/><W56/><G56/><T121/><D35/><U58/><E79/><V81/><F109/><W11/><G29/><T110/><D4/><U60/><E113/><V88/><F107/><W92/><G105/><T44/><D44/><U57/><E5/><V98/><F74/><W106/><G106/><T87/><D110/><U108/><E108/><V129/><F129/><W59/><G59/><N who="0" m="37343" /><D85/><U54/><E54/><V83/><F61/><W9/><G112/><T123/><D123/><U12/><REACH who="1" step="1"/><E6/><REACH who="1" ten="142,434,168,246" step="2"/><V42/><F42/><W40/><G40/><T77/><D121/><U46/><E46/><V99/><F81/><W30/><G0/><AGARI ba="1,1" hai="0,2,3,12,17,21,49,53,55,57,58,60,89,91" machi="0" ten="40,1300,0" yaku="1,1,53,0" doraHai="7" doraHaiUra="75" who="1" fromWho="3" sc="142,0,434,26,168,0,246,-16" /><INIT seed="3,0,0,5,5,62" ten="142,460,168,230" oya="3" hai0="112,22,68,127,107,4,128,123,92,99,41,5,30" hai1="61,13,59,37,43,73,40,98,82,45,26,64,29" hai2="119,18,76,108,111,31,69,126,129,134,11,23,9" hai3="66,24,124,57,25,102,0,56,3,54,91,113,14"/><W70/><G70/><T125/><D68/><U117/><E117/><V52/><F119/><W79/><G102/><T16/><D107/><U97/><E43/><V17/><F69/><W34/><G79/><T131/><D41/><U33/><E73/><V74/><F74/><W83/><G124/><N who="0" m="47691" /><D92/><U63/><E82/><V78/><F126/><W96/><G14/><N who="0" m="9495" /><D99/><U10/><E63/><V46/><F134/><W20/><G20/><T86/><D86/><U93/><REACH who="1" step="1"/><E93/><REACH who="1" ten="142,450,168,230" step="2"/><V7/><F111/><W130/><G83/><T77/><D123/><U1/><E1/><V132/><F108/><W109/><G0/><T44/><D77/><U118/><E118/><V19/><F132/><W27/><G3/><T87/><D112/><U67/><E67/><V49/><F129/><W60/><G130/><T75/><D75/><U12/><E12/><V115/><F115/><W84/><G113/><T65/><D65/><U42/><E42/><V106/><F106/><W121/><G109/><T32/><D131/><U104/><E104/><V81/><F81/><W116/><G121/><T21/><D128/><U120/><E120/><V94/><F94/><W88/><G116/><T39/><D39/><U8/><E8/><V105/><F105/><W110/><G66/><T38/><D38/><U50/><E50/><V90/><F9/><W135/><G135/><T133/><D133/><U103/><E103/><V15/><F90/><W2/><G110/><T58/><D32/><U101/><E101/><V55/><F55/><W89/><G2/><T122/><D122/><U6/><AGARI ba="0,1" hai="6,10,13,26,29,33,37,40,45,59,61,64,97,98" machi="6" ten="20,5200,0" yaku="1,1,0,1,7,1,52,1,53,0" doraHai="62" doraHaiUra="80" who="1" fromWho="1" sc="142,-13,450,62,168,-13,230,-26" /><INIT seed="4,0,0,0,5,37" ten="129,512,155,204" oya="0" hai0="19,62,60,38,39,27,3,100,118,70,127,84,34" hai1="77,125,0,55,128,48,1,42,72,82,33,75,119" hai2="4,26,133,23,93,105,90,6,14,86,121,113,11" hai3="46,40,63,131,91,79,117,69,58,94,47,9,120"/><T92/><D118/><U132/><E119/><V29/><F121/><W64/><G131/><T85/><D3/><U108/><E108/><V74/><F133/><W50/><G120/><T13/><D127/><U54/><E128/><V111/><F111/><W101/><G117/><T66/><D62/><U45/><E125/><V22/><F113/><W88/><G79/><T116/><D116/><U24/><E75/><V41/><F74/><W57/><G101/><T80/><D84/><U114/><E114/><V110/><F110/><W16/><G47/><T76/><D34/><U73/><E73/><V112/><F112/><W83/><G83/><T49/><D27/><U134/><E33/><V31/><F105/><W53/><G94/><T103/><D49/><U56/><E24/><N who="2" m="16535" /><F41/><W135/><G135/><N who="1" m="51754" /><E55/><V59/><F59/><W89/><REACH who="3" step="1"/><G53/><REACH who="3" ten="129,512,155,194" step="2"/><T102/><REACH who="0" step="1"/><D92/><REACH who="0" ten="119,512,155,194" step="2"/><U115/><E115/><V106/><F106/><W25/><G25/><T122/><D122/><U36/><AGARI ba="0,2" hai="0,1,36,42,45,48,54,56,72,77,82" m="51754" machi="36" ten="30,2000,0" yaku="20,1,52,1" doraHai="37" who="1" fromWho="1" sc="119,-10,512,40,155,-5,194,-5" /><INIT seed="5,0,0,5,0,79" ten="109,552,150,189" oya="1" hai0="97,80,135,118,102,124,31,21,119,87,17,12,30" hai1="54,18,127,1,4,115,84,75,73,117,56,95,89" hai2="35,43,33,50,81,2,70,116,68,99,27,15,49" hai3="64,85,60,91,98,132,130,48,107,126,13,131,45"/><U93/><E117/><V19/><F2/><W88/><G126/><T3/><D3/><U101/><E127/><V71/><F116/><W125/><G125/><T72/><D124/><U55/><E115/><V61/><F61/><W20/><G132/><T133/><D72/><U23/><E4/><V8/><F99/><W42/><G20/><T10/><D118/><U25/><E1/><V62/><F62/><W6/><G13/><T67/><D119/><U74/><E54/><V114/><F114/><W63/><G6/><T22/><D67/><U129/><E129/><N who="3" m="49162" /><G60/><T53/><D53/><U29/><E29/><V51/><F43/><W57/><G85/><T113/><D113/><U104/><E104/><V109/><F109/><W59/><G59/><T16/><D133/><U122/><E122/><V103/><F103/><AGARI ba="0,0" hai="42,45,48,57,63,64,88,91,98,103,107" m="49162" machi="103" ten="30,2000,0" yaku="19,1,54,1" doraHai="79" who="3" fromWho="2" sc="109,0,552,0,150,-20,189,20" /><INIT seed="6,0,0,1,0,48" ten="109,552,130,209" oya="2" hai0="108,58,18,23,105,26,37,20,74,38,65,29,70" hai1="87,13,14,107,40,15,92,95,91,0,42,19,12" hai2="1,73,28,24,11,83,127,31,128,125,132,44,89" hai3="35,86,114,126,32,54,5,39,3,75,97,122,10"/><V119/><F119/><W43/><G122/><T46/><D108/><U36/><E0/><V57/><F132/><W129/><G114/><T130/><D105/><U67/><E67/><V88/><F128/><W49/><G129/><T80/><D130/><U64/><E64/><V71/><F71/><W45/><G75/><T56/><D70/><U121/><E107/><V100/><F100/><W94/><G86/><T2/><D2/><U16/><E121/><V124/><F44/><W41/><G41/><N who="1" m="15978" /><E36/><V59/><F11/><W104/><G126/><T103/><D103/><U30/><E30/><N who="2" m="11307" /><F24/><W76/><G76/><T52/><D38/><U84/><E84/><N who="2" m="50207" /><F1/><W34/><G104/><T62/><D37/><U68/><E68/><V111/><F111/><W33/><G33/><T109/><D109/><U61/><E61/><V53/><F73/><W66/><G66/><T47/><D80/><N who="1" m="49639" /><E19/><V25/><F25/><W131/><G131/><T55/><D74/><U8/><AGARI ba="0,0" hai="8,12,13,14,15,16,92,95" m="49639,15978" machi="8" ten="30,2000,0" yaku="8,1,54,1" doraHai="48" who="1" fromWho="1" sc="109,-5,552,20,130,-10,209,-5" /><INIT seed="7,0,0,3,1,104" ten="104,572,120,204" oya="3" hai0="66,32,64,106,28,51,96,20,44,93,112,13,56" hai1="133,84,39,78,43,3,31,37,124,62,42,53,18" hai2="94,17,49,125,16,132,129,9,77,89,46,65,58" hai3="27,41,63,69,127,0,134,73,60,1,25,21,2"/><W113/><G73/><T71/><D106/><U67/><E3/><V88/><F132/><W40/><G134/><T19/><D71/><U83/><E31/><V101/><F129/><W55/><G113/><T4/><D112/><U103/><E103/><V45/><F77/><W38/><G38/><T92/><D4/><U114/><E114/><V95/><F101/><W121/><G127/><T70/><D70/><U118/><E124/><V10/><F125/><W79/><G79/><T22/><D32/><U135/><E118/><V90/><F65/><W57/><G27/><T81/><D81/><U82/><E82/><V24/><F58/><W116/><G116/><T128/><D128/><U87/><E87/><V117/><F117/><W123/><G123/><T111/><D111/><U119/><E119/><V91/><F45/><W29/><G121/><T80/><D80/><U30/><E30/><V102/><F102/><W48/><G63/><T75/><D75/><U26/><E39/><V97/><F95/><N who="0" m="36426" /><D96/><U98/><E98/><V12/><F24/><W14/><G14/><T5/><D5/><U72/><E37/><V115/><F115/><W8/><G0/><T36/><D36/><U61/><E72/><V7/><F9/><W130/><G8/><T110/><D110/><U126/><E126/><V122/><F122/><W6/><G6/><T23/><D28/><U59/><E135/><V76/><F76/><W86/><G29/><T109/><D109/><U131/><E133/><V99/><F99/><W52/><G69/><T50/><D56/><N who="1" m="34959" /><E131/><V54/><AGARI ba="0,0" hai="7,10,12,16,17,46,49,54,88,89,90,91,94,97" machi="54" ten="30,7900,0" yaku="0,1,8,1,54,2" doraHai="104" who="2" fromWho="2" sc="104,-20,572,-20,120,79,204,-39" owari="84,-42.0,552,65.0,199,0.0,165,-23.0" /></mjloggm>