<mjloggm ver="2.3"><GO type="169" lobby="0"/><UN n0="%E5%B1%B1%E8%B6%8A" n1="%61%6E%5F" n2="%64%61%7A%61%69" n3="%E9%A2%A8%E6%B4%A5%E9%81%93" dan="17,16,16,16" rate="2161.06,2091.26,2146.67,2104.10" sx="M,M,M,M"/><TAIKYOKU oya="0"/><INIT seed="0,0,0,2,4,107" ten="250,250,250,250" oya="0" hai0="43,58,32,53,29,21,96,117,74,104,41,92,36" hai1="97,82,85,42,72,0,103,112,49,111,47,4,51" hai2="109,62,6,124,78,59,38,50,40,31,10,88,87" hai3="120,94,20,34,76,108,126,135,33,3,125,90,57"/><T2/><D117/><U71/><E111/><V110/><F124/><N who="3" m="47723" /><G135/><T100/><D32/><U14/><E112/><V35/><F38/><W68/><G68/><T77/><D2/><U67/><E51/><V8/><F78/><W70/><G70/><T27/><D104/><U39/><E67/><V48/><F31/><W22/><G120/><T91/><D100/><U66/><E66/><V99/><F99/><W12/><G3/><T26/><D26/><U54/><E71/><V115/><F35/><N who="3" m="13323" /><G76/><T86/><D74/><U18/><E0/><V118/><F115/><W102/><G102/><T131/><D131/><U81/><E4/><V16/><F6/><W75/><G75/><T55/><D36/><U123/><E123/><V73/><F73/><W56/><G12/><T113/><D113/><U80/><E85/><V65/><F8/><W128/><G108/><N who="2" m="41577" /><F40/><W95/><G128/><T132/><D132/><U83/><E72/><V134/><F118/><W13/><G13/><T28/><D28/><U23/><N who="1" m="20480" /><DORA hai="93" /><U19/><E14/><N who="2" m="7255" /><F134/><W63/><G63/><N who="0" m="36303" /><D77/><U89/><E23/><N who="3" m="8746" /><G94/><AGARI ba="0,0" hai="48,50,59,62,65,87,88,94" m="7255,41577" machi="94" ten="30,3900,0" yaku="14,1,54,2" doraHai="107,93" who="2" fromWho="3" sc="250,0,250,0,250,39,250,-39" /><INIT seed="1,0,0,2,5,67" ten="250,250,289,211" oya="1" hai0="100,119,5,72,82,85,12,93,92,10,64,99,26" hai1="134,106,88,113,4,17,36,38,32,90,83,51,24" hai2="110,68,126,16,43,50,111,127,2,87,102,9,109" hai3="13,30,63,66,57,47,20,124,37,81,61,35,7"/><U130/><E106/><V44/><F102/><W62/><G124/><N who="2" m="47657" /><F87/><W91/><G37/><T40/><D119/><U14/><E113/><V125/><N who="2" m="47665" /><V0/><DORA hai="132" /><F68/><W96/><G47/><T103/><D72/><U53/><E83/><V23/><F9/><W33/><G33/><T74/><D74/><U69/><E69/><V41/><F41/><W129/><G35/><T21/><D40/><U131/><E131/><V118/><F118/><W31/><G129/><T105/><D103/><U60/><E130/><V39/><F39/><W59/><G96/><T71/><D71/><U25/><E38/><V80/><F80/><W27/><G81/><T76/><REACH who="0" step="1"/><D64/><REACH who="0" ten="240,250,289,211" step="2"/><U86/><E36/><V28/><F28/><AGARI ba="0,1" hai="5,10,12,21,26,28,76,82,85,92,93,99,100,105" machi="28" ten="30,8000,1" yaku="1,1,2,1,7,1,53,2" doraHai="67,132" doraHaiUra="8,18" who="0" fromWho="2" sc="240,90,250,0,289,-80,211,0" /><INIT seed="2,0,0,1,0,66" ten="330,250,209,211" oya="2" hai0="44,101,62,32,74,84,70,85,78,14,91,15,59" hai1="11,126,64,94,37,13,129,104,95,7,109,49,83" hai2="71,105,30,45,21,56,50,38,96,27,5,122,19" hai3="68,29,2,100,117,42,115,113,76,118,125,65,124"/><V22/><F122/><W55/><G2/><T106/><D70/><U98/><E37/><V102/><F5/><W97/><G76/><T135/><D135/><U41/><E109/><V28/><F38/><W18/><G29/><T35/><D44/><U112/><E112/><N who="3" m="43082" /><G18/><T89/><D78/><U107/><E129/><V9/><F9/><W123/><G97/><T34/><D74/><U131/><E131/><V130/><F130/><W3/><G100/><T6/><D101/><U79/><E94/><V17/><F56/><W23/><G23/><T77/><D77/><U60/><E95/><V132/><F71/><W120/><G3/><T81/><D106/><U87/><E98/><V31/><F132/><W36/><G55/><T61/><D6/><U92/><E92/><V43/><REACH who="2" step="1"/><F30/><REACH who="2" ten="330,250,199,211" step="2"/><W0/><G0/><T47/><D59/><U10/><E11/><V12/><AGARI ba="0,1" hai="12,17,19,21,22,27,28,31,43,45,50,96,102,105" machi="12" ten="20,7800,0" yaku="1,1,2,1,0,1,7,1,53,0" doraHai="66" doraHaiUra="90" who="2" fromWho="2" sc="330,-26,250,-26,199,88,211,-26" /><INIT seed="2,1,0,4,5,103" ten="304,224,287,185" oya="2" hai0="51,17,43,36,9,76,102,14,31,116,124,131,23" hai1="80,109,86,104,77,47,8,45,107,24,88,125,118" hai2="34,25,122,121,60,63,15,7,94,48,84,132,68" hai3="6,67,83,12,16,61,135,100,4,81,98,1,44"/><V71/><F132/><W72/><G135/><T78/><D131/><U65/><E118/><V87/><F48/><W96/><G96/><T27/><D124/><U106/><E125/><V42/><F42/><W19/><G19/><T123/><D123/><U85/><E109/><V49/><F49/><W50/><G1/><T21/><D36/><U26/><E65/><V66/><F7/><W79/><G81/><T82/><D116/><U74/><E8/><V10/><F10/><W5/><G50/><T54/><D43/><U18/><E74/><V11/><F25/><W37/><G44/><T134/><D102/><U62/><E62/><V33/><F11/><W126/><G37/><T111/><D111/><U97/><E97/><V117/><F66/><W0/><G0/><T92/><D92/><U112/><E112/><V114/><F94/><W53/><G53/><T69/><D69/><U133/><E133/><V22/><F22/><W38/><G38/><T70/><D70/><U119/><E119/><V3/><F3/><W40/><G40/><T115/><D115/><U57/><E57/><V59/><F117/><W56/><G126/><T35/><D78/><U32/><E26/><V64/><F64/><W127/><G127/><T95/><D95/><N who="1" m="54671" /><E18/><V99/><F99/><W105/><G5/><T93/><D93/><U101/><E101/><V20/><F59/><W55/><G67/><T28/><D28/><N who="1" m="19463" /><E45/><V46/><F46/><W110/><G110/><T13/><D13/><U129/><E47/><V39/><F114/><W29/><G29/><T91/><D134/><U130/><AGARI ba="1,0" hai="77,80,86,104,106,107,129,130" m="19463,54671" machi="130" ten="40,8000,1" yaku="5,1,52,3,54,1" doraHai="103" who="1" fromWho="1" sc="304,-21,224,83,287,-41,185,-21" /><INIT seed="3,0,0,0,5,127" ten="283,307,246,164" oya="3" hai0="88,25,56,129,135,69,108,128,132,23,122,115,21" hai1="126,35,67,47,9,130,29,17,53,37,95,22,49" hai2="98,45,51,74,79,118,30,110,114,102,39,117,134" hai3="1,6,12,125,93,77,38,11,7,55,103,111,36"/><W82/><G125/><T50/><D108/><U14/><E130/><N who="0" m="50281" /><D69/><U27/><E126/><V33/><F114/><W106/><G93/><T85/><D122/><U72/><E72/><V26/><F134/><N who="0" m="51242" /><D115/><U66/><E37/><V89/><F89/><W13/><G111/><T2/><D2/><U48/><E95/><V107/><F51/><W63/><G103/><T81/><D25/><U116/><E116/><V90/><F90/><W16/><G106/><T97/><D97/><U58/><REACH who="1" step="1"/><E35/><REACH who="1" ten="283,297,246,164" step="2"/><V10/><F110/><W121/><G121/><T57/><D50/><U64/><E64/><V76/><F117/><W71/><G36/><T54/><D54/><AGARI ba="0,1" hai="9,14,17,22,27,29,47,48,49,53,54,58,66,67" machi="54" ten="30,3900,0" yaku="1,1,7,1,8,1,53,0" doraHai="127" doraHaiUra="100" who="1" fromWho="0" sc="283,-39,297,49,246,0,164,0" /><INIT seed="4,0,0,1,1,103" ten="244,346,246,164" oya="0" hai0="61,47,87,127,24,114,74,51,98,52,42,116,28" hai1="53,120,121,16,111,110,109,10,68,80,91,117,48" hai2="124,4,33,71,128,76,113,3,134,107,30,46,1" hai3="18,5,23,60,83,45,115,43,11,132,126,62,105"/><T50/><D114/><U36/><E36/><V72/><RYUUKYOKU type="yao9" ba="0,0" sc="244,0,346,0,246,0,164,0" hai2="1,3,4,30,33,46,71,72,76,107,113,124,128,134" /><INIT seed="4,1,0,4,0,111" ten="244,346,246,164" oya="0" hai0="26,71,15,129,0,52,50,79,72,30,48,105,33" hai1="100,36,97,27,39,1,13,112,14,17,103,134,120" hai2="66,28,92,124,38,23,67,5,80,7,82,131,96" hai3="22,43,99,32,70,77,132,119,55,64,21,109,133"/><T93/><D129/><U115/><E120/><V65/><F38/><N who="1" m="14377" /><E1/><V56/><F131/><W135/><G109/><T53/><D105/><U16/><E27/><N who="2" m="16511" /><F124/><W54/><G119/><T122/><D122/><U24/><E24/><V20/><F56/><W60/><G32/><T125/><D0/><U8/><E134/><V10/><F20/><W89/><G43/><T69/><D125/><U62/><E62/><V113/><F10/><W9/><G77/><T114/><D93/><U108/><E108/><V11/><F11/><W104/><G9/><T87/><D72/><U19/><E8/><V49/><F49/><W121/><G121/><T61/><D15/><N who="1" m="5643" /><E97/><V107/><F107/><W126/><G126/><T63/><D26/><U44/><E44/><V35/><F35/><W68/><G68/><T118/><D30/><U37/><N who="1" m="14385" /><U58/><DORA hai="98" /><E58/><V84/><F84/><W18/><G21/><T73/><D87/><U46/><E46/><V101/><F82/><W128/><G128/><T40/><D73/><U12/><N who="1" m="5651" /><U74/><DORA hai="110" /><E74/><V42/><F80/><W86/><G99/><T59/><D59/><U102/><AGARI ba="1,0" hai="16,17,19,100,102,103,112,115" m="5651,14385" machi="102" ten="60,16000,3" yaku="28,2,52,7,54,1" doraHai="111,98,110" who="1" fromWho="1" sc="244,-81,346,163,246,-41,164,-41" /><INIT seed="5,0,0,3,0,13" ten="163,509,205,123" oya="1" hai0="15,63,39,0,48,8,55,118,74,119,18,86,17" hai1="81,71,75,127,46,10,51,108,82,126,49,26,33" hai2="23,100,59,27,85,92,95,72,91,111,30,37,50" hai3="107,44,77,62,128,123,83,68,105,3,80,87,130"/><U116/><E116/><V12/><F111/><W131/><G123/><T98/><D74/><U79/><E71/><V113/><F72/><W58/><G68/><T104/><D39/><U2/><E33/><V76/><F37/><W70/><G70/><T14/><D0/><U16/><E2/><V6/><F76/><W9/><G83/><T90/><D63/><U42/><E82/><V43/><F113/><W120/><G120/><T97/><D119/><U67/><E67/><V102/><F95/><W11/><G44/><N who="0" m="28039" /><D104/><U56/><E108/><V57/><F57/><W22/><G22/><N who="0" m="11575" /><D118/><U54/><REACH who="1" step="1"/><E26/><REACH who="1" ten="163,499,205,123" step="2"/><V20/><F27/><W40/><G3/><T103/><D103/><U28/><E28/><V84/><F102/><W114/><G130/><T64/><D64/><U21/><E21/><V133/><F23/><W94/><G131/><T89/><D89/><U65/><E65/><V29/><F20/><W66/><G128/><T32/><D32/><U135/><E135/><V117/><F133/><W134/><G134/><T35/><D35/><U61/><E61/><V53/><F117/><W121/><G121/><T1/><D1/><U93/><E93/><AGARI ba="0,1" hai="8,15,18,86,90,93,97,98" m="11575,28039" machi="93" ten="30,3900,0" yaku="8,1,52,2" doraHai="13" who="0" fromWho="1" sc="163,49,499,-39,205,0,123,0" /><INIT seed="6,0,0,4,2,85" ten="212,460,205,123" oya="2" hai0="34,116,9,20,25,38,75,53,102,58,95,10,39" hai1="73,134,70,81,56,52,84,47,135,80,21,11,49" hai2="26,123,3,22,51,4,128,119,6,130,69,35,66" hai3="100,121,90,107,12,31,71,88,87,76,65,129,125"/><V45/><F119/><W93/><G121/><T103/><D34/><U8/><E70/><V17/><F123/><W118/><G118/><T15/><D75/><U63/><E21/><V61/><F35/><W43/><G129/><N who="2" m="49769" /><F3/><W91/><G125/><T32/><D32/><U7/><E73/><V68/><F68/><W86/><G43/><AGARI ba="0,0" hai="4,6,17,22,26,43,45,51,61,66,69" m="49769" machi="43" ten="30,1500,0" yaku="19,1" doraHai="85" who="2" fromWho="3" sc="212,0,460,0,205,15,123,-15" /><INIT seed="6,1,0,5,1,104" ten="212,460,220,108" oya="2" hai0="67,8,2,53,54,0,62,7,103,81,71,23,27" hai1="78,117,4,131,55,125,41,110,6,29,37,32,113" hai2="90,21,107,66,40,119,13,58,126,65,133,45,115" hai3="57,121,20,97,108,22,34,42,36,94,47,28,46"/><V129/><F119/><W123/><G108/><T60/><D0/><U48/><E32/><V15/><F107/><W12/><G34/><T52/><D103/><U39/><E29/><V44/><F129/><W85/><G85/><T74/><D60/><U99/><E110/><V93/><F133/><W114/><G114/><T1/><D1/><U105/><E39/><V101/><F101/><W63/><G46/><T5/><D5/><U96/><E6/><V50/><F126/><W31/><G31/><T76/><REACH who="0" step="1"/><D53/><REACH who="0" ten="202,460,220,108" step="2"/><U75/><E4/><V26/><F115/><W92/><G123/><T79/><D79/><U111/><E78/><V49/><F66/><W134/><G121/><T19/><AGARI ba="1,1" hai="2,7,8,19,23,27,52,54,62,67,71,74,76,81" machi="19" ten="20,8000,1" yaku="1,1,0,1,7,1,52,1,54,1,53,0" doraHai="104" doraHaiUra="69" who="0" fromWho="0" sc="202,93,460,-21,220,-41,108,-21" /><INIT seed="7,0,0,5,5,120" ten="295,439,179,87" oya="3" hai0="128,92,113,43,135,83,21,110,48,124,4,65,95" hai1="58,125,127,45,1,131,49,32,0,61,76,130,77" hai2="5,41,79,56,2,50,24,99,88,112,53,18,85" hai3="67,115,70,35,55,94,133,23,118,62,3,37,14"/><W111/><G118/><T15/><D110/><U59/><E32/><V63/><F2/><N who="1" m="1129" /><E77/><V38/><F112/><W27/><G3/><T69/><D128/><N who="1" m="49195" /><E76/><V10/><F38/><W101/><G115/><T36/><D92/><U114/><E114/><V19/><F5/><W86/><G133/><T73/><D48/><U87/><E87/><V9/><F99/><W80/><G37/><T98/><D15/><U89/><E89/><V97/><F97/><W13/><G35/><T54/><D54/><N who="1" m="34039" /><E58/><V60/><F19/><W126/><G126/><T20/><D43/><AGARI ba="0,0" hai="43,45,49,125,127" m="34039,49195,1129" machi="43" ten="30,1000,0" yaku="19,1" doraHai="120" who="1" fromWho="0" sc="295,-10,439,10,179,0,87,0" owari="285,9.0,449,54.0,179,-22.0,87,-41.0" /></mjloggm>