<mjloggm ver="2.3"><GO type="185" lobby="0"/><UN n0="%E5%A4%9A%E6%9E%97%E6%99%8B" n1="%52%35" n2="%EF%BC%88%E3%83%BB%EF%BC%88%E3%83%B1%EF%BC%89%E3%83%BB%EF%BC%89" n3="" dan="17,16,17,0" rate="2191.75,2166.29,2157.21,1500.00" sx="M,M,M,C"/><TAIKYOKU oya="0"/><INIT seed="0,0,0,3,1,48" ten="350,350,350,0" oya="0" hai0="39,51,93,132,97,66,115,33,47,89,57,95,71" hai1="49,121,78,68,99,32,100,75,44,45,123,119,55" hai2="36,125,86,128,109,1,117,118,110,60,116,122,43" hai3=""/><T133/><D33/><U80/><N who="1" m="31008" /><U72/><N who="1" m="31520" /><U70/><E32/><V81/><N who="2" m="31264" /><V67/><F1/><T114/><D39/><U98/><E119/><V101/><F101/><T104/><D104/><U46/><E75/><V124/><F128/><T35/><D71/><U63/><E99/><V77/><F43/><T62/><D93/><U87/><E72/><V102/><F102/><T111/><D111/><N who="2" m="42506" /><F36/><T107/><D107/><U112/><E112/><V59/><AGARI ba="0,0" hai="59,60,67,77,81,86,116,117,118,124,125" m="42506,31264" machi="59" ten="40,3900,0" yaku="12,1,14,1,52,1" doraHai="48" who="2" fromWho="2" sc="350,-26,350,-13,350,39,0,0" /><INIT seed="1,0,0,0,1,48" ten="324,337,389,0" oya="1" hai0="110,113,124,125,91,93,37,51,33,112,68,72,1" hai1="63,71,92,2,46,108,94,111,79,128,103,57,88" hai2="60,104,122,40,132,0,121,3,98,82,129,95,64" hai3=""/><U126/><E2/><V55/><N who="2" m="31008" /><V73/><N who="2" m="31264" /><V106/><F132/><T67/><D1/><U74/><E128/><V120/><N who="2" m="30752" /><V85/><F129/><T127/><D33/><U39/><E126/><V43/><F73/><T116/><D72/><U77/><E71/><V100/><F55/><T87/><D37/><U133/><E133/><V38/><F0/><T34/><D34/><U96/><E39/><V90/><F3/><T65/><D110/><N who="1" m="42027" /><E46/><V80/><F80/><T134/><D134/><U35/><E35/><V118/><F118/><T76/><D116/><U84/><E74/><V56/><REACH who="2" step="1"/><F38/><REACH who="2" ten="324,337,379,0" step="2"/><T131/><D131/><U89/><E103/><V102/><F102/><T49/><D125/><U75/><E75/><V54/><F54/><AGARI ba="0,1" hai="54,57,63,77,79,84,88,89,92,94,96" m="42027" machi="54" ten="30,11600,0" yaku="14,1,10,1,52,1,54,1" doraHai="48" who="1" fromWho="2" sc="324,0,337,126,379,-116,0,0" /><INIT seed="1,1,0,5,0,0" ten="324,463,263,0" oya="1" hai0="105,124,113,58,117,55,64,93,121,107,63,127,37" hai1="97,56,53,45,80,86,73,36,118,3,100,120,92" hai2="76,75,94,112,96,87,43,79,40,68,42,126,44" hai3=""/><U128/><N who="1" m="30752" /><U66/><E3/><V33/><F33/><T95/><N who="0" m="31008" /><T72/><D113/><U77/><E128/><V98/><F126/><N who="0" m="48170" /><D37/><U102/><E118/><V83/><F68/><T134/><D72/><U81/><E66/><V114/><F79/><T41/><D41/><U61/><E102/><V91/><REACH who="2" step="1"/><F44/><REACH who="2" ten="324,463,253,0" step="2"/><T47/><D117/><U39/><REACH who="1" step="1"/><E45/><REACH who="1" ten="324,453,253,0" step="2"/><V109/><F109/><T115/><D115/><AGARI ba="1,2" hai="40,42,43,75,76,83,87,91,94,96,98,112,114,115" machi="115" ten="40,2600,0" yaku="1,1,11,1,53,0" doraHai="0" doraHaiUra="130" who="2" fromWho="0" sc="324,-28,453,0,253,48,0,0" /><INIT seed="2,0,0,3,3,1" ten="296,453,301,0" oya="2" hai0="106,66,94,35,93,96,72,0,61,105,111,58,133" hai1="115,75,51,2,38,46,55,45,67,73,104,99,127" hai2="126,70,123,44,117,53,90,33,76,132,114,62,89" hai3=""/><V120/><N who="2" m="30752" /><V95/><N who="2" m="31520" /><V110/><F114/><T85/><D0/><U47/><E2/><V68/><F117/><T124/><D72/><U37/><E115/><V87/><F126/><T34/><D124/><U108/><E127/><V64/><F132/><T50/><D133/><U48/><E108/><V109/><F33/><T56/><D111/><N who="2" m="42506" /><F76/><T92/><D85/><U86/><E67/><V63/><F90/><T60/><D50/><U102/><E86/><V134/><F134/><T81/><D81/><U91/><E91/><V118/><F118/><T59/><D96/><U98/><E99/><V77/><F77/><T119/><D119/><U112/><E112/><V74/><F74/><T101/><D101/><U125/><E125/><V128/><F128/><T3/><D3/><U131/><E131/><V122/><N who="2" m="31264" /><V57/><F44/><T88/><D88/><U130/><E130/><V43/><F43/><T69/><REACH who="0" step="1"/><D61/><REACH who="0" ten="286,453,301,0" step="2"/><U135/><E135/><V103/><F103/><T107/><AGARI ba="0,1" hai="34,35,56,58,59,60,66,69,92,93,94,105,106,107" machi="107" ten="40,9000,2" yaku="1,1,2,1,0,1,29,2,52,2,53,0" doraHai="1" doraHaiUra="78" who="0" fromWho="0" sc="286,100,453,-30,301,-60,0,0" /><INIT seed="4,0,0,2,1,110" ten="386,423,241,0" oya="0" hai0="106,115,38,74,56,87,80,84,116,126,66,62,107" hai1="100,64,36,111,65,0,53,85,94,123,60,75,2" hai2="44,57,131,128,95,1,48,133,49,35,117,120,79" hai3=""/><T82/><D116/><U42/><N who="1" m="31520" /><U92/><E111/><V96/><N who="2" m="30752" /><V46/><F35/><T52/><D126/><U102/><E75/><V50/><F1/><T63/><D38/><U72/><E72/><V78/><F117/><T113/><D74/><U86/><E36/><V119/><F119/><T34/><D34/><U105/><E105/><V127/><F57/><T101/><D101/><U67/><E42/><V81/><F127/><T69/><D82/><U54/><E67/><V33/><F33/><T47/><D47/><U40/><E40/><V39/><F133/><T108/><D108/><U130/><REACH who="1" step="1"/><E60/><REACH who="1" ten="386,413,241,0" step="2"/><V58/><F58/><T114/><REACH who="0" step="1"/><D87/><REACH who="0" ten="376,413,241,0" step="2"/><U122/><E122/><V43/><F46/><T104/><D104/><U55/><E55/><V112/><F44/><T118/><D118/><U124/><E124/><V129/><F39/><T134/><D134/><U77/><E77/><AGARI ba="0,2" hai="52,56,62,63,66,69,77,80,84,106,107,113,114,115" machi="77" ten="40,18000,2" yaku="1,1,15,1,52,3,54,1,53,0" doraHai="110" doraHaiUra="37" who="0" fromWho="1" sc="376,200,413,-180,241,0,0,0" /><INIT seed="4,1,0,0,2,50" ten="576,233,241,0" oya="0" hai0="52,125,83,34,32,122,67,88,53,81,128,104,3" hai1="68,85,75,0,65,116,87,72,61,97,80,130,108" hai2="90,99,93,123,118,42,115,106,112,94,37,51,56" hai3=""/><T110/><N who="0" m="31264" /><T39/><D3/><U100/><E108/><V78/><N who="2" m="31520" /><V101/><F118/><T95/><D110/><U36/><E116/><V46/><F78/><T111/><D111/><U74/><E0/><V98/><REACH who="2" step="1"/><F106/><REACH who="2" ten="576,233,231,0" step="2"/><T41/><D104/><U60/><E130/><V76/><F76/><T121/><N who="0" m="31008" /><T57/><D128/><U84/><E36/><V2/><F2/><T43/><D125/><U132/><E132/><V45/><F45/><T96/><D39/><U44/><E44/><V134/><F134/><T119/><D119/><U91/><REACH who="1" step="1"/><E61/><REACH who="1" ten="576,223,231,0" step="2"/><V48/><F48/><T71/><D32/><U58/><E58/><V33/><F33/><T49/><D34/><U59/><E59/><V131/><F131/><T38/><D38/><U69/><E69/><V1/><F1/><T129/><D129/><U103/><E103/><V40/><F40/><T77/><D41/><U126/><E126/><V117/><F117/><T82/><D43/><U92/><AGARI ba="1,2" hai="60,65,68,72,74,75,80,84,85,87,91,92,97,100" machi="92" ten="30,1500,0" yaku="1,1,0,1,53,0" doraHai="50" doraHaiUra="109" who="1" fromWho="1" sc="576,-11,223,37,231,-6,0,0" /><INIT seed="5,0,0,0,2,32" ten="565,260,225,0" oya="1" hai0="115,51,82,108,77,42,118,35,93,50,61,52,126" hai1="96,43,119,112,67,86,90,135,74,62,80,56,131" hai2="121,101,75,33,60,104,85,130,48,132,109,57,70" hai3=""/><U98/><E119/><V76/><N who="2" m="31008" /><V127/><F33/><T99/><D35/><U2/><E112/><V65/><F109/><T111/><D115/><U113/><E113/><V114/><F114/><T1/><D118/><U124/><E131/><V100/><F130/><T134/><D134/><U88/><E135/><V79/><F132/><T64/><D1/><U41/><E124/><V46/><F127/><T133/><D50/><U107/><E2/><V105/><F75/><T71/><D42/><U103/><REACH who="1" step="1"/><E74/><REACH who="1" ten="565,250,225,0" step="2"/><V129/><F129/><T59/><D133/><U106/><E106/><V78/><F70/><T94/><D126/><U97/><E97/><V53/><REACH who="2" step="1"/><F85/><REACH who="2" ten="565,250,215,0" step="2"/><T37/><D108/><U58/><E58/><V102/><AGARI ba="0,2" hai="46,48,53,57,60,65,76,78,79,100,101,102,104,105" m="31008" machi="102" ten="30,5900,0" yaku="1,1,2,1,0,1,52,1,53,0" doraHai="32" doraHaiUra="122" who="2" fromWho="2" sc="565,-20,250,-39,215,79,0,0" /><INIT seed="6,0,0,4,1,34" ten="545,211,294,0" oya="2" hai0="71,95,49,50,53,127,118,64,1,58,69,60,68" hai1="2,44,86,109,73,85,116,67,47,48,81,100,32" hai2="130,72,46,65,74,99,59,33,55,120,125,96,3" hai3=""/><V54/><F33/><T121/><N who="0" m="31008" /><T111/><D111/><U134/><E109/><V104/><F3/><T76/><D1/><U112/><E32/><V62/><F130/><T98/><D118/><U102/><E116/><V132/><F125/><T101/><D127/><U135/><E112/><V61/><F132/><T128/><D128/><U63/><E73/><V37/><F37/><T114/><D114/><U124/><E124/><V45/><F104/><T108/><D108/><U35/><E35/><V93/><F93/><T80/><D49/><U123/><N who="1" m="31520" /><U91/><E2/><V82/><F82/><T119/><D119/><U106/><E86/><AGARI ba="0,0" hai="50,53,58,60,64,68,69,71,76,80,86,95,98,101" m="31008" machi="86" ten="30,2000,0" yaku="7,1,52,1" doraHai="34" who="0" fromWho="1" sc="545,20,211,-20,294,0,0,0" owari="565,52.0,191,-41.0,294,-11.0,0,0.0" /></mjloggm>