<mjloggm ver="2.3"><GO type="169" lobby="0"/><UN n0="%E3%83%AD%E3%83%83%E3%82%BD" n1="%E3%81%A7%E3%82%93%E3%81%A4%E3%81%86" n2="%E7%9F%9B%E7%9B%BE" n3="%64%75%72%72%72%72%72" dan="18,17,16,16" rate="2224.58,2200.44,2077.75,2132.88" sx="F,M,M,M"/><TAIKYOKU oya="0"/><INIT seed="0,0,0,1,4,83" ten="250,250,250,250" oya="0" hai0="129,79,127,68,123,75,72,61,63,122,47,13,93" hai1="115,135,65,105,14,55,3,18,89,132,119,40,9" hai2="48,74,66,29,84,128,109,56,125,80,94,11,6" hai3="124,98,131,118,96,17,51,53,15,85,114,30,41"/><T62/><D68/><U117/><E105/><V39/><F109/><W10/><G118/><T5/><D79/><U33/><E65/><V76/><F128/><W23/><G114/><T35/><D35/><U16/><E40/><V1/><F125/><W95/><G131/><T110/><D129/><U52/><E33/><V4/><F29/><W106/><G106/><T82/><D82/><U92/><E3/><V45/><F6/><W102/><G124/><T97/><D47/><U71/><E71/><V91/><F66/><W8/><G41/><T112/><D112/><U120/><E120/><V108/><F108/><W101/><G30/><T58/><D58/><U100/><E100/><V90/><F56/><W43/><G43/><T103/><D127/><U107/><E107/><V87/><F48/><W70/><G70/><T130/><D130/><U81/><E81/><V46/><REACH who="2" step="1"/><F39/><REACH who="2" ten="250,250,240,250" step="2"/><W67/><G67/><T54/><D110/><U104/><E115/><V116/><F116/><W113/><G113/><T21/><D54/><N who="1" m="20523" /><E18/><V78/><F78/><W69/><G69/><T31/><D5/><U86/><E104/><V26/><F26/><W20/><G51/><T77/><D77/><U57/><E57/><V88/><F88/><N who="3" m="53647" /><G53/><T0/><D0/><U126/><E126/><V7/><F7/><N who="3" m="3551" /><G102/><T44/><D44/><U42/><E42/><V111/><F111/><W133/><G101/><T25/><REACH who="0" step="1"/><D13/><REACH who="0" ten="240,250,240,250" step="2"/><U49/><E49/><V12/><F12/><N who="3" m="7303" /><G133/><AGARI ba="0,2" hai="9,14,16,86,89,92,117,119,132,133,135" m="20523" machi="133" ten="30,7700,0" yaku="20,1,52,1,54,2" doraHai="83" who="1" fromWho="3" sc="240,0,250,97,240,0,250,-77" /><INIT seed="1,0,0,5,3,94" ten="240,347,240,173" oya="1" hai0="62,21,57,96,79,67,127,82,123,102,40,45,124" hai1="128,54,72,81,92,105,33,69,97,115,117,73,24" hai2="87,106,122,30,58,64,7,63,134,4,26,74,103" hai3="75,56,119,16,15,107,89,10,53,5,60,59,104"/><U108/><E69/><V129/><F134/><W37/><G37/><T20/><D123/><U2/><E2/><V18/><F129/><W110/><G75/><T22/><D82/><U41/><E41/><V36/><F122/><W55/><G110/><T9/><D9/><U0/><E0/><V13/><F74/><W131/><G131/><T32/><D32/><U42/><E42/><V68/><F36/><W23/><G89/><T99/><D79/><U44/><E105/><V132/><F87/><W109/><G119/><T125/><REACH who="0" step="1"/><D102/><REACH who="0" ten="230,347,240,173" step="2"/><U126/><E128/><V31/><F132/><W84/><G109/><T77/><D77/><U95/><E33/><V66/><F103/><W90/><G10/><T121/><D121/><U51/><E81/><V8/><F8/><W71/><G5/><T112/><D112/><U25/><E115/><V11/><F11/><W38/><G38/><AGARI ba="0,1" hai="20,21,22,38,40,45,57,62,67,96,99,124,125,127" machi="38" ten="50,8000,1" yaku="1,1,18,1,52,2,53,0" doraHai="94" doraHaiUra="35" who="0" fromWho="3" sc="230,90,347,0,240,0,173,-80" /><INIT seed="2,0,0,5,0,74" ten="320,347,240,93" oya="2" hai0="105,22,122,107,134,106,67,58,118,57,82,130,89" hai1="71,56,110,91,94,5,83,45,86,133,87,48,59" hai2="38,80,53,109,96,27,30,19,108,20,75,16,11" hai3="111,43,81,112,129,93,104,95,99,126,51,50,35"/><V34/><F38/><W6/><G35/><T18/><D122/><U131/><E71/><V119/><F96/><W33/><G33/><T125/><D67/><U13/><E110/><N who="2" m="42603" /><F119/><W101/><G111/><T40/><D40/><U76/><E133/><V14/><F53/><W0/><G129/><T121/><D130/><U64/><E64/><V88/><F75/><W25/><G25/><T135/><D121/><U116/><E116/><V9/><F80/><W24/><G24/><N who="0" m="14423" /><D125/><U113/><E113/><V41/><F41/><W36/><G36/><T10/><D10/><N who="1" m="4303" /><E131/><V12/><F88/><N who="3" m="55719" /><G112/><T66/><D66/><U69/><E69/><V46/><F46/><W132/><G132/><N who="0" m="50731" /><D118/><U73/><E73/><V7/><F34/><W70/><G70/><T21/><D89/><U90/><E91/><V85/><F85/><W47/><G126/><T31/><D82/><U79/><E79/><V63/><F63/><W1/><G81/><T102/><D102/><U123/><E123/><V42/><F42/><AGARI ba="0,0" hai="42,45,48,56,59,76,83,86,87,90,94" m="4303" machi="42" ten="30,3900,0" yaku="25,1,8,1,52,1" doraHai="74" who="1" fromWho="2" sc="320,0,347,39,240,-39,93,0" /><INIT seed="3,0,0,1,1,27" ten="320,386,201,93" oya="3" hai0="70,61,64,13,58,96,25,93,123,112,98,116,37" hai1="59,133,35,52,66,36,77,84,120,92,122,83,101" hai2="6,94,47,132,11,16,108,19,105,131,82,128,24" hai3="72,86,56,79,17,114,46,23,111,44,91,95,55"/><W75/><G114/><T104/><D123/><U18/><E36/><V68/><F108/><W89/><G111/><T4/><D116/><U49/><E133/><V48/><F68/><W1/><G1/><T2/><D2/><U74/><E35/><V3/><F105/><W76/><G75/><T110/><D37/><U51/><E66/><V21/><F132/><W0/><G0/><T113/><D104/><U10/><E10/><V5/><F82/><W124/><G124/><T26/><D70/><U107/><E18/><V8/><F94/><W43/><G91/><T73/><D73/><U90/><E51/><V135/><F135/><W80/><G43/><T78/><D78/><U97/><AGARI ba="0,0" hai="49,52,59,74,77,83,84,90,92,97,101,107,120,122" machi="97" ten="30,7900,0" yaku="0,1,24,2,54,1" doraHai="27" who="1" fromWho="1" sc="320,-20,386,79,201,-20,93,-39" /><INIT seed="4,0,0,5,0,4" ten="300,465,181,54" oya="0" hai0="83,78,15,18,13,24,7,107,51,113,54,11,8" hai1="94,100,119,6,103,98,131,117,128,112,75,132,135" hai2="38,96,56,97,66,106,102,84,67,81,40,48,49" hai3="58,114,129,39,43,109,121,76,101,44,123,26,93"/><T60/><D113/><U65/><E65/><V19/><F96/><W59/><G109/><T17/><D107/><U69/><E69/><V130/><F130/><N who="1" m="49705" /><E6/><V111/><F111/><W120/><G129/><T80/><D60/><U104/><E75/><V30/><F30/><W92/><G114/><T32/><D78/><U5/><E5/><V87/><F87/><W115/><G115/><T124/><D124/><U85/><E112/><V34/><F34/><W21/><G76/><T22/><REACH who="0" step="1"/><D32/><REACH who="0" ten="290,465,181,54" step="2"/><U79/><E79/><V46/><F106/><W20/><G20/><T16/><D16/><U35/><E35/><V89/><F19/><N who="3" m="12607" /><G101/><T41/><D41/><U88/><E103/><V28/><F102/><W10/><G10/><T72/><D72/><U82/><E104/><V74/><F40/><W23/><G23/><T31/><D31/><U134/><AGARI ba="0,1" hai="82,85,88,94,98,100,117,119,132,134,135" m="49705" machi="134" ten="40,8000,1" yaku="20,1,19,1,34,2,54,1" doraHai="4" who="1" fromWho="1" sc="290,-40,465,90,181,-20,54,-20" /><INIT seed="5,0,0,2,2,125" ten="250,555,161,34" oya="1" hai0="67,117,31,128,74,78,80,72,3,41,123,44,91" hai1="121,126,116,89,49,73,111,131,36,53,9,96,17" hai2="57,46,51,30,106,12,129,71,79,29,39,133,132" hai3="63,19,62,112,99,32,34,98,2,5,105,103,110"/><U69/><E73/><V119/><F106/><W10/><G110/><T22/><D3/><U86/><E69/><V37/><F119/><W127/><G127/><T47/><D72/><U76/><E36/><V58/><F79/><W21/><G112/><T135/><D67/><U130/><E116/><V92/><F92/><W60/><REACH who="3" step="1"/><G99/><REACH who="3" ten="250,555,161,24" step="2"/><T23/><D117/><U84/><E126/><V70/><F70/><W107/><G107/><T115/><D115/><U94/><E111/><V118/><F71/><W27/><AGARI ba="0,1" hai="2,5,10,19,21,27,32,34,60,62,63,98,103,105" machi="27" ten="30,2000,0" yaku="1,1,0,1,53,0" doraHai="125" doraHaiUra="90" who="3" fromWho="3" sc="250,-5,555,-10,161,-5,24,30" /><INIT seed="6,0,0,2,5,50" ten="245,545,156,54" oya="2" hai0="67,6,107,30,95,96,16,101,25,58,33,22,75" hai1="41,1,111,90,66,88,56,69,49,127,68,89,130" hai2="91,34,78,13,40,28,29,112,125,100,36,97,105" hai3="135,80,84,116,10,77,17,20,71,45,131,83,24"/><V92/><F112/><W35/><G116/><T118/><D75/><U26/><E1/><V9/><F125/><W61/><G135/><T37/><D37/><U60/><E111/><V114/><F114/><W133/><G133/><T124/><D124/><U115/><E127/><V52/><F34/><W110/><G110/><T85/><D118/><U102/><E115/><V98/><F78/><W27/><G131/><T19/><D6/><U123/><E130/><V31/><F40/><W39/><G10/><T0/><D0/><U81/><E102/><V134/><F36/><W103/><G103/><T106/><D85/><U132/><E132/><V74/><F74/><W72/><G71/><T21/><D33/><U2/><E2/><V93/><F105/><N who="0" m="39946" /><D21/><U113/><E113/><V55/><F134/><W120/><G120/><T62/><AGARI ba="0,0" hai="16,19,22,25,30,58,62,67,95,96,101" m="39946" machi="62" ten="30,2000,0" yaku="25,1,54,1" doraHai="50" who="0" fromWho="0" sc="245,20,545,-5,156,-10,54,-5" /><INIT seed="7,0,0,3,3,40" ten="265,540,146,49" oya="3" hai0="107,70,58,12,99,54,114,44,45,123,57,62,112" hai1="50,130,60,23,119,39,53,71,132,113,103,16,26" hai2="0,37,105,101,77,134,55,65,109,61,28,52,83" hai3="92,124,76,35,27,22,127,7,42,36,43,19,118"/><W108/><G118/><T10/><D123/><U34/><E39/><V48/><F109/><W20/><G108/><T51/><D70/><U129/><E113/><N who="0" m="43625" /><D99/><U74/><E74/><V17/><F134/><W14/><G35/><T41/><D107/><U67/><E132/><V30/><F0/><W93/><G76/><T104/><D104/><U111/><E111/><V100/><F37/><W72/><G72/><T29/><D29/><U97/><E119/><V87/><F105/><W73/><G73/><T122/><D122/><U2/><E2/><V85/><F17/><W89/><G7/><N who="0" m="3167" /><D41/><N who="3" m="15369" /><G36/><T102/><D102/><U80/><E34/><V81/><F48/><W63/><G63/><T1/><D1/><U120/><E120/><V69/><F69/><W25/><G22/><T86/><D86/><U38/><E38/><V91/><F91/><W3/><G3/><T106/><D106/><U98/><E103/><V32/><F32/><W11/><G89/><T95/><D95/><N who="3" m="36425" /><G20/><T96/><D96/><U125/><E80/><V47/><F61/><W21/><G21/><T31/><D31/><U117/><E117/><V121/><F65/><AGARI ba="0,0" hai="44,45,51,54,57,58,62,65" m="3167,43625" machi="65" ten="30,7700,0" yaku="15,1,11,1,52,2" doraHai="40" who="0" fromWho="2" sc="265,77,540,0,146,-77,49,0" owari="342,14.0,540,64.0,69,-33.0,49,-45.0" /></mjloggm>