<mjloggm ver="2.3"><GO type="185" lobby="0"/><UN n0="%62%69%74%74%65%72%74" n1="%4E%45%47%49%54%53" n2="%4B%65%6E%74%4B%65%6E%74" n3="" dan="18,18,17,0" rate="2286.76,2316.92,2266.98,1500.00" sx="M,F,F,C"/><TAIKYOKU oya="0"/><INIT seed="0,0,0,4,5,125" ten="350,350,350,0" oya="0" hai0="89,117,74,103,132,121,113,102,95,0,84,127,59" hai1="65,35,71,41,100,126,60,107,81,34,70,51,57" hai2="130,135,40,32,80,3,69,114,111,75,108,91,92" hai3=""/><T37/><N who="0" m="31008" /><T98/><D37/><U48/><E126/><V115/><F69/><T38/><D38/><U99/><E71/><V120/><N who="2" m="30752" /><V39/><F32/><T104/><D127/><U55/><E41/><V87/><F3/><T77/><D0/><U93/><E51/><V46/><F135/><T33/><D33/><U62/><E62/><V52/><F130/><T118/><D132/><U1/><E1/><V88/><F75/><T56/><D103/><U68/><E68/><V82/><F82/><T105/><D104/><U49/><E49/><V86/><REACH who="2" step="1"/><F52/><REACH who="2" ten="350,350,340,0" step="2"/><T94/><D113/><AGARI ba="0,1" hai="39,40,46,80,86,87,88,91,92,108,111,113,114,115" m="30752" machi="113" ten="40,8000,1" yaku="1,1,2,1,52,1,54,1,53,0" doraHai="125" doraHaiUra="2" who="2" fromWho="0" sc="350,-80,350,0,340,90,0,0" /><INIT seed="1,0,0,0,3,132" ten="270,350,430,0" oya="1" hai0="104,37,78,87,77,36,114,60,80,111,47,0,45" hai1="105,96,110,135,56,34,94,93,98,35,119,59,67" hai2="91,32,92,41,120,48,121,113,64,55,51,125,73" hai3=""/><U40/><E119/><V129/><N who="2" m="30752" /><V61/><N who="2" m="31008" /><V81/><F32/><T99/><D0/><U88/><E105/><V90/><F113/><T3/><D114/><U44/><E135/><V38/><F125/><T127/><D3/><U42/><E110/><V116/><F116/><T101/><D111/><U84/><E40/><V46/><F129/><T68/><D78/><U58/><E67/><V1/><F1/><T109/><D109/><U107/><E107/><V54/><F73/><T65/><D47/><U106/><E106/><V97/><F38/><T128/><D128/><U72/><E72/><V89/><F81/><T86/><D127/><U2/><E2/><V63/><F63/><T133/><D133/><U108/><E84/><V53/><REACH who="2" step="1"/><F51/><REACH who="2" ten="270,350,420,0" step="2"/><T69/><D36/><U130/><E130/><V76/><F76/><T126/><D126/><U102/><REACH who="1" step="1"/><E108/><REACH who="1" ten="270,340,420,0" step="2"/><V82/><F82/><T62/><D80/><U100/><E100/><V66/><F66/><T95/><D65/><U124/><E124/><V50/><F50/><AGARI ba="0,2" hai="34,35,42,44,50,56,58,59,88,93,94,96,98,102" machi="50" ten="40,3900,0" yaku="1,1,54,1,53,0" doraHai="132" doraHaiUra="33" who="1" fromWho="2" sc="270,0,340,59,420,-39,0,0" /><INIT seed="1,1,0,3,0,108" ten="270,399,381,0" oya="1" hai0="51,48,126,132,92,114,36,119,95,37,50,134,111" hai1="45,68,53,87,3,75,97,102,120,76,40,127,77" hai2="135,131,70,67,2,72,64,121,0,42,94,86,49" hai3=""/><U112/><N who="1" m="30752" /><U122/><N who="1" m="31264" /><U56/><E68/><V84/><N who="2" m="31008" /><V55/><F131/><T117/><D111/><U81/><E3/><V33/><F33/><T62/><D62/><U69/><E69/><V110/><F110/><T35/><D35/><U71/><E71/><V85/><F72/><T73/><D73/><U34/><E34/><V41/><F135/><N who="0" m="51754" /><D126/><U82/><E127/><V116/><F116/><N who="0" m="44618" /><D114/><U83/><E83/><V118/><F118/><T93/><AGARI ba="1,0" hai="36,37,48,50,51,92,93,95" m="44618,51754" machi="93" ten="40,6000,1" yaku="28,2,20,1,12,1" doraHai="108" who="0" fromWho="0" sc="270,62,399,-41,381,-21,0,0" /><INIT seed="2,0,0,1,0,83" ten="332,358,360,0" oya="2" hai0="102,63,76,104,126,55,117,112,95,99,64,46,60" hai1="44,48,123,85,106,90,53,37,116,114,135,32,43" hai2="101,111,67,92,49,57,129,35,40,42,56,120,110" hai3=""/><V88/><N who="2" m="30752" /><V127/><F35/><T59/><D117/><U81/><N who="1" m="31520" /><U133/><E32/><V118/><F118/><T84/><D126/><U97/><E116/><V34/><F34/><T131/><D131/><U96/><E114/><V65/><F129/><T80/><D112/><U38/><E38/><V113/><F113/><T100/><D46/><U41/><E41/><V121/><N who="2" m="31008" /><V45/><F127/><T70/><REACH who="0" step="1"/><D104/><REACH who="0" ten="322,358,360,0" step="2"/><U89/><E106/><V73/><F42/><T52/><D52/><U47/><REACH who="1" step="1"/><E96/><REACH who="1" ten="322,348,360,0" step="2"/><V3/><F40/><T87/><D87/><U86/><E86/><V82/><F73/><T68/><D68/><U134/><E134/><V132/><F132/><T74/><D74/><U72/><E72/><V115/><F115/><T50/><D50/><U62/><E62/><V58/><F49/><T93/><D93/><AGARI ba="0,2" hai="37,43,44,47,48,53,81,85,89,90,93,97,133,135" m="31520" machi="93" ten="40,8000,1" yaku="1,1,52,2,53,1" doraHai="83" doraHaiUra="36" who="1" fromWho="0" sc="322,-80,348,100,360,0,0,0" /><INIT seed="4,0,0,0,4,60" ten="242,448,360,0" oya="0" hai0="108,38,98,43,0,133,51,114,106,50,33,59,97" hai1="104,32,83,71,132,95,117,130,131,73,72,69,64" hai2="56,79,86,70,42,103,88,120,55,39,135,37,52" hai3=""/><T91/><D0/><U44/><E32/><V126/><N who="2" m="30752" /><V101/><F135/><T41/><D33/><U58/><E104/><V53/><F126/><T35/><D35/><U84/><E117/><V48/><F70/><T113/><D133/><U129/><E132/><V65/><F79/><T54/><D108/><U110/><E110/><V66/><F39/><T1/><D1/><U57/><E95/><V36/><F36/><T2/><D2/><U107/><E107/><V74/><F74/><N who="1" m="28777" /><E44/><V96/><F37/><T61/><D38/><U105/><E105/><V34/><F34/><T49/><D106/><U111/><E111/><V47/><F96/><T100/><D98/><U115/><E115/><N who="0" m="44041" /><D100/><N who="2" m="38474" /><F56/><N who="1" m="21609" /><E71/><V85/><F85/><T82/><D97/><U109/><E109/><V92/><AGARI ba="0,0" hai="42,47,48,52,53,55,65,66,86,88,92" m="38474,30752" machi="92" ten="30,9000,2" yaku="8,1,52,3,54,2" doraHai="60" who="2" fromWho="2" sc="242,-60,448,-30,360,90,0,0" /><INIT seed="5,0,0,3,0,112" ten="182,418,450,0" oya="1" hai0="88,135,90,120,65,78,36,105,77,69,92,52,83" hai1="75,70,38,126,118,108,96,37,49,106,125,117,128" hai2="85,42,59,72,132,123,51,48,64,44,119,130,82" hai3=""/><U63/><E75/><V124/><N who="2" m="31520" /><V101/><F119/><N who="1" m="45577" /><E128/><V129/><F72/><T133/><N who="0" m="30752" /><T56/><D36/><N who="1" m="13931" /><E108/><V55/><F101/><T34/><D105/><U67/><E49/><V47/><F129/><T68/><D34/><U111/><E111/><V3/><F130/><T81/><D65/><U79/><E79/><V0/><F64/><T94/><REACH who="0" step="1"/><D56/><REACH who="0" ten="172,418,450,0" step="2"/><U109/><E109/><V74/><F59/><T76/><D76/><U50/><E50/><V53/><F51/><T134/><D134/><U1/><E1/><V89/><F132/><T99/><D99/><U122/><N who="1" m="31264" /><U58/><E58/><V32/><F3/><T86/><D86/><U102/><AGARI ba="0,1" hai="63,67,70,96,102,106,125,126" m="31264,13931,45577" machi="102" ten="40,8000,1" yaku="23,1,52,4" doraHai="112" who="1" fromWho="1" sc="172,-40,418,90,450,-40,0,0" /><INIT seed="5,1,0,5,3,106" ten="132,508,410,0" oya="1" hai0="52,82,103,134,48,127,132,2,44,67,101,95,81" hai1="50,42,46,119,115,125,129,35,38,133,105,58,76" hai2="89,72,69,71,41,3,85,114,59,90,102,60,112" hai3=""/><U84/><E35/><V43/><F3/><T63/><D2/><U61/><E105/><V47/><F102/><T83/><D127/><U107/><E107/><V37/><F41/><T75/><D75/><U53/><E119/><V73/><F90/><T100/><D134/><U108/><E125/><V123/><N who="2" m="31520" /><V96/><F96/><T120/><N who="0" m="30752" /><T65/><D132/><U91/><E133/><V99/><F99/><T77/><D77/><U98/><E115/><N who="2" m="44075" /><F59/><T55/><D95/><U54/><E129/><V80/><F60/><T97/><D97/><U87/><E87/><V118/><F118/><T70/><D70/><AGARI ba="1,0" hai="37,43,47,69,70,71,72,73,80,85,89" m="44075,31520" machi="70" ten="30,8000,1" yaku="15,1,11,1,52,3" doraHai="106" who="2" fromWho="0" sc="132,-82,508,0,410,82,0,0" /><INIT seed="6,0,0,2,0,103" ten="50,508,492,0" oya="2" hai0="95,101,113,82,134,51,108,58,32,1,86,65,92" hai1="70,49,53,123,73,94,115,34,47,105,80,133,135" hai2="37,50,87,91,81,79,39,43,63,99,88,67,111" hai3=""/><V59/><F111/><T98/><D32/><U104/><N who="1" m="31520" /><U89/><E70/><V60/><F60/><T109/><D1/><U122/><N who="1" m="31264" /><U96/><E34/><V93/><REACH who="2" step="1"/><F79/><REACH who="2" ten="50,508,482,0" step="2"/><T117/><D109/><U100/><E115/><V127/><F127/><T0/><D108/><U112/><E112/><V90/><F90/><T110/><D110/><U84/><E105/><V2/><F2/><T55/><D117/><U106/><E104/><V61/><F61/><T44/><D134/><U107/><E106/><V66/><F66/><T48/><D0/><U3/><E3/><V119/><F119/><T118/><D118/><U41/><E53/><V76/><F76/><AGARI ba="0,1" hai="41,47,49,73,76,80,84,89,94,96,100,107,133,135" m="31264,31520" machi="76" ten="40,8000,1" yaku="24,2,52,3" doraHai="103" who="1" fromWho="2" sc="50,0,508,90,482,-80,0,0" owari="50,-55.0,598,55.0,402,0.0,0,0.0" /></mjloggm>