<mjloggm ver="2.3"><GO type="169" lobby="0"/><UN n0="%E8%B5%A4%E5%9F%8E%E7%9C%9F%E5%AD%90" n1="%E7%8D%A3%E7%8E%8B%E3%82%AF%E3%83%AD%E3%82%B3%E3%83%80%E3%82%A4%E3%83%B3" n2="%E4%BD%90%E3%80%85%E6%9C%A8%E5%AF%BF%E4%BA%BA%50" n3="%E6%A4%9C%E6%9F%BB%E5%93%A1" dan="17,16,16,16" rate="2195.75,2134.32,2182.11,2177.18" sx="F,M,M,M"/><TAIKYOKU oya="0"/><INIT seed="0,0,0,3,4,92" ten="250,250,250,250" oya="0" hai0="50,103,6,66,1,37,39,57,4,106,122,48,116" hai1="98,30,134,127,83,88,133,84,126,109,89,118,54" hai2="49,9,74,70,32,52,120,63,14,28,81,58,104" hai3="73,31,93,68,41,79,128,13,26,105,34,78,15"/><T25/><D116/><U21/><E118/><V87/><F104/><W18/><G105/><T51/><D122/><U16/><E30/><V129/><F129/><W135/><G128/><T69/><D69/><U121/><E121/><V59/><F120/><W53/><G135/><N who="1" m="51722" /><E109/><V72/><F70/><W67/><G41/><T86/><D86/><N who="1" m="50271" /><E54/><V7/><F28/><W110/><G110/><T45/><D25/><N who="1" m="14503" /><E98/><V42/><F32/><W130/><G34/><T65/><D65/><U38/><E38/><V101/><F101/><W2/><G67/><T60/><D37/><U114/><E114/><V108/><F108/><W29/><G53/><T90/><D90/><U95/><AGARI ba="0,0" hai="84,89,95,126,127" m="14503,50271,51722" machi="95" ten="30,4000,0" yaku="20,1,54,2" doraHai="92" who="1" fromWho="1" sc="250,-20,250,40,250,-10,250,-10" /><INIT seed="1,0,0,1,1,32" ten="230,290,240,240" oya="1" hai0="8,89,59,120,23,82,53,105,9,115,78,1,132" hai1="39,98,96,19,113,131,109,22,25,119,30,37,121" hai2="95,110,51,118,107,64,127,100,73,74,124,65,114" hai3="71,62,36,102,41,68,18,86,31,134,24,34,122"/><U116/><E113/><V67/><F118/><W104/><G86/><T42/><D115/><U17/><E121/><V2/><F114/><W35/><G18/><T108/><D108/><U123/><E123/><V91/><F110/><W79/><G122/><T72/><D132/><U106/><E109/><V33/><F33/><N who="3" m="20711" /><G79/><T101/><D120/><U6/><E6/><V70/><F70/><W3/><G134/><T45/><D89/><U38/><E131/><V66/><N who="2" m="16384" /><DORA hai="111" /><V63/><F63/><W0/><G34/><T28/><D28/><U81/><E81/><V60/><F60/><W103/><G103/><T52/><D23/><U13/><E19/><V128/><F128/><W135/><G62/><T27/><D27/><U50/><E50/><V47/><F100/><W5/><G35/><T94/><D94/><U88/><E106/><V85/><F107/><W44/><G135/><T75/><D75/><U93/><REACH who="1" step="1"/><E98/><REACH who="1" ten="230,280,240,240" step="2"/><V46/><F51/><W87/><G5/><T130/><D82/><U117/><E117/><V90/><F95/><W20/><G104/><T21/><D130/><U11/><AGARI ba="0,1" hai="11,13,17,22,25,30,37,38,39,88,93,96,116,119" machi="11" ten="30,6000,0" yaku="1,1,0,1,54,1,53,0" doraHai="32,111" doraHaiUra="133,126" who="1" fromWho="1" sc="230,-20,280,70,240,-20,240,-20" /><INIT seed="1,1,0,2,4,128" ten="210,350,220,220" oya="1" hai0="55,11,125,103,63,1,26,10,102,21,90,17,107" hai1="71,86,59,73,134,35,4,83,41,12,77,7,118" hai2="94,36,46,62,101,91,30,54,117,131,100,42,29" hai3="87,22,50,68,37,108,8,44,120,31,121,119,5"/><U51/><E118/><V89/><F117/><W6/><G119/><T27/><D125/><U106/><E71/><V110/><F110/><W61/><G37/><T95/><D107/><U18/><E35/><V96/><F131/><W72/><G72/><T13/><D1/><U2/><E2/><V124/><F124/><W32/><G32/><T52/><D26/><U58/><E106/><V115/><F115/><W114/><G114/><T104/><D104/><U126/><E126/><V97/><F54/><N who="0" m="20522" /><D63/><U116/><E59/><V64/><F29/><W49/><G87/><N who="0" m="52703" /><D11/><U28/><E58/><V24/><F97/><W82/><G8/><T57/><D57/><U48/><E73/><V47/><F47/><W56/><G56/><T105/><D105/><U34/><E34/><V93/><F101/><W127/><G61/><T0/><D0/><U129/><E51/><V20/><REACH who="2" step="1"/><F93/><REACH who="2" ten="210,350,210,220" step="2"/><W75/><G44/><T25/><D25/><U84/><E129/><V74/><F74/><W92/><G75/><T33/><D33/><U39/><E116/><V98/><F98/><W66/><G92/><T43/><D43/><U3/><E41/><V132/><F132/><W111/><G127/><T40/><D40/><U69/><E134/><V14/><F14/><W16/><G108/><T130/><D130/><U9/><E12/><V19/><F19/><AGARI ba="1,1" hai="10,13,17,19,21,27,102,103" m="52703,20522" machi="19" ten="30,2000,0" yaku="8,1,54,1" doraHai="128" who="0" fromWho="2" sc="210,33,350,0,210,-23,220,0" /><INIT seed="2,0,0,4,2,38" ten="243,350,187,220" oya="2" hai0="87,80,78,115,90,33,99,61,43,40,100,47,102" hai1="12,110,54,7,72,108,19,113,46,112,117,51,29" hai2="1,79,35,121,93,3,92,132,73,28,84,17,27" hai3="63,116,14,124,76,6,52,11,69,98,71,8,34"/><V4/><F121/><W22/><G34/><T15/><D115/><U130/><E117/><V45/><F132/><W44/><G116/><T129/><D33/><U101/><E72/><V57/><F3/><W114/><G114/><T67/><D129/><U109/><E130/><V111/><F111/><W83/><G124/><T30/><D30/><U135/><E135/><V20/><F57/><W42/><G98/><T41/><D15/><U53/><E7/><V77/><F73/><W86/><G8/><T25/><D25/><U5/><E5/><V68/><F68/><W60/><G22/><T37/><D78/><U134/><E101/><V95/><F84/><W81/><G81/><T2/><D100/><U128/><E29/><V23/><F23/><W120/><G120/><T94/><D2/><U89/><E89/><V88/><F45/><W91/><G91/><T31/><D31/><U106/><E128/><V56/><F56/><AGARI ba="0,0" hai="37,40,41,43,47,56,61,67,80,87,90,94,99,102" machi="56" ten="30,7700,0" yaku="7,1,52,3" doraHai="38" who="0" fromWho="2" sc="243,77,350,0,187,-77,220,0" /><INIT seed="3,0,0,2,3,131" ten="320,350,110,220" oya="3" hai0="0,54,130,63,119,105,90,52,25,5,66,19,73" hai1="69,97,7,99,55,42,27,96,128,33,20,71,80" hai2="61,98,108,1,81,93,64,115,134,121,91,50,77" hai3="43,23,125,41,107,16,3,129,58,78,132,111,95"/><W31/><G107/><T94/><D119/><U51/><E33/><V106/><F115/><W34/><G3/><T109/><D105/><U22/><E128/><V89/><F121/><W57/><G129/><T2/><D73/><U126/><E42/><N who="3" m="15882" /><G34/><T30/><D19/><U60/><E7/><V40/><F1/><W9/><G125/><T88/><D109/><U56/><E80/><V79/><F108/><W123/><G123/><T104/><D104/><U39/><E39/><V62/><F106/><W85/><G111/><T45/><D90/><U118/><E118/><V44/><F134/><W101/><G132/><T103/><D103/><U29/><E126/><V4/><F4/><W49/><G49/><T36/><D36/><U124/><E124/><V8/><F8/><W84/><G9/><T135/><D135/><U59/><REACH who="1" step="1"/><E20/><REACH who="1" ten="320,340,110,220" step="2"/><V72/><F79/><W127/><G127/><T67/><D5/><U15/><E15/><V14/><F14/><N who="3" m="9623" /><G31/><T18/><D130/><U117/><E117/><V76/><F76/><W110/><G110/><T24/><D2/><U112/><E112/><V48/><F72/><W113/><G113/><T47/><D30/><U120/><E120/><V102/><F77/><W6/><G6/><T68/><D0/><U35/><E35/><V122/><F122/><W86/><G78/><T38/><D38/><U53/><AGARI ba="0,1" hai="22,27,29,51,53,55,56,59,60,69,71,96,97,99" machi="53" ten="30,7900,0" yaku="1,1,0,1,53,2" doraHai="131" doraHaiUra="65" who="1" fromWho="1" sc="320,-20,340,89,110,-20,220,-39" /><INIT seed="4,0,0,5,0,65" ten="300,429,90,181" oya="0" hai0="104,128,43,106,44,127,15,58,85,74,45,63,120" hai1="36,28,84,46,123,11,113,134,100,13,49,50,23" hai2="61,114,75,86,35,16,37,131,109,124,121,2,31" hai3="0,110,30,68,6,87,101,90,133,96,66,112,39"/><T3/><D120/><U91/><E123/><V99/><RYUUKYOKU type="yao9" ba="0,0" sc="300,0,429,0,90,0,181,0" hai2="2,16,31,35,37,61,75,86,99,109,114,121,124,131" /><INIT seed="4,1,0,0,2,67" ten="300,429,90,181" oya="0" hai0="122,107,135,55,113,87,18,115,66,22,58,56,5" hai1="91,96,109,53,35,68,73,59,47,37,54,78,49" hai2="79,63,117,45,17,6,14,100,65,40,72,92,108" hai3="15,110,130,28,46,121,76,116,26,12,127,27,52"/><T77/><D107/><U101/><E109/><V128/><F108/><W7/><G110/><T4/><D122/><U93/><E35/><V98/><F128/><W33/><G116/><T36/><D36/><U32/><E32/><V61/><F117/><W81/><G130/><T34/><D34/><U125/><E125/><V94/><F6/><W3/><G127/><T132/><D66/><U70/><E37/><V126/><F126/><W99/><G26/><T41/><D41/><U11/><E11/><V0/><F0/><W69/><G69/><T80/><D5/><U123/><E123/><V8/><F94/><W30/><G30/><T114/><D4/><U90/><E90/><V102/><F102/><W60/><G99/><T29/><D29/><U83/><E91/><V88/><F100/><W19/><G121/><T39/><D39/><U42/><E42/><V112/><F112/><W62/><G3/><T71/><D71/><U51/><AGARI ba="1,0" hai="47,49,51,53,54,59,68,70,73,78,83,93,96,101" machi="51" ten="20,5200,0" yaku="0,1,7,1,52,2" doraHai="67" who="1" fromWho="1" sc="300,-27,429,55,90,-14,181,-14" /><INIT seed="5,0,0,5,0,119" ten="273,484,76,167" oya="1" hai0="34,120,13,14,15,79,101,19,109,3,80,45,90" hai1="53,22,114,81,23,103,76,130,122,73,89,30,108" hai2="71,65,117,41,113,112,26,60,77,9,105,59,67" hai3="8,132,135,68,107,104,2,52,91,66,28,18,111"/><U134/><E114/><N who="2" m="44139" /><F105/><W48/><G111/><T61/><D120/><U40/><E122/><V124/><F77/><W78/><G28/><T25/><D3/><U0/><E89/><V46/><F9/><W86/><G78/><T55/><D109/><U11/><E103/><V17/><F26/><W121/><G121/><T42/><D101/><U98/><E98/><V20/><F20/><W87/><G66/><T27/><D34/><U38/><E30/><V36/><F17/><W106/><G68/><T44/><D19/><U4/><E108/><V35/><F35/><W118/><G118/><T96/><D96/><U127/><E23/><V58/><F117/><W75/><G75/><T24/><D90/><U116/><E22/><V84/><F84/><W7/><G18/><T63/><D80/><U21/><E21/><V12/><F12/><W39/><G39/><T70/><D79/><U62/><E116/><V102/><F102/><W133/><REACH who="3" step="1"/><G91/><REACH who="3" ten="273,484,76,157" step="2"/><T33/><D70/><U94/><E76/><V97/><F97/><W110/><G110/><T64/><D33/><U31/><E73/><V82/><F82/><W5/><G5/><T72/><D72/><U51/><E4/><V47/><F124/><W83/><G83/><T6/><D6/><U74/><E81/><V56/><F47/><AGARI ba="0,1" hai="2,7,8,47,48,52,86,87,104,106,107,132,133,135" machi="47" ten="50,8000,1" yaku="1,1,20,1,54,1,53,1" doraHai="119" doraHaiUra="43" who="3" fromWho="2" sc="273,0,484,0,76,-80,157,90" owari="273,7.0,484,58.0,-4,-50.0,247,-15.0" /></mjloggm>