<mjloggm ver="2.3"><GO type="169" lobby="0"/><UN n0="%E8%B0%B7%E5%8F%A3%E3%81%93%E3%81%86%E3%81%B8%E3%81%84" n1="%E3%81%8B%E3%81%93%E3%81%A8%E3%82%93" n2="%6B%61%6D%6F%5F%77%65%61" n3="%E5%A4%A9%E5%92%8C%E3%81%BE%E3%81%A0%E3%83%BC%EF%BC%9F" dan="18,17,16,16" rate="2308.19,2114.11,2151.96,2131.65" sx="M,M,M,M"/><TAIKYOKU oya="0"/><INIT seed="0,0,0,2,5,114" ten="250,250,250,250" oya="0" hai0="36,81,123,68,134,113,34,30,87,74,118,126,79" hai1="92,97,26,85,4,104,47,78,66,41,33,108,58" hai2="16,11,49,64,65,88,75,14,119,44,86,91,22" hai3="82,117,2,12,101,53,98,72,94,32,109,110,20"/><T52/><RYUUKYOKU type="yao9" ba="0,0" sc="250,0,250,0,250,0,250,0" hai0="30,34,36,52,68,74,79,81,87,113,118,123,126,134" /><INIT seed="0,1,0,2,1,133" ten="250,250,250,250" oya="0" hai0="59,127,98,49,53,134,131,68,112,30,52,95,115" hai1="9,41,104,60,92,19,93,17,63,48,99,23,96" hai2="31,113,87,71,109,111,6,94,26,61,75,34,15" hai3="36,43,28,114,67,74,11,81,124,58,135,64,119"/><T3/><D3/><U29/><E104/><V35/><F75/><W42/><G135/><T22/><D134/><U7/><E29/><V108/><F113/><W38/><G28/><T89/><D131/><U40/><E9/><V24/><F71/><W118/><G74/><T1/><D1/><U88/><E7/><V32/><F61/><W103/><G11/><T18/><D127/><U85/><E85/><V117/><F87/><W97/><G81/><T86/><D68/><U37/><E37/><V83/><F94/><W101/><G97/><T13/><D30/><U129/><E129/><V106/><F83/><W128/><G128/><T8/><D8/><U10/><E10/><N who="2" m="4567" /><F106/><W62/><G114/><T5/><D5/><U82/><E82/><V69/><F69/><W25/><G25/><N who="2" m="9833" /><F31/><W44/><G103/><T55/><D55/><U4/><E4/><V56/><F56/><W102/><G102/><T76/><D76/><U91/><E48/><V132/><F132/><W72/><G101/><T47/><D98/><U16/><E17/><V70/><F70/><W54/><G72/><T0/><D0/><U73/><E73/><V121/><F117/><N who="3" m="44555" /><G124/><T50/><AGARI ba="1,0" hai="13,18,22,47,49,50,52,53,59,86,89,95,112,115" machi="50" ten="20,12000,1" yaku="0,1,7,1,25,2,54,1" doraHai="133" who="0" fromWho="0" sc="250,123,250,-41,250,-41,250,-41" /><INIT seed="0,2,0,3,2,69" ten="373,209,209,209" oya="0" hai0="65,100,66,128,5,8,96,114,109,78,42,105,76" hai1="77,37,15,133,10,43,27,64,134,9,49,81,54" hai2="1,121,55,41,0,40,84,101,31,131,91,29,83" hai3="73,94,102,116,88,97,135,30,107,7,16,61,115"/><T111/><D114/><U86/><E64/><N who="0" m="24681" /><D128/><U108/><E108/><N who="0" m="41545" /><D42/><U57/><E27/><V48/><F121/><W26/><G115/><T24/><D24/><U11/><REACH who="1" step="1"/><E15/><AGARI ba="2,0" hai="5,8,15,76,78,96,100,105" m="41545,24681" machi="15" ten="30,2900,0" yaku="14,1,10,1" doraHai="69" who="0" fromWho="1" sc="373,35,209,-35,209,0,209,0" /><INIT seed="0,3,0,5,5,106" ten="408,174,209,209" oya="0" hai0="73,40,12,9,39,15,8,126,120,133,118,36,70" hai1="99,89,125,13,84,47,80,10,16,127,78,113,102" hai2="103,98,96,117,52,95,24,43,44,115,109,0,131" hai3="49,51,121,132,119,37,48,50,88,57,97,87,124"/><T17/><D118/><U38/><E113/><V28/><F117/><W29/><G37/><T91/><D120/><U5/><E5/><V71/><F109/><W63/><G119/><T112/><D112/><U2/><E2/><V35/><F115/><W7/><G124/><T108/><D70/><U54/><E78/><V82/><F131/><W20/><G132/><T77/><D40/><U53/><E38/><V100/><F0/><W59/><G121/><T41/><D41/><U18/><E18/><V123/><F123/><W76/><G7/><T74/><D126/><N who="1" m="48139" /><E47/><V22/><F71/><W122/><G122/><T130/><D77/><U31/><E31/><V60/><F82/><W83/><G63/><T69/><D69/><U34/><E34/><V107/><F35/><W90/><N who="3" m="12288" /><DORA hai="46" /><W55/><G55/><T85/><D133/><U19/><E19/><V101/><F100/><W111/><G111/><T75/><D130/><U56/><E56/><N who="3" m="21578" /><G97/><T134/><D134/><U72/><E72/><V61/><F52/><W81/><G81/><T93/><D108/><U23/><E54/><V3/><F3/><W105/><G105/><T64/><D39/><AGARI ba="3,0" hai="22,24,28,39,43,44,60,61,95,96,98,101,103,107" machi="39" ten="30,1000,0" yaku="7,1" doraHai="106,46" who="2" fromWho="0" sc="408,-19,174,0,209,19,209,0" /><INIT seed="1,0,0,1,4,94" ten="389,174,228,209" oya="1" hai0="3,132,54,37,65,2,43,110,111,130,80,46,119" hai1="52,17,134,78,55,26,53,41,57,29,99,28,118" hai2="67,127,18,25,77,6,48,105,19,50,21,40,97" hai3="107,115,86,89,120,98,0,114,5,104,135,92,11"/><U90/><E118/><V49/><F127/><W71/><G135/><T56/><D119/><U75/><E134/><V109/><F109/><N who="0" m="41482" /><D132/><U42/><E78/><V83/><F6/><W9/><G120/><T33/><D33/><U123/><E75/><V73/><F67/><W22/><G71/><T31/><D31/><N who="1" m="11851" /><E123/><V60/><F60/><W23/><G11/><T64/><D80/><U62/><E42/><V45/><REACH who="2" step="1"/><F19/><REACH who="2" ten="389,174,218,209" step="2"/><W35/><G35/><T95/><D65/><U131/><E131/><V59/><F59/><W84/><G84/><T88/><D64/><U126/><E126/><V1/><F1/><W10/><G10/><T91/><D130/><U96/><E41/><V14/><F14/><W79/><G107/><T72/><D72/><U7/><E7/><V8/><F8/><W51/><G104/><T68/><D68/><U116/><E116/><V13/><F13/><W47/><G114/><T106/><D106/><U122/><E122/><V124/><F124/><W63/><G63/><T61/><D3/><U70/><E70/><V101/><AGARI ba="0,1" hai="18,21,25,40,45,48,49,50,73,77,83,97,101,105" machi="101" ten="30,4000,0" yaku="1,1,0,1,52,1,53,0" doraHai="94" doraHaiUra="85" who="2" fromWho="2" sc="389,-10,174,-20,218,50,209,-10" /><INIT seed="2,0,0,5,4,90" ten="379,154,268,199" oya="2" hai0="108,121,1,17,54,106,33,32,51,95,46,84,89" hai1="103,56,119,8,65,118,104,132,45,19,97,88,86" hai2="10,134,22,66,92,85,120,62,78,70,47,60,71" hai3="64,77,5,37,72,91,38,21,13,130,6,102,2"/><V135/><F120/><W9/><G130/><T82/><D121/><U116/><E132/><V83/><F10/><W110/><G102/><T44/><D108/><U133/><E133/><N who="2" m="50699" /><F47/><W52/><G64/><T122/><D122/><U57/><E45/><V94/><F22/><W59/><G6/><T69/><D106/><U124/><E124/><V107/><F107/><W76/><G110/><T0/><D69/><N who="2" m="26122" /><F62/><W125/><G125/><T49/><D17/><U100/><E100/><V15/><F15/><W87/><G72/><T40/><REACH who="0" step="1"/><D82/><REACH who="0" ten="369,154,268,199" step="2"/><U55/><E19/><V115/><F115/><W74/><G74/><T31/><D31/><U111/><E111/><V39/><F39/><W43/><G38/><T30/><D30/><U114/><E116/><V28/><F28/><W117/><G37/><T99/><D99/><U113/><E118/><V26/><F26/><W79/><G117/><T50/><D50/><U20/><E119/><V126/><F126/><W23/><G2/><AGARI ba="0,1" hai="0,1,2,32,33,40,44,46,49,51,54,84,89,95" machi="2" ten="40,2600,0" yaku="1,1,52,1,53,0" doraHai="90" doraHaiUra="129" who="0" fromWho="3" sc="369,36,154,0,268,0,199,-26" /><INIT seed="3,0,0,4,1,129" ten="405,154,268,173" oya="3" hai0="86,17,107,7,42,102,48,93,117,23,62,80,54" hai1="125,49,0,119,99,60,126,70,29,105,114,109,11" hai2="106,69,120,58,44,122,95,131,90,121,38,35,14" hai3="77,66,63,78,65,79,41,16,132,100,51,82,31"/><W43/><G31/><T28/><D117/><U50/><E119/><V3/><F69/><W124/><G124/><T25/><D107/><U89/><E114/><V128/><F3/><W104/><G82/><T57/><D7/><U40/><E109/><V46/><F106/><W97/><G66/><T118/><D118/><U115/><E115/><V10/><F35/><W98/><G98/><T103/><D93/><U55/><E40/><V6/><F58/><W130/><G130/><N who="2" m="49705" /><F38/><W133/><G16/><T39/><D39/><U15/><E0/><V52/><F52/><W112/><G112/><T68/><D28/><U2/><E2/><V22/><F22/><W71/><REACH who="3" step="1"/><G51/><REACH who="3" ten="405,154,268,163" step="2"/><T47/><D68/><U8/><E50/><V32/><F32/><W18/><G18/><T13/><D25/><U72/><E72/><V85/><BYE who="1" /><AGARI ba="0,1" hai="6,10,14,44,46,85,90,95,120,121,122" m="49705" machi="85" ten="40,2700,0" yaku="13,1,19,1" doraHai="129" who="2" fromWho="2" sc="405,-7,154,-7,268,37,163,-13" /><INIT seed="4,0,0,0,4,119" ten="398,147,305,150" oya="0" hai0="38,112,2,126,17,117,82,101,78,65,116,66,81" hai1="90,0,48,28,88,59,70,132,25,120,3,42,95" hai2="7,94,36,68,6,29,14,72,121,37,98,124,41" hai3="54,33,93,13,77,69,80,32,135,73,8,97,76"/><T71/><D38/><U34/><E34/><V16/><F72/><W128/><G135/><T123/><D2/><UN n1="%E3%81%8B%E3%81%93%E3%81%A8%E3%82%93" /><U105/><E132/><V23/><F68/><W133/><G133/><T22/><D101/><U20/><E70/><V51/><F124/><W106/><G128/><T104/><D104/><U52/><E105/><V56/><F121/><W113/><G113/><T99/><D99/><U11/><E120/><V87/><F87/><W18/><G77/><T79/><D22/><U134/><E134/><V46/><F29/><W74/><G74/><T86/><D71/><U96/><E42/><V31/><F31/><W60/><G106/><T21/><D112/><U26/><E26/><V19/><F19/><W125/><G125/><T62/><D126/><U15/><REACH who="1" step="1"/><E90/><REACH who="1" ten="398,137,305,150" step="2"/><V103/><F41/><W67/><G54/><T110/><D123/><U12/><E12/><V75/><F14/><W115/><G115/><T58/><D66/><U111/><E111/><V40/><F40/><W39/><G39/><T9/><D110/><U92/><E92/><V10/><F94/><W50/><G50/><T44/><D117/><U107/><E107/><V43/><F43/><W57/><G69/><T1/><D116/><U84/><E84/><V5/><F37/><W24/><G24/><T131/><D86/><U45/><E45/><V55/><F36/><W109/><G109/><T130/><D65/><U118/><E118/><V85/><BYE who="1" /><F85/><W63/><G63/><T4/><D62/><U100/><E100/><AGARI ba="0,1" hai="8,13,18,32,33,57,60,67,73,76,80,93,97,100" machi="100" ten="30,1000,0" yaku="7,1" doraHai="119" who="3" fromWho="1" sc="398,0,137,-10,305,0,150,20" /><INIT seed="5,0,0,5,3,20" ten="398,127,305,170" oya="1" hai0="52,122,106,30,66,95,44,134,31,17,8,86,99" hai1="133,90,22,9,58,108,84,6,14,111,125,63,56" hai2="72,76,37,39,5,38,29,126,18,104,60,45,91" hai3="113,118,119,93,88,3,103,43,49,77,26,36,16"/><U69/><E69/><V46/><F104/><UN n1="%E3%81%8B%E3%81%93%E3%81%A8%E3%82%93" /><W54/><G3/><T48/><D134/><U127/><E133/><V19/><F126/><W97/><G77/><T124/><D124/><U74/><E74/><V117/><F117/><N who="3" m="44555" /><G113/><T123/><D106/><U1/><E1/><V107/><F107/><W2/><G2/><T121/><D86/><U87/><E127/><V28/><F5/><W101/><G43/><T67/><D17/><U105/><E125/><V78/><F60/><W129/><G36/><T12/><D12/><U34/><E105/><V33/><F91/><W11/><G129/><T10/><D10/><U62/><E34/><V130/><F130/><W82/><G11/><T109/><D109/><N who="1" m="42059" /><E22/><V116/><F116/><W73/><G82/><T47/><D47/><U0/><E0/><V75/><F39/><W132/><G73/><T25/><D8/><U110/><N who="1" m="42067" /><U112/><DORA hai="96" /><E112/><V85/><REACH who="2" step="1"/><F85/><REACH who="2" ten="398,127,295,170" step="2"/><N who="1" m="32841" /><E90/><V50/><F50/><W21/><G132/><T61/><D123/><U100/><E100/><V94/><F94/><W68/><G68/><T4/><D95/><U79/><E79/><V114/><F114/><W89/><G89/><T98/><D122/><U15/><E63/><V7/><F7/><W64/><G64/><T57/><D67/><U55/><E62/><V59/><F59/><AGARI ba="0,1" hai="16,21,26,49,54,59,88,93,97,101,103" m="44555" machi="59" ten="30,12000,2" yaku="12,1,52,3,54,2" doraHai="20,96" who="3" fromWho="2" sc="398,0,127,0,295,-120,170,130" /><INIT seed="6,0,0,2,1,103" ten="398,127,175,300" oya="2" hai0="49,82,121,14,13,120,89,114,17,39,3,40,26" hai1="93,70,44,15,106,30,31,2,43,127,22,135,81" hai2="133,1,64,113,117,6,124,109,4,52,50,67,45" hai3="116,128,60,91,95,129,10,27,57,58,101,29,66"/><V37/><F117/><W72/><G116/><T38/><D3/><U99/><E106/><V59/><F113/><W48/><G72/><T90/><D114/><U83/><E70/><V41/><F124/><W98/><G10/><T16/><D26/><U87/><E2/><V62/><F133/><W78/><G78/><T42/><D82/><U55/><E135/><V21/><F109/><W104/><G48/><AGARI ba="0,0" hai="13,14,16,17,38,39,40,42,48,49,89,90,120,121" machi="48" ten="25,3200,0" yaku="22,2,54,1" doraHai="103" who="0" fromWho="3" sc="398,32,127,0,175,0,300,-32" /><INIT seed="7,0,0,3,3,122" ten="430,127,175,268" oya="3" hai0="42,71,94,114,17,2,50,41,69,127,54,116,72" hai1="44,107,59,126,26,70,56,102,130,132,37,20,3" hai2="106,123,5,1,79,87,43,111,131,24,19,68,8" hai3="9,82,109,83,4,7,27,103,96,28,119,95,39"/><W22/><G119/><T18/><D116/><U32/><E132/><V99/><F68/><W112/><G39/><T133/><D2/><U46/><E126/><V13/><F111/><W120/><G112/><T14/><D72/><U58/><E70/><V100/><F123/><W29/><G120/><T57/><D127/><U118/><E130/><V35/><F131/><W78/><G109/><T113/><D133/><U110/><E118/><V12/><F43/><N who="0" m="16394" /><D18/><U80/><E37/><V63/><F63/><W6/><G28/><T129/><D129/><U101/><E3/><V62/><F62/><W21/><G21/><N who="0" m="11447" /><D94/><U49/><E32/><V15/><F35/><W16/><G78/><T34/><D34/><U121/><E121/><V77/><REACH who="2" step="1"/><F87/><REACH who="2" ten="430,127,165,268" step="2"/><W104/><G104/><T92/><D92/><U11/><E107/><V117/><F117/><W135/><G135/><T73/><D73/><U125/><E125/><V91/><F91/><W36/><G36/><T31/><D31/><U60/><E110/><V30/><F30/><W67/><G67/><T51/><D51/><U84/><E11/><V128/><F128/><W10/><G29/><T134/><D134/><U75/><E75/><V98/><F98/><W53/><G53/><T23/><D23/><AGARI ba="0,1" hai="1,5,8,12,13,15,19,23,24,77,79,99,100,106" machi="23" ten="40,1300,0" yaku="1,1,53,0" doraHai="122" doraHaiUra="88" who="2" fromWho="0" sc="430,-13,127,0,165,23,268,0" owari="417,51.0,127,-37.0,188,-21.0,268,7.0" /></mjloggm>