<mjloggm ver="2.3"><GO type="225" lobby="0"/><UN n0="%E3%81%AF%E3%82%88%E3%81%8A%E3%81%98%E3%81%95%E3%82%93" n1="%E3%81%A9%E3%82%8F%E3%82%93%E3%81%94" n2="%E7%AB%8B%E7%9B%B4%E5%A5%BD%E6%A3%92%40%E5%BF%98" n3="%69%70%73%E6%88%A6%E5%A3%AB" dan="16,17,17,16" rate="2234.37,2218.52,2242.08,2119.84" sx="M,M,M,M"/><TAIKYOKU oya="0"/><INIT seed="0,0,0,4,1,100" ten="250,250,250,250" oya="0" hai0="47,44,119,83,17,98,110,108,3,93,2,124,81" hai1="132,126,41,105,111,133,66,43,57,65,102,6,91" hai2="113,104,128,18,56,134,122,35,85,9,29,8,59" hai3="37,39,23,58,118,34,53,79,5,135,88,107,116"/><T52/><D119/><U42/><E6/><V90/><F113/><W61/><G34/><T78/><D124/><U67/><E126/><V87/><F122/><W92/><G135/><N who="1" m="51786" /><E111/><N who="0" m="42537" /><D17/><U99/><E91/><V30/><F134/><W125/><G125/><T27/><D27/><U109/><E109/><V97/><F128/><W22/><G5/><T130/><D130/><U15/><E15/><V51/><F35/><W25/><G116/><T45/><D52/><U103/><E103/><V71/><F71/><W96/><G118/><T82/><D78/><U7/><E7/><V121/><F18/><W74/><G107/><T60/><D60/><AGARI ba="0,0" hai="41,42,43,57,60,65,66,67,99,102,105" m="51786" machi="60" ten="30,2000,0" yaku="20,1,52,1" doraHai="100" who="1" fromWho="0" sc="250,-20,250,20,250,0,250,0" /><INIT seed="1,0,0,1,3,129" ten="230,270,250,250" oya="1" hai0="6,30,64,14,119,22,113,124,82,121,51,45,132" hai1="28,111,99,62,55,36,131,77,13,117,52,103,97" hai2="59,60,79,112,93,39,118,37,5,24,116,106,75" hai3="38,102,26,70,72,123,125,8,126,42,7,19,66"/><U15/><E131/><V27/><F106/><W109/><G123/><T67/><D113/><U107/><E117/><V90/><F112/><W49/><G109/><T134/><D119/><U80/><E36/><V58/><F116/><W63/><G72/><T95/><D121/><U23/><E111/><V135/><F118/><W9/><G102/><T35/><D124/><N who="3" m="47721" /><G38/><T33/><D82/><U120/><E120/><V127/><F127/><W50/><G42/><T1/><D95/><U96/><E103/><V16/><F5/><W10/><G7/><T12/><D1/><U34/><E34/><N who="0" m="12809" /><D30/><U92/><E92/><V69/><F69/><W4/><G4/><T85/><D85/><N who="1" m="48271" /><E107/><V91/><F75/><W32/><G19/><N who="0" m="10599" /><D14/><N who="1" m="5131" /><E62/><V87/><F60/><W104/><G104/><T31/><D31/><AGARI ba="0,0" hai="8,9,10,26,31,32,49,50,63,66,70" m="47721" machi="31" ten="30,1000,0" yaku="18,1" doraHai="129" who="3" fromWho="0" sc="230,-10,270,0,250,0,250,10" /><INIT seed="2,0,0,0,4,18" ten="220,270,250,260" oya="2" hai0="13,114,131,120,71,17,66,46,4,86,80,56,127" hai1="79,27,53,135,29,83,58,97,112,91,28,130,117" hai2="61,125,89,62,50,42,10,14,23,78,93,54,30" hai3="82,76,92,110,37,69,85,70,123,60,81,11,41"/><V128/><F125/><W0/><G123/><T38/><D120/><U49/><E135/><V32/><F32/><W133/><G133/><T48/><D114/><U107/><E130/><V64/><F78/><W115/><G110/><T134/><D134/><U44/><E117/><V96/><F42/><W24/><G92/><T111/><D111/><U129/><E129/><V67/><F128/><W109/><G109/><T84/><D131/><U3/><E3/><V36/><F36/><W68/><G115/><T6/><D127/><U59/><E112/><V19/><F64/><W102/><G102/><T57/><D71/><U126/><E126/><V20/><F30/><W8/><G60/><N who="2" m="23145" /><F67/><W74/><G24/><T113/><D38/><U116/><E116/><V118/><F118/><W5/><G11/><N who="0" m="6335" /><D86/><N who="1" m="48511" /><E107/><V22/><F10/><W7/><G7/><N who="0" m="2603" /><D66/><U63/><E63/><V72/><F72/><W26/><G69/><T101/><D101/><U132/><E132/><V100/><F100/><W45/><REACH who="3" step="1"/><G26/><REACH who="3" ten="220,270,250,250" step="2"/><T47/><D113/><U122/><E122/><V52/><F54/><W15/><G15/><T40/><D46/><AGARI ba="0,1" hai="14,19,20,22,23,46,50,52,89,93,96" m="23145" machi="46" ten="30,12000,1" yaku="8,1,52,3,54,1" doraHai="18" who="2" fromWho="0" sc="220,-120,270,0,250,130,250,0" /><INIT seed="2,1,0,0,2,12" ten="100,270,380,250" oya="2" hai0="22,84,1,5,30,89,29,121,19,6,33,90,106" hai1="37,66,26,25,112,44,102,40,16,61,57,88,127" hai2="35,28,55,110,34,113,31,45,126,77,64,123,32" hai3="131,41,115,135,85,14,68,95,49,53,128,73,87"/><V60/><F113/><W103/><G73/><T58/><D106/><U118/><E112/><V109/><F123/><W50/><G135/><T91/><D121/><U54/><E118/><V42/><F77/><W122/><G122/><T124/><D124/><U7/><E127/><V134/><F126/><W70/><G115/><T125/><D125/><U38/><E7/><V130/><F130/><W132/><G132/><T24/><D84/><N who="3" m="32329" /><G41/><T46/><D1/><U63/><E102/><V4/><F55/><W0/><G0/><T67/><D46/><U56/><E38/><V120/><F4/><N who="0" m="1642" /><D33/><U65/><E88/><N who="0" m="22529" /><T36/><DORA hai="39" /><D36/><U129/><E129/><N who="3" m="49738" /><G14/><T79/><D79/><U2/><E2/><V119/><F120/><W69/><G53/><T47/><D47/><U23/><E54/><V48/><F134/><W99/><AGARI ba="1,0" hai="49,50,68,69,70,95,99,103" m="49738,32329" machi="99" ten="40,1500,0" yaku="19,1" doraHai="12,39" who="3" fromWho="3" sc="100,-5,270,-5,380,-8,250,18" /><INIT seed="3,0,0,5,2,48" ten="95,265,372,268" oya="3" hai0="120,44,17,124,59,52,110,76,66,7,88,123,98" hai1="21,125,96,4,108,86,63,87,46,18,32,115,11" hai2="62,55,49,107,74,57,24,10,3,20,105,6,9" hai3="117,45,83,102,131,113,54,40,134,91,78,109,28"/><W23/><G113/><T80/><D110/><U16/><E108/><V130/><F74/><W85/><G117/><T121/><D124/><U36/><E115/><V72/><F72/><W60/><G109/><T94/><D7/><U92/><E32/><V71/><F130/><W14/><G131/><T73/><D17/><U128/><E128/><V100/><F100/><W61/><G134/><T114/><D114/><U79/><E125/><V77/><F77/><W51/><G102/><T42/><D66/><U29/><E36/><V19/><F71/><W34/><G34/><T127/><D127/><U112/><E112/><V25/><F10/><W68/><G68/><T119/><D119/><U0/><E46/><V33/><F33/><W47/><G78/><T56/><D56/><U111/><E111/><V30/><F24/><W39/><G28/><T82/><D80/><U95/><E63/><V65/><F30/><W41/><G41/><T69/><D69/><U97/><E79/><V8/><F8/><W50/><G39/><T132/><D132/><U58/><E58/><V93/><F65/><W35/><G35/><T75/><D73/><U2/><E29/><V5/><F105/><W106/><G106/><T89/><D89/><N who="1" m="55407" /><E2/><V103/><F107/><W64/><G64/><T99/><D98/><U15/><E18/><AGARI ba="0,0" hai="14,18,23,40,45,47,50,51,54,60,61,83,85,91" machi="18" ten="40,3900,0" yaku="8,1,52,1" doraHai="48" who="3" fromWho="1" sc="95,0,265,-39,372,0,268,39" /><INIT seed="3,1,0,2,5,83" ten="95,226,372,307" oya="3" hai0="32,72,111,125,56,104,91,130,31,77,114,134,88" hai1="108,122,49,94,67,52,48,95,61,15,13,42,76" hai2="26,20,124,19,131,126,40,59,74,133,99,127,121" hai3="100,87,50,51,2,64,98,86,96,8,28,119,101"/><W70/><G119/><T55/><D104/><U66/><E108/><V16/><F74/><W135/><G135/><T62/><D111/><U27/><E122/><V123/><F40/><W10/><G28/><T92/><D134/><U36/><E76/><V132/><F99/><N who="3" m="37931" /><G2/><T24/><D125/><U110/><E110/><V47/><F47/><W17/><G70/><T112/><D130/><U78/><E78/><V14/><F59/><W9/><G64/><N who="1" m="24618" /><E36/><V113/><F113/><W75/><G75/><T45/><D45/><N who="1" m="25655" /><E61/><V128/><F121/><W12/><G51/><T30/><D30/><U18/><E27/><V93/><F123/><W0/><G50/><T3/><D3/><U1/><E1/><V29/><F29/><W71/><G0/><T21/><D32/><U105/><E105/><V103/><F103/><N who="3" m="39499" /><G71/><T82/><REACH who="0" step="1"/><D92/><REACH who="0" ten="85,226,372,307" step="2"/><U107/><E107/><V97/><F93/><W84/><AGARI ba="1,1" hai="8,9,10,12,17,84,86,87" m="39499,37931" machi="84" ten="30,11700,0" yaku="8,1,52,3" doraHai="83" who="3" fromWho="3" sc="85,-40,226,-40,372,-40,307,130" owari="45,-45.0,186,-21.0,332,13.0,437,53.0" /></mjloggm>