<mjloggm ver="2.3"><GO type="169" lobby="0"/><UN n0="%E3%81%95%E3%81%8F%E3%82%89%E3%81%93" n1="%E7%88%86%E7%89%8C%E3%82%A6%E3%82%B7%E3%82%B8%E3%83%9E%E3%81%8F%E3%82%93" n2="%7A%6F%6F%31%39%36%34" n3="%E5%AE%9D%E5%90%8A%E5%AE%9D" dan="16,16,17,16" rate="2164.14,2199.09,2194.71,2117.86" sx="M,M,M,M"/><TAIKYOKU oya="0"/><INIT seed="0,0,0,2,1,71" ten="250,250,250,250" oya="0" hai0="94,54,43,116,15,10,110,121,63,40,77,115,117" hai1="42,48,123,52,62,51,41,4,129,29,108,0,64" hai2="26,92,111,37,7,85,50,57,98,8,82,91,119" hai3="68,131,61,47,88,31,107,109,126,95,66,69,9"/><T67/><D115/><U97/><E123/><V73/><F111/><W33/><G109/><T5/><D110/><U34/><E108/><V28/><F119/><W83/><G107/><T96/><D121/><U135/><E129/><V6/><F73/><W23/><G33/><T106/><D106/><U55/><E135/><V14/><F37/><W72/><G131/><T17/><D77/><U44/><E0/><V112/><F112/><W58/><G9/><T86/><D86/><U59/><E4/><V128/><F128/><W134/><G134/><T35/><D35/><U24/><REACH who="1" step="1"/><E97/><REACH who="1" ten="250,240,250,250" step="2"/><V87/><F6/><W102/><G126/><T118/><D5/><U38/><E38/><V32/><F98/><W45/><G69/><AGARI ba="0,1" hai="24,29,34,41,42,44,48,51,52,55,59,62,64,69" machi="69" ten="30,3900,0" yaku="1,1,7,1,54,1,53,0" doraHai="71" doraHaiUra="81" who="1" fromWho="3" sc="250,0,240,49,250,0,250,-39" /><INIT seed="1,0,0,0,4,17" ten="250,289,250,211" oya="1" hai0="84,50,74,90,46,100,47,134,51,89,10,56,19" hai1="125,24,53,58,77,103,11,120,20,4,37,45,127" hai2="106,132,22,32,105,85,25,29,131,26,31,112,21" hai3="1,78,55,70,60,5,39,104,3,28,6,71,133"/><U52/><E120/><V42/><F132/><W49/><G104/><T123/><D134/><U61/><E77/><V113/><F32/><W130/><G133/><T69/><D69/><U38/><E103/><V79/><F42/><W48/><G78/><T109/><D74/><U96/><E96/><V72/><F72/><W108/><G60/><T63/><D100/><U30/><E53/><V35/><F35/><W76/><G76/><T16/><D109/><U33/><E33/><V34/><F34/><W114/><G55/><N who="0" m="34207" /><D123/><U88/><E88/><N who="0" m="33897" /><D84/><U23/><E23/><V62/><F62/><W9/><G39/><T117/><D117/><U82/><E82/><N who="2" m="47327" /><F131/><W126/><G130/><T43/><D10/><U135/><E135/><V83/><F83/><W119/><G9/><T99/><D99/><U66/><E66/><V102/><F102/><W67/><G67/><T54/><AGARI ba="0,0" hai="16,19,43,46,47,50,51,54" m="33897,34207" machi="54" ten="30,4000,0" yaku="8,1,54,2" doraHai="17" who="0" fromWho="0" sc="250,40,289,-20,250,-10,211,-10" /><INIT seed="2,0,0,1,3,14" ten="290,269,240,201" oya="2" hai0="88,18,117,54,52,51,21,66,3,100,81,31,73" hai1="108,124,9,120,112,135,101,0,37,90,41,70,49" hai2="43,74,35,57,87,75,103,95,109,16,8,133,36" hai3="114,72,107,4,127,27,29,17,47,26,97,96,13"/><V92/><F35/><W115/><G72/><T11/><D117/><U19/><E112/><N who="3" m="43050" /><G47/><T125/><D100/><U106/><E70/><V39/><F133/><W48/><G48/><T69/><D125/><U45/><E124/><V22/><F109/><W79/><G79/><T85/><D73/><U128/><E135/><V105/><F105/><W40/><G40/><T20/><D31/><U122/><E108/><V76/><F43/><W80/><G80/><T104/><D104/><U89/><E128/><V12/><F75/><W59/><G59/><T91/><D66/><U44/><E0/><V121/><F121/><N who="1" m="46697" /><E45/><V33/><F33/><N who="3" m="20663" /><G107/><T77/><D69/><U61/><E61/><V10/><F74/><W71/><G71/><T94/><D3/><U28/><E37/><V68/><F68/><W118/><G118/><T63/><D63/><U5/><E106/><V46/><F46/><W119/><G119/><T1/><D1/><U15/><E49/><V113/><F39/><W62/><G62/><T24/><D11/><N who="2" m="4138" /><F36/><W56/><G56/><N who="0" m="32799" /><D54/><U134/><E41/><V65/><F113/><W130/><G127/><T53/><D53/><U7/><E44/><V2/><F2/><W116/><G116/><T99/><D21/><U50/><E50/><V38/><F38/><W6/><G130/><T111/><D111/><U32/><E32/><V67/><F103/><W78/><G78/><T42/><D42/><U23/><E101/><V131/><F131/><W34/><G97/><N who="0" m="57543" /><D77/><U98/><E134/><V93/><F57/><W102/><G102/><T58/><D58/><U123/><E123/><RYUUKYOKU ba="0,0" sc="290,15,269,-15,240,15,201,-15" hai0="18,20,24,81,85,91,99" hai2="12,16,22,65,67,76,87,92,93,95" /><INIT seed="2,1,0,0,2,68" ten="305,254,255,186" oya="2" hai0="80,65,95,119,116,23,99,129,67,37,48,108,20" hai1="47,26,35,111,6,28,10,93,77,72,11,115,38" hai2="113,49,46,112,57,7,50,103,63,17,60,98,123" hai3="117,128,34,44,69,84,118,40,121,27,127,91,126"/><V43/><F123/><W70/><G27/><T24/><D129/><U85/><E115/><V92/><F7/><W71/><G34/><T107/><D107/><U13/><E111/><V131/><F131/><W104/><G104/><T51/><D108/><U83/><E11/><V109/><F109/><W86/><G128/><T130/><D80/><U8/><E8/><V12/><F113/><W89/><G121/><T29/><D20/><U39/><REACH who="1" step="1"/><E47/><REACH who="1" ten="305,244,255,186" step="2"/><V5/><F112/><W64/><G44/><T114/><D114/><U53/><E53/><N who="2" m="31927" /><F5/><W124/><G64/><T32/><D130/><U90/><AGARI ba="1,1" hai="6,10,13,26,28,35,38,39,72,77,83,85,90,93" machi="90" ten="30,8000,1" yaku="1,1,0,1,52,2,53,1" doraHai="68" doraHaiUra="87" who="1" fromWho="1" sc="305,-21,244,93,255,-41,186,-21" /><INIT seed="3,0,0,5,5,40" ten="284,337,214,165" oya="3" hai0="44,37,48,9,128,131,127,69,95,10,31,47,115" hai1="17,83,96,66,89,104,25,54,22,20,64,57,82" hai2="61,15,43,102,23,67,39,60,21,0,129,58,70" hai3="7,52,79,120,72,18,5,87,75,114,8,122,42"/><W98/><G114/><T101/><D69/><U35/><E35/><V65/><F0/><W105/><G42/><N who="0" m="22607" /><D31/><U46/><E104/><V85/><F129/><N who="0" m="49738" /><D127/><U2/><E2/><V109/><F109/><W11/><G87/><T16/><D115/><U28/><E46/><V132/><F132/><W99/><G105/><T49/><D49/><U51/><E96/><V73/><F73/><W130/><G130/><T97/><D16/><U106/><E106/><V113/><F113/><W94/><G18/><T36/><D36/><U133/><E133/><V76/><F39/><W112/><G112/><T38/><D38/><U77/><E89/><V68/><F102/><W108/><G94/><T110/><D110/><U62/><E51/><V33/><F43/><AGARI ba="0,0" hai="9,10,43,47,48,95,97,101" m="49738,22607" machi="43" ten="30,3900,0" yaku="19,1,52,2" doraHai="40" who="0" fromWho="2" sc="284,39,337,0,214,-39,165,0" /><INIT seed="4,0,0,1,5,83" ten="323,337,175,165" oya="0" hai0="118,119,114,66,27,63,76,72,96,42,85,20,75" hai1="50,79,29,92,51,69,133,60,19,81,87,134,52" hai2="39,8,0,127,17,67,86,120,28,122,38,126,109" hai3="18,44,112,78,48,64,30,4,46,54,77,43,10"/><T56/><D114/><U95/><E29/><V15/><F109/><W6/><G112/><T7/><D7/><U89/><E19/><V135/><F135/><N who="1" m="51721" /><E95/><V23/><F67/><W11/><G18/><T33/><D33/><U41/><E41/><V9/><F39/><W34/><G64/><T73/><D42/><U68/><E60/><V88/><F38/><W22/><G34/><T80/><REACH who="0" step="1"/><D96/><REACH who="0" ten="313,337,175,165" step="2"/><N who="1" m="57359" /><E51/><V94/><F120/><W49/><G30/><AGARI ba="0,1" hai="20,27,30,56,63,66,72,73,75,76,80,85,118,119" machi="30" ten="40,3900,0" yaku="1,1,52,1,53,0" doraHai="83" doraHaiUra="124" who="0" fromWho="3" sc="313,49,337,0,175,0,165,-39" /><INIT seed="4,1,0,2,4,14" ten="362,337,175,126" oya="0" hai0="20,64,77,70,17,121,65,37,91,74,35,120,107" hai1="32,47,125,118,53,106,62,85,41,75,45,115,86" hai2="128,108,84,52,18,123,103,101,16,68,13,28,0" hai3="42,57,113,132,116,59,81,94,82,15,133,119,38"/><T71/><D107/><U43/><E118/><V124/><BYE who="3" /><F123/><W129/><G129/><T5/><D35/><UN n3="%E5%AE%9D%E5%90%8A%E5%AE%9D" /><U58/><E32/><V29/><F0/><W92/><G15/><T88/><D37/><U83/><E106/><V122/><F122/><W31/><G31/><N who="2" m="11849" /><F68/><W105/><G105/><T80/><D5/><U56/><E125/><V54/><F128/><W12/><G12/><T55/><D121/><U50/><E115/><V100/><F108/><W96/><G96/><T134/><D134/><U51/><E75/><V95/><F124/><W78/><G38/><T23/><D23/><U9/><E9/><N who="2" m="6191" /><F18/><W102/><G42/><T98/><D71/><U90/><E85/><V34/><F34/><W2/><G2/><T27/><D70/><U11/><E11/><V7/><F7/><W114/><REACH who="3" step="1"/><G78/><REACH who="3" ten="362,337,175,116" step="2"/><T110/><D120/><U73/><E43/><V67/><F67/><W109/><G109/><T76/><D76/><U10/><E41/><V99/><F84/><W33/><G33/><T104/><D110/><U6/><E86/><V63/><F54/><W36/><G36/><T111/><D111/><U44/><E53/><V26/><F26/><W1/><G1/><T79/><D55/><U22/><E6/><V49/><F63/><W112/><G112/><T131/><D131/><U25/><E62/><V48/><F49/><W40/><G40/><T21/><D65/><U39/><E50/><V24/><F24/><W60/><G60/><T30/><D64/><U130/><E51/><V72/><F72/><W97/><G97/><T93/><D74/><U89/><E73/><RYUUKYOKU ba="1,1" sc="362,-15,337,-15,175,15,116,15" hai2="48,52,95,99,100,101,103" hai3="57,59,81,82,92,94,102,113,114,116,119,132,133" /><INIT seed="5,2,1,2,4,121" ten="347,322,190,131" oya="1" hai0="95,59,30,128,17,70,16,118,103,71,75,10,127" hai1="84,31,37,126,109,86,54,73,110,26,120,57,90" hai2="115,29,91,46,131,18,35,55,38,76,69,123,104" hai3="80,44,119,50,15,78,3,49,27,52,116,129,81"/><U65/><E120/><V61/><F123/><W58/><G3/><T36/><D118/><N who="3" m="45097" /><G129/><T2/><D128/><U43/><E73/><V23/><F131/><W9/><G27/><T14/><D36/><U4/><E126/><V102/><F76/><W124/><G124/><T132/><D75/><U108/><E4/><V5/><F5/><N who="3" m="3503" /><G78/><T12/><D2/><U24/><E65/><V96/><F115/><W114/><G114/><T13/><D30/><U99/><E43/><AGARI ba="2,1" hai="43,44,49,50,52,58,80,81" m="3503,45097" machi="43" ten="30,2000,0" yaku="12,1,54,1" doraHai="121" who="3" fromWho="1" sc="347,0,322,-26,190,0,131,36" /><INIT seed="6,0,0,4,0,112" ten="347,296,190,167" oya="2" hai0="105,99,86,116,38,101,58,109,107,135,24,76,67" hai1="41,92,93,132,125,33,8,128,22,35,65,13,69" hai2="30,127,111,98,32,17,57,103,26,77,75,130,14" hai3="110,6,4,72,52,85,68,131,53,10,66,113,45"/><V51/><F130/><W36/><G110/><T102/><D109/><U2/><E41/><V80/><F111/><W27/><G131/><T115/><D38/><U48/><E48/><V55/><F127/><W7/><G72/><T119/><D115/><U64/><E125/><V134/><F134/><W1/><G27/><T79/><D24/><U15/><E2/><V100/><REACH who="2" step="1"/><F98/><REACH who="2" ten="347,296,180,167" step="2"/><W3/><G3/><T9/><D135/><U0/><E132/><V123/><F123/><W29/><G113/><T118/><D86/><U106/><E0/><V62/><F62/><W121/><G85/><T23/><D99/><U84/><E84/><V56/><F56/><W82/><G121/><T46/><D46/><U87/><E87/><V21/><AGARI ba="0,1" hai="14,17,21,26,30,32,51,55,57,75,77,80,100,103" machi="21" ten="20,3900,0" yaku="1,1,0,1,7,1,53,0" doraHai="112" doraHaiUra="34" who="2" fromWho="2" sc="347,-13,296,-13,180,49,167,-13" /><INIT seed="6,1,0,5,5,96" ten="334,283,229,154" oya="2" hai0="66,41,56,118,58,82,128,36,107,91,5,78,7" hai1="54,16,46,39,18,27,102,109,94,49,101,34,83" hai2="105,59,90,47,12,68,6,110,2,80,113,40,127" hai3="125,134,116,4,114,60,122,51,32,88,48,20,119"/><V135/><F68/><W55/><G32/><T115/><D107/><U53/><E109/><V108/><F2/><W120/><G4/><T133/><D133/><U104/><E104/><V31/><F31/><W81/><G20/><T126/><D115/><U131/><E131/><V130/><F113/><W132/><G81/><T71/><D126/><U93/><E34/><V124/><F130/><W67/><G88/><T84/><D71/><U15/><E39/><V43/><F135/><N who="3" m="51755" /><G114/><T75/><D56/><U74/><E54/><V25/><F25/><W106/><G106/><T52/><D66/><U17/><E83/><V99/><F6/><W37/><G37/><T24/><D118/><N who="3" m="45097" /><G125/><T29/><D41/><U72/><E27/><V30/><F105/><W9/><G9/><T0/><D36/><U77/><E77/><V98/><F12/><W13/><G13/><T95/><BYE who="3" /><D128/><U123/><E72/><V121/><F59/><UN n3="%E5%AE%9D%E5%90%8A%E5%AE%9D" /><W45/><G51/><T44/><D0/><U86/><E74/><V35/><F127/><W33/><G33/><T73/><D73/><U11/><E86/><V62/><F35/><W21/><G21/><T100/><D100/><U50/><E101/><V22/><F22/><W42/><G42/><T23/><D7/><U89/><E102/><V70/><F40/><W63/><G63/><N who="0" m="36295" /><D5/><U19/><E50/><V129/><F124/><W10/><G10/><T57/><D75/><U92/><E89/><V69/><F90/><W103/><G103/><T85/><D24/><U112/><E112/><V3/><F129/><W87/><G87/><T26/><D84/><RYUUKYOKU ba="1,0" sc="334,-15,283,15,229,-15,154,15" hai1="11,15,16,17,18,19,46,49,53,92,93,94,123" hai3="45,48,55,60,67,120,122" /><INIT seed="7,2,0,0,2,16" ten="319,298,214,169" oya="3" hai0="19,67,61,132,112,38,107,113,62,104,130,129,133" hai1="68,41,95,134,55,22,9,83,59,52,91,114,101" hai2="72,69,40,1,116,93,103,99,35,11,96,34,122" hai3="92,74,98,106,71,44,115,3,85,39,102,8,127"/><W86/><G71/><N who="0" m="42479" /><D19/><U126/><E68/><V100/><F116/><W48/><G39/><T135/><D38/><U17/><E114/><N who="0" m="44137" /><D62/><U118/><E134/><V20/><F69/><W2/><G74/><T49/><D49/><U128/><E126/><V123/><F72/><W119/><G119/><T66/><D66/><U90/><E128/><AGARI ba="2,0" hai="104,107,128,129,130,132,133,135" m="44137,42479" machi="128" ten="40,8000,1" yaku="19,1,20,1,15,1,11,1,23,1" doraHai="16" who="0" fromWho="1" sc="319,86,298,-86,214,0,169,0" owari="405,51.0,212,-19.0,214,1.0,169,-33.0" /></mjloggm>