<mjloggm ver="2.3"><GO type="185" lobby="0"/><UN n0="%E9%9B%AA%E6%9D%91%E5%8D%83%E7%B5%B5%E8%8E%89" n1="%28%C2%B4%E3%81%B8%CE%B5%E3%81%B8%60%29" n2="%E9%BE%8D%E9%A6%AC%E3%81%AE%E5%B0%8F%E5%80%89" n3="" dan="17,20,18,0" rate="2303.48,2250.83,2309.29,1500.00" sx="F,M,M,C"/><TAIKYOKU oya="0"/><INIT seed="0,0,0,1,5,2" ten="350,350,350,0" oya="0" hai0="92,100,91,86,60,44,96,109,33,94,3,129,98" hai1="95,125,62,119,103,93,51,116,35,101,133,117,76" hai2="72,134,113,68,36,57,59,120,34,105,83,132,118" hai3=""/><T130/><D3/><U40/><E125/><V131/><RYUUKYOKU type="yao9" ba="0,0" sc="350,0,350,0,350,0,0,0" hai2="34,36,57,59,68,72,83,105,113,118,120,131,132,134" /><INIT seed="0,1,0,1,5,91" ten="350,350,350,0" oya="0" hai0="106,79,107,109,98,80,40,129,94,37,111,83,135" hai1="90,0,43,133,102,50,112,101,48,113,124,71,53" hai2="55,1,131,104,92,60,62,73,116,86,76,108,84" hai3=""/><T65/><D129/><U41/><E0/><V49/><F1/><T74/><D65/><U88/><E53/><V126/><F131/><T100/><D135/><U127/><REACH who="1" step="1"/><E71/><REACH who="1" ten="350,340,350,0" step="2"/><V96/><F116/><T125/><D125/><U114/><E114/><V36/><F55/><T99/><D40/><U115/><E115/><V61/><F126/><T35/><D35/><U47/><E47/><V110/><F110/><N who="0" m="41994" /><D37/><U121/><N who="1" m="31008" /><U93/><E93/><V38/><F108/><T105/><D83/><U42/><E42/><V67/><F36/><T70/><D70/><U58/><E58/><V3/><F38/><T39/><D39/><U82/><E82/><V123/><F3/><T128/><D128/><U97/><E97/><AGARI ba="1,1" hai="74,79,80,94,97,98,99,100,105,106,107" m="41994" machi="97" ten="40,12000,1" yaku="14,1,10,1,34,2,52,1" doraHai="91" who="0" fromWho="1" sc="350,132,340,-122,350,0,0,0" /><INIT seed="0,2,0,4,0,104" ten="482,218,350,0" oya="0" hai0="79,87,80,128,0,42,96,54,68,61,131,100,73" hai1="45,115,58,57,47,132,108,1,95,102,77,44,56" hai2="86,53,59,92,90,133,101,122,84,38,39,99,91" hai3=""/><T51/><D0/><U36/><E1/><V126/><N who="2" m="31264" /><V82/><F126/><T75/><D42/><U112/><E36/><V32/><F32/><T110/><D110/><U109/><E77/><V118/><F133/><T3/><D3/><U103/><E132/><V76/><F118/><T113/><D113/><N who="1" m="43595" /><E95/><V116/><F116/><T72/><D61/><U120/><N who="1" m="30752" /><U78/><E78/><V2/><F2/><T111/><D68/><U49/><E49/><V81/><REACH who="2" step="1"/><F76/><REACH who="2" ten="482,218,340,0" step="2"/><T97/><D111/><AGARI ba="2,1" hai="44,45,47,56,57,58,102,103,108,109,111" m="30752,43595" machi="111" ten="40,8000,1" yaku="28,2,14,1,11,1,52,1" doraHai="104" who="1" fromWho="0" sc="482,-84,218,94,340,0,0,0" /><INIT seed="1,0,0,4,0,77" ten="398,312,340,0" oya="1" hai0="69,73,103,79,97,121,72,117,53,129,87,3,99" hai1="104,50,133,62,131,111,134,83,120,60,76,32,115" hai2="124,43,41,45,33,132,126,56,51,91,122,95,98" hai3=""/><U107/><N who="1" m="30752" /><U106/><E115/><V36/><N who="2" m="31264" /><V39/><F33/><T112/><N who="0" m="31008" /><T135/><D112/><U48/><E32/><V52/><F132/><N who="1" m="50793" /><E131/><V78/><F78/><T55/><D129/><U81/><E111/><V85/><F98/><T92/><D135/><U101/><E101/><V86/><F86/><T0/><D117/><U88/><E88/><V94/><F94/><T2/><D69/><U58/><E60/><V66/><F66/><T89/><D99/><U128/><E128/><V59/><F59/><T42/><D42/><U110/><E110/><V109/><F109/><T46/><D79/><U1/><E1/><V67/><F67/><T125/><D73/><U57/><E58/><V123/><N who="2" m="31520" /><V127/><F41/><T82/><D72/><U114/><E114/><V40/><F43/><T70/><D70/><U63/><E63/><AGARI ba="0,0" hai="36,39,40,45,51,52,56,63,85,91,95,124,126,127" m="31520,31264" machi="63" ten="40,8000,1" yaku="18,1,52,2,54,1" doraHai="77" who="2" fromWho="1" sc="398,0,312,-80,340,80,0,0" /><INIT seed="2,0,0,3,4,88" ten="398,232,420,0" oya="2" hai0="47,84,100,128,43,108,67,40,110,97,102,87,66" hai1="32,89,34,104,111,36,73,38,59,83,101,115,133" hai2="124,85,82,120,107,98,112,127,86,99,33,92,54" hai3=""/><V122/><N who="2" m="30752" /><V62/><N who="2" m="31264" /><V76/><F33/><T68/><D68/><U132/><E59/><V35/><F35/><T45/><REACH who="0" step="1"/><D97/><REACH who="0" ten="388,232,420,0" step="2"/><U96/><E32/><V2/><F98/><T80/><D80/><U129/><E34/><V50/><F99/><T41/><D41/><U56/><E96/><V109/><F107/><T126/><D126/><U0/><E83/><V125/><F2/><T77/><D77/><U131/><E104/><V90/><F112/><T64/><D64/><U39/><E0/><V70/><F109/><T53/><D53/><U52/><E101/><V93/><F93/><T60/><D60/><U49/><E111/><V37/><F37/><T44/><D44/><U103/><E103/><V113/><F113/><T75/><D75/><U3/><E73/><V65/><REACH who="2" step="1"/><F125/><REACH who="2" ten="388,232,410,0" step="2"/><T116/><D116/><U81/><E3/><V69/><F69/><T63/><D63/><U57/><E115/><V118/><F118/><T123/><N who="0" m="31520" /><T91/><D91/><U114/><E114/><V95/><F95/><T94/><D94/><U106/><E106/><V55/><F55/><T1/><D1/><U61/><E89/><V79/><F79/><T119/><D119/><U51/><E38/><V78/><F78/><RYUUKYOKU ba="0,2" sc="388,10,232,-20,410,10,0,0" hai0="40,43,45,47,66,67,84,87,100,102,108,110,128" hai2="50,54,62,65,70,76,82,85,86,90,92,124,127" /><INIT seed="2,1,2,1,4,132" ten="398,212,420,0" oya="2" hai0="107,83,127,102,74,87,89,46,101,99,116,105,54" hai1="90,81,96,94,114,109,130,73,98,131,82,84,60" hai2="135,38,70,112,122,59,50,1,80,40,124,115,36" hai3=""/><V71/><N who="2" m="31264" /><V78/><F1/><T69/><D116/><U133/><E114/><V62/><F135/><T95/><D69/><N who="2" m="26122" /><F80/><T49/><D127/><U42/><E133/><V104/><F104/><T57/><D74/><U72/><E60/><V76/><F76/><T51/><REACH who="0" step="1"/><D102/><REACH who="0" ten="388,212,420,0" step="2"/><U113/><E72/><V33/><F124/><T119/><D119/><U134/><E134/><V67/><F33/><T79/><D79/><U108/><E73/><V58/><F78/><T85/><D85/><U68/><E84/><V97/><F97/><T0/><D0/><U52/><E98/><V64/><F112/><T120/><N who="0" m="30752" /><T121/><N who="0" m="31008" /><T75/><D75/><U118/><E113/><V44/><F115/><T88/><D88/><U77/><E118/><V103/><F103/><T106/><D106/><U128/><E77/><V65/><F58/><T117/><D117/><U63/><E68/><V43/><F40/><AGARI ba="1,3" hai="40,46,49,51,54,57,83,87,89,95,99,101,105,107" m="31008,30752" machi="40" ten="30,7700,0" yaku="1,1,7,1,52,2,53,0" doraHai="132" doraHaiUra="61" who="0" fromWho="2" sc="388,109,212,0,420,-79,0,0" /><INIT seed="4,0,0,0,1,133" ten="497,212,341,0" oya="0" hai0="46,134,49,68,77,94,2,88,108,109,130,110,69" hai1="65,107,123,120,3,129,32,124,41,96,89,36,78" hai2="128,1,84,71,117,99,125,111,37,91,95,44,63" hai3=""/><T35/><D35/><U85/><N who="1" m="30752" /><U43/><N who="1" m="31520" /><U62/><E32/><V70/><F111/><T90/><D2/><U97/><E3/><V58/><F1/><T122/><N who="0" m="31264" /><T76/><D130/><U98/><E129/><V115/><F128/><T104/><D104/><U45/><E43/><V118/><F115/><T114/><D114/><U51/><E78/><N who="0" m="30313" /><D134/><U50/><E107/><V66/><F125/><T79/><N who="0" m="30321" /><T73/><DORA hai="40" /><D73/><U102/><E102/><V56/><F56/><T106/><D106/><U80/><REACH who="1" step="1"/><E124/><REACH who="1" ten="497,202,341,0" step="2"/><V54/><F117/><T100/><D100/><U64/><E64/><V103/><F118/><T34/><D34/><U127/><E127/><V67/><F67/><T0/><D0/><U59/><AGARI ba="0,1" hai="36,41,45,50,51,59,62,65,80,85,89,96,97,98" m="31520,30752" machi="59" ten="30,6000,1" yaku="1,1,0,1,52,3,53,0" doraHai="133,40" doraHaiUra="113,131" who="1" fromWho="1" sc="497,-40,202,70,341,-20,0,0" /><INIT seed="5,0,0,5,3,58" ten="457,272,321,0" oya="1" hai0="94,74,36,133,3,35,57,115,78,49,70,85,126" hai1="119,129,44,96,33,43,67,79,32,55,107,45,2" hai2="63,76,64,53,86,114,73,80,66,98,54,100,89" hai3=""/><U34/><E119/><V101/><F114/><T46/><D3/><U40/><E2/><V120/><N who="2" m="30752" /><V102/><F98/><T81/><D35/><U48/><E129/><V68/><REACH who="2" step="1"/><F66/><REACH who="2" ten="457,272,311,0" step="2"/><T97/><D115/><U77/><E67/><V134/><F134/><T135/><D135/><U47/><E107/><V128/><F128/><T117/><D133/><U71/><E96/><V116/><F116/><T95/><D117/><U113/><E113/><V52/><F52/><T91/><D97/><U130/><E130/><V38/><F38/><T112/><D36/><U125/><E125/><V124/><F124/><T118/><D126/><U104/><E104/><V0/><F0/><T110/><D118/><U92/><E32/><V90/><F90/><T123/><D112/><U122/><N who="1" m="31264" /><U65/><E33/><V109/><F109/><T127/><D110/><U88/><E34/><V93/><AGARI ba="0,1" hai="53,54,63,64,68,73,76,80,86,89,93,100,101,102" m="30752" machi="93" ten="30,6000,1" yaku="1,1,0,1,52,2,53,1" doraHai="58" doraHaiUra="60" who="2" fromWho="2" sc="457,-20,272,-40,311,70,0,0" /><INIT seed="6,0,0,4,3,64" ten="437,232,381,0" oya="2" hai0="54,42,34,131,127,121,98,2,74,117,106,105,52" hai1="103,116,79,109,101,36,81,55,38,115,0,110,77" hai2="50,94,53,39,130,3,69,33,35,123,93,83,99" hai3=""/><V85/><N who="2" m="31520" /><V70/><F3/><T128/><N who="0" m="31008" /><T95/><D34/><U1/><E115/><V100/><F39/><T65/><D117/><U47/><E81/><V80/><F130/><N who="0" m="49706" /><D2/><U66/><E66/><V108/><F108/><T37/><D74/><U62/><E62/><V49/><F53/><N who="0" m="20586" /><D127/><U129/><E55/><V132/><F85/><T41/><D65/><U82/><E129/><V134/><F99/><T45/><D41/><U56/><E56/><V46/><F100/><AGARI ba="0,0" hai="37,42,45,95,98,100,105,106" m="20586,49706,31008" machi="100" ten="30,3900,0" yaku="19,1,52,1,54,1" doraHai="64" who="0" fromWho="2" sc="437,39,232,0,381,-39,0,0" owari="476,43.0,232,-37.0,342,-6.0,0,0.0" /></mjloggm>