<mjloggm ver="2.3"><GO type="185" lobby="0"/><UN n0="%E8%B5%A4%E8%A3%8F%E3%83%9B%E3%82%B7%E3%83%BC%E3%83%8E" n1="%28%C2%B4%E3%81%B8%CE%B5%E3%81%B8%60%29" n2="%70%61%77%61%66%75%31" n3="" dan="16,20,19,0" rate="2140.43,2234.00,2383.42,1500.00" sx="M,M,M,C"/><TAIKYOKU oya="0"/><INIT seed="0,0,0,5,1,101" ten="350,350,350,0" oya="0" hai0="86,117,41,70,57,58,100,134,114,62,120,98,73" hai1="54,33,3,95,132,77,111,40,0,64,47,131,129" hai2="105,112,65,103,49,67,50,123,71,56,34,72,128" hai3=""/><T85/><N who="0" m="30752" /><T83/><D117/><U110/><E33/><V79/><N who="2" m="31520" /><V35/><F71/><T104/><D114/><U36/><E77/><V1/><F112/><T107/><D41/><U66/><E95/><V59/><F1/><T97/><D134/><U55/><E132/><V88/><F103/><T38/><D38/><U81/><E81/><V122/><N who="2" m="31264" /><V53/><F128/><N who="1" m="49225" /><E3/><V52/><F79/><T69/><D100/><U121/><N who="1" m="31008" /><U133/><E0/><V92/><F72/><T2/><D2/><U99/><E99/><V80/><F80/><T106/><D83/><U89/><E89/><V60/><F105/><T109/><D107/><U118/><E118/><V39/><F39/><T116/><D116/><U45/><E133/><V135/><F135/><T51/><D73/><U126/><E126/><V37/><F37/><T127/><D127/><U46/><E36/><V102/><F102/><T87/><D87/><U91/><E91/><V61/><F88/><T96/><D96/><U48/><E40/><V76/><F76/><T74/><D74/><U119/><E119/><V44/><REACH who="2" step="1"/><F92/><REACH who="2" ten="350,350,340,0" step="2"/><T108/><D106/><U84/><E84/><V75/><F75/><T115/><D104/><U32/><E32/><RYUUKYOKU ba="0,1" sc="350,-10,350,-10,340,20,0,0" hai2="34,35,44,49,50,52,53,56,59,60,61,65,67" /><INIT seed="1,1,1,4,1,37" ten="340,340,360,0" oya="1" hai0="34,98,129,79,132,113,93,59,111,122,32,127,68" hai1="67,51,89,81,91,58,116,73,0,106,80,49,41" hai2="69,66,131,35,100,108,48,33,76,61,70,118,120" hai3=""/><U125/><E116/><V54/><N who="2" m="30752" /><V63/><F118/><T112/><N who="0" m="31264" /><T65/><D68/><U77/><E0/><V42/><F108/><T97/><D111/><U75/><E106/><V47/><F100/><T90/><D79/><U1/><E1/><V83/><F131/><T101/><D129/><U88/><E125/><V103/><F103/><T105/><D127/><U110/><E110/><V119/><F119/><T43/><D132/><U38/><E67/><V82/><F83/><T107/><D107/><U87/><E58/><V60/><F54/><T74/><D74/><U64/><E64/><V40/><F40/><T71/><D71/><U114/><E114/><V104/><F104/><T62/><REACH who="0" step="1"/><D43/><REACH who="0" ten="330,340,360,0" step="2"/><U135/><E135/><V102/><F69/><T86/><D86/><U109/><E109/><V121/><N who="2" m="31008" /><V95/><F33/><AGARI ba="1,2" hai="32,33,34,59,62,65,90,93,97,98,101,105,112,113" m="31264" machi="33" ten="40,5200,0" yaku="1,1,52,1,53,1" doraHai="37" doraHaiUra="96" who="0" fromWho="2" sc="330,74,340,0,360,-54,0,0" /><INIT seed="2,0,0,0,2,37" ten="404,340,306,0" oya="2" hai0="70,66,87,117,2,36,110,52,71,58,40,51,77" hai1="79,55,1,57,50,115,53,123,43,118,47,96,99" hai2="131,67,114,106,76,102,113,62,130,73,128,94,54" hai3=""/><V38/><F106/><T56/><D2/><U109/><N who="1" m="31520" /><U33/><E1/><V105/><F105/><T103/><D103/><U112/><E33/><V84/><F38/><T93/><D117/><U61/><E118/><V122/><N who="2" m="31264" /><V116/><F116/><T127/><D77/><U81/><E109/><V48/><F73/><T119/><D119/><U100/><E55/><V132/><F132/><T80/><D80/><U78/><E78/><V82/><F94/><T86/><D110/><U75/><REACH who="1" step="1"/><E96/><REACH who="1" ten="404,330,306,0" step="2"/><V59/><REACH who="2" step="1"/><F102/><REACH who="2" ten="404,330,296,0" step="2"/><T134/><D134/><U72/><E72/><V35/><F35/><T108/><D108/><U49/><E49/><V135/><F135/><T98/><D51/><U88/><E88/><V89/><F89/><T111/><D111/><U107/><AGARI ba="0,2" hai="43,47,50,53,57,61,75,79,81,99,100,107,112,115" m="31520" machi="107" ten="20,6000,1" yaku="1,1,0,1,7,1,52,2,53,0" doraHai="37" doraHaiUra="125" who="1" fromWho="1" sc="404,-20,330,80,296,-40,0,0" /><INIT seed="4,0,0,5,2,64" ten="384,410,256,0" oya="0" hai0="131,67,62,36,135,120,130,82,116,56,93,132,117" hai1="114,94,55,52,39,33,58,0,89,97,44,59,108" hai2="100,43,124,129,109,1,98,49,104,92,133,110,71" hai3=""/><T111/><N who="0" m="30752" /><T79/><D36/><U65/><E108/><V41/><F1/><T47/><D93/><U106/><E0/><V84/><F124/><T88/><D88/><U63/><E33/><V69/><F129/><N who="0" m="49162" /><D47/><U91/><E39/><V90/><F133/><N who="0" m="51274" /><D111/><U81/><E44/><V68/><REACH who="2" step="1"/><F41/><REACH who="2" ten="384,410,246,0" step="2"/><T95/><D95/><U122/><E122/><V126/><F126/><T32/><D32/><U48/><E94/><V3/><F3/><T127/><D127/><U38/><E38/><V2/><F2/><T35/><D35/><U73/><E97/><V86/><F86/><AGARI ba="0,1" hai="56,62,67,79,82,86,116,117" m="51274,49162,30752" machi="86" ten="30,5800,0" yaku="19,1,20,1,52,1" doraHai="64" who="0" fromWho="2" sc="384,68,410,0,246,-58,0,0" /><INIT seed="4,1,0,5,4,118" ten="452,410,188,0" oya="0" hai0="127,116,52,95,98,111,92,96,77,85,56,1,67" hai1="59,130,112,54,82,102,107,99,2,135,128,124,68" hai2="41,66,3,79,109,91,132,80,61,55,40,43,126" hai3=""/><T33/><D33/><U101/><E2/><V44/><F3/><T37/><D1/><U84/><E68/><V0/><F0/><T94/><D37/><U72/><E135/><V48/><F132/><T131/><D116/><U73/><E124/><V121/><N who="2" m="31008" /><V65/><F126/><T36/><D36/><U69/><E69/><V38/><F91/><T104/><D67/><N who="2" m="25610" /><F80/><T133/><D133/><U122/><N who="1" m="31264" /><U87/><E102/><V50/><F79/><T75/><D75/><U89/><E112/><V74/><F74/><T123/><N who="0" m="31520" /><T93/><D127/><U81/><E73/><V57/><F109/><T76/><D111/><U39/><E39/><V105/><F105/><T60/><D104/><U32/><E32/><V63/><F63/><T100/><D131/><U125/><E125/><V70/><F70/><T117/><D117/><U134/><E134/><V119/><F119/><T71/><D71/><U86/><E130/><V47/><F38/><T114/><D114/><U97/><E128/><V49/><AGARI ba="1,0" hai="40,41,43,44,47,48,49,50,55,57,61" m="25610,31008" machi="49" ten="40,12000,3" yaku="8,1,35,5,52,2" doraHai="118" who="2" fromWho="2" sc="452,-81,410,-41,188,122,0,0" /><INIT seed="5,0,0,1,4,103" ten="371,369,310,0" oya="1" hai0="109,75,59,101,79,55,88,93,74,61,3,102,129" hai1="132,94,39,107,113,37,115,34,112,100,53,83,33" hai2="117,89,96,35,2,63,68,70,98,86,54,72,45" hai3=""/><U111/><E132/><V120/><N who="2" m="30752" /><V65/><F2/><T1/><D109/><U46/><E111/><V78/><F35/><N who="1" m="13321" /><E94/><V42/><F70/><T118/><D1/><U44/><E83/><V84/><F72/><T40/><D3/><U80/><E80/><V57/><F78/><T36/><D79/><U91/><E91/><V87/><F89/><T110/><D110/><U133/><E133/><V71/><F117/><T125/><D118/><U90/><E90/><V121/><N who="2" m="31008" /><V67/><F71/><T116/><D116/><U105/><E53/><V41/><F41/><T77/><D77/><U85/><E85/><V114/><F114/><T124/><D102/><U135/><E100/><V131/><F68/><T130/><D101/><U134/><E135/><V62/><F54/><T50/><D61/><U60/><E60/><V104/><F63/><T66/><D66/><U48/><E134/><V58/><F62/><T73/><D40/><U123/><N who="1" m="31520" /><U95/><E95/><V56/><F42/><T47/><D59/><U0/><E0/><V38/><F65/><T69/><D69/><U97/><E46/><V82/><F67/><T106/><D75/><U76/><E76/><V126/><F58/><T81/><D74/><RYUUKYOKU ba="0,0" sc="371,0,369,0,310,0,0,0" /><INIT seed="6,1,0,2,2,32" ten="371,369,310,0" oya="2" hai0="118,61,64,67,132,134,126,89,77,38,79,3,133" hai1="107,88,58,106,35,94,1,105,76,75,111,52,104" hai2="34,130,116,128,43,99,42,117,73,46,112,83,108" hai3=""/><V2/><F34/><T119/><D38/><U53/><E35/><V69/><F69/><T98/><D126/><U51/><E111/><V131/><F108/><T49/><D49/><U60/><E105/><V59/><F112/><T50/><D50/><U114/><E1/><V115/><F115/><T0/><D67/><U90/><E114/><V39/><F43/><T48/><D48/><U56/><REACH who="1" step="1"/><E94/><REACH who="1" ten="371,359,310,0" step="2"/><V103/><F2/><N who="0" m="554" /><D119/><U102/><E102/><V65/><F116/><T54/><D118/><U81/><AGARI ba="1,1" hai="51,52,53,56,58,60,75,76,81,88,90,104,106,107" machi="81" ten="40,6000,1" yaku="1,1,0,1,54,2,53,0" doraHai="32" doraHaiUra="97" who="1" fromWho="1" sc="371,-21,359,72,310,-41,0,0" owari="350,-5.0,431,38.0,269,-33.0,0,0.0" /></mjloggm>