<mjloggm ver="2.3"><GO type="169" lobby="0"/><UN n0="%EF%BC%81%E2%80%9D%EF%BC%83%EF%BC%84%EF%BC%85%EF%BC%86%E2%80%99%EF%BC%88" n1="%E9%BB%92%E8%A1%A3%E3%81%AE%E3%82%A4%E3%83%8A%E3%82%B8%E3%82%A7%E3%82%A4" n2="%74%6F%72%69%30%36%31%32" n3="%E9%81%8A%E8%B5%B0" dan="17,16,17,16" rate="2147.32,2130.78,2190.04,2161.02" sx="M,M,M,F"/><TAIKYOKU oya="0"/><INIT seed="0,0,0,5,2,68" ten="250,250,250,250" oya="0" hai0="31,110,89,107,128,123,27,82,16,19,77,38,108" hai1="95,92,116,0,56,64,81,130,29,67,79,28,112" hai2="11,7,13,99,58,117,105,4,104,72,126,133,32" hai3="88,54,6,111,33,100,60,5,45,21,85,80,118"/><T98/><D123/><U76/><E112/><V94/><F72/><W46/><G118/><T43/><D128/><U114/><E114/><V120/><F120/><W2/><G33/><T113/><D113/><U9/><E0/><V125/><F32/><W93/><G111/><N who="0" m="42539" /><D89/><U52/><E9/><V122/><F133/><W40/><G2/><T48/><D48/><U14/><E14/><V61/><F7/><W22/><G5/><T44/><D98/><U23/><E116/><V91/><F117/><W57/><G6/><T36/><D107/><U103/><E23/><V101/><F122/><W131/><G131/><T134/><D38/><U127/><E127/><N who="2" m="48651" /><F91/><W65/><G65/><AGARI ba="0,0" hai="4,11,13,58,61,65,94,99,101,104,105" m="48651" machi="65" ten="30,1000,0" yaku="18,1" doraHai="68" who="2" fromWho="3" sc="250,0,250,0,250,10,250,-10" /><INIT seed="1,0,0,1,5,127" ten="250,250,260,240" oya="1" hai0="46,32,125,7,131,25,28,74,5,6,47,126,10" hai1="77,66,79,92,67,130,40,117,100,17,70,119,128" hai2="124,88,122,133,72,84,69,19,60,65,113,53,97" hai3="27,31,101,23,3,42,85,33,71,93,35,54,134"/><U104/><E104/><V132/><F72/><W64/><G134/><N who="2" m="51817" /><F122/><W86/><G3/><T24/><D74/><U76/><E40/><V51/><F124/><N who="0" m="47722" /><D46/><U109/><E17/><V98/><F19/><W0/><G0/><N who="0" m="295" /><D47/><U36/><E36/><V110/><F110/><W78/><G42/><T4/><D25/><U90/><E100/><V103/><F103/><W41/><G41/><T68/><D68/><U59/><E59/><N who="2" m="33215" /><F113/><W94/><G54/><T34/><D32/><U57/><E57/><V39/><F39/><W58/><G71/><T18/><D18/><U61/><E67/><V62/><F62/><W29/><G101/><T118/><D118/><U82/><E82/><AGARI ba="0,0" hai="60,65,69,82,84,88,97,98" m="33215,51817" machi="82" ten="30,2000,0" yaku="20,1,54,1" doraHai="127" who="2" fromWho="1" sc="250,0,250,-20,260,20,240,0" /><INIT seed="2,0,0,5,2,88" ten="250,230,280,240" oya="2" hai0="30,10,72,33,128,102,24,80,65,71,60,0,34" hai1="52,58,133,86,40,127,83,106,13,3,35,123,39" hai2="47,51,112,113,19,45,25,43,120,15,70,53,98" hai3="103,122,107,8,50,61,109,4,92,66,131,2,81"/><V105/><F70/><W108/><G122/><T9/><D128/><U31/><E3/><V126/><F120/><W68/><G131/><T134/><D134/><U85/><E123/><V116/><F116/><W121/><G121/><T124/><D124/><U28/><E133/><V7/><F7/><W23/><G107/><T84/><D0/><U62/><E106/><V91/><F25/><W99/><G23/><T82/><D33/><U5/><E127/><V27/><F27/><W22/><G22/><T119/><D119/><U26/><E31/><V55/><F126/><W20/><G20/><T76/><REACH who="0" step="1"/><D102/><REACH who="0" ten="240,230,280,240" step="2"/><U132/><E132/><V114/><F113/><W104/><G104/><T111/><D111/><U14/><E5/><V96/><F105/><W64/><G64/><T1/><D1/><U37/><E40/><V44/><F114/><W38/><G38/><T117/><D117/><U57/><E35/><V42/><F112/><W100/><G100/><T59/><D59/><U67/><E58/><N who="2" m="33087" /><F55/><W32/><G32/><T94/><D94/><U129/><E129/><V46/><F91/><AGARI ba="0,1" hai="9,10,24,30,34,60,65,71,72,76,80,82,84,91" machi="91" ten="30,2000,0" yaku="1,1,7,1,53,0" doraHai="88" doraHaiUra="16" who="0" fromWho="2" sc="240,30,230,0,280,-20,240,0" /><INIT seed="3,0,0,1,0,73" ten="270,230,260,240" oya="3" hai0="19,80,78,81,17,26,93,126,96,23,24,86,0" hai1="118,10,121,41,123,103,132,56,122,29,98,120,116" hai2="53,50,70,115,95,74,127,85,131,129,47,63,130" hai3="88,99,83,107,44,72,32,87,114,128,133,4,13"/><W76/><G114/><T31/><D126/><U43/><E132/><V75/><F115/><W135/><G32/><T40/><D0/><U6/><E29/><V109/><F127/><W3/><G3/><T134/><D134/><N who="3" m="51209" /><G44/><T106/><D106/><U59/><N who="1" m="30720" /><DORA hai="92" /><U113/><E113/><V54/><F109/><W55/><G55/><T84/><D40/><N who="1" m="15435" /><E10/><V38/><F38/><W42/><G42/><T20/><D31/><U51/><E51/><V14/><F14/><W9/><G128/><T46/><D46/><U25/><E25/><V110/><F110/><W97/><G107/><T1/><D1/><U100/><E6/><V77/><F54/><W66/><G66/><T61/><D61/><U28/><E28/><V7/><F7/><W58/><G58/><N who="1" m="22058" /><E98/><V94/><F63/><W2/><G2/><T101/><D81/><AGARI ba="0,0" hai="4,9,13,72,76,81,83,87,88,97,99" m="51209" machi="81" ten="30,12000,1" yaku="20,1,52,3,54,1" doraHai="73,92" who="3" fromWho="0" sc="270,-120,230,0,260,0,240,120" /><INIT seed="3,1,0,0,0,102" ten="150,230,260,360" oya="3" hai0="34,105,100,58,37,31,16,116,28,75,101,123,99" hai1="87,59,90,117,84,133,127,111,79,70,110,50,32" hai2="66,103,113,4,118,83,21,68,81,129,36,29,14" hai3="48,125,49,26,120,46,8,106,11,3,71,40,122"/><W57/><G125/><T45/><D116/><U73/><E127/><V80/><F36/><W91/><G71/><T74/><D123/><U47/><E117/><V23/><F113/><W41/><G106/><T24/><D31/><U93/><E70/><V94/><F129/><W53/><G40/><T88/><D100/><U97/><E59/><V5/><F66/><W95/><G26/><T92/><D58/><U119/><E119/><V72/><F72/><W64/><G64/><T63/><D63/><U25/><E133/><V33/><F33/><W89/><G89/><T77/><D77/><U54/><E73/><V124/><F124/><W7/><REACH who="3" step="1"/><G11/><REACH who="3" ten="150,230,260,350" step="2"/><T96/><REACH who="0" step="1"/><D16/><REACH who="0" ten="140,230,260,350" step="2"/><U61/><E79/><V134/><F118/><W15/><G15/><T98/><D98/><AGARI ba="1,2" hai="3,7,8,41,46,48,49,53,57,91,95,98,120,122" machi="98" ten="30,2900,0" yaku="1,1,7,1,53,0" doraHai="102" doraHaiUra="115" who="3" fromWho="0" sc="140,-32,230,0,260,0,350,52" /><INIT seed="3,2,0,1,2,96" ten="108,230,260,402" oya="3" hai0="48,134,80,124,56,94,1,32,10,127,54,63,14" hai1="22,31,72,29,25,106,122,11,18,40,102,87,126" hai2="117,95,83,7,114,121,112,64,62,89,133,75,36" hai3="77,99,113,115,0,49,9,108,30,39,66,135,92"/><W42/><G135/><T125/><D1/><U110/><E122/><V79/><F36/><W118/><G118/><T71/><D134/><U81/><E72/><V8/><F117/><W100/><G108/><T37/><D32/><U51/><E110/><V33/><F33/><W27/><G77/><T13/><D37/><U61/><E61/><V107/><F107/><W67/><G39/><T104/><D104/><U2/><E126/><V120/><F133/><W116/><G116/><T103/><D80/><U44/><E11/><V12/><F121/><W78/><G78/><T97/><REACH who="0" step="1"/><D10/><REACH who="0" ten="98,230,260,402" step="2"/><U128/><E2/><V43/><F120/><W24/><G9/><T41/><D41/><U21/><E128/><V65/><F43/><W84/><G0/><T16/><D16/><U74/><E18/><V73/><F73/><W82/><G113/><T119/><D119/><U85/><E74/><V132/><F132/><W20/><G115/><T55/><D55/><U130/><E130/><V38/><F38/><W105/><G105/><T45/><D45/><U46/><E44/><V123/><F123/><W50/><G42/><T17/><D17/><U129/><E129/><V109/><F109/><W131/><G131/><T86/><D86/><U68/><E87/><N who="2" m="52671" /><F65/><AGARI ba="2,1" hai="13,14,48,54,56,63,65,71,94,97,103,124,125,127" machi="65" ten="40,5200,0" yaku="1,1,18,1,52,1,53,0" doraHai="96" doraHaiUra="15" who="0" fromWho="2" sc="98,68,230,0,260,-58,402,0" /><INIT seed="4,0,0,5,2,104" ten="166,230,202,402" oya="0" hai0="43,13,69,47,9,44,67,56,55,59,71,10,108" hai1="122,27,84,24,21,118,78,92,65,28,18,97,36" hai2="38,62,115,41,82,129,73,91,72,76,35,20,4" hai3="50,0,70,49,81,119,64,54,40,14,45,125,42"/><T48/><D108/><U120/><E118/><V5/><F115/><W109/><G119/><T124/><D124/><U1/><E1/><V131/><F35/><W30/><G0/><T46/><D9/><U66/><E36/><V100/><F100/><W79/><G109/><T15/><D15/><U103/><E122/><V34/><F34/><W113/><G113/><T61/><D13/><U121/><E121/><V90/><F62/><W105/><G105/><T53/><D10/><U117/><E117/><V16/><F41/><W134/><G125/><T32/><D32/><U63/><E63/><V96/><F38/><W19/><G134/><T99/><D99/><U87/><E120/><V110/><F73/><W33/><G50/><N who="0" m="30839" /><D69/><U127/><E127/><V68/><F68/><W22/><G70/><T107/><D107/><U26/><E28/><V57/><F57/><W88/><G64/><N who="1" m="24682" /><E78/><V86/><F96/><W2/><G2/><T102/><D102/><U60/><E60/><AGARI ba="0,0" hai="43,44,46,47,48,53,59,60,61,67,71" m="30839" machi="60" ten="30,12000,1" yaku="35,5" doraHai="104" who="0" fromWho="1" sc="166,120,230,-120,202,0,402,0" /><INIT seed="4,1,0,1,1,111" ten="286,110,202,402" oya="0" hai0="54,104,41,14,17,71,80,98,45,51,18,87,84" hai1="122,13,16,131,114,47,117,133,78,34,64,103,1" hai2="105,20,23,62,63,134,42,129,89,106,4,125,120" hai3="83,10,55,75,115,110,3,68,52,93,40,11,124"/><T132/><D71/><U90/><E117/><V59/><F120/><W73/><G68/><T102/><D132/><U15/><E133/><V97/><F134/><W56/><G110/><T22/><D18/><U50/><E122/><V123/><F123/><W48/><G124/><T109/><D109/><U2/><E15/><V57/><F42/><W112/><G93/><T82/><D87/><U5/><E131/><V127/><F4/><W9/><G3/><T74/><D74/><U33/><E103/><V37/><F37/><W126/><G126/><N who="2" m="48137" /><F89/><W72/><G83/><T21/><D21/><N who="2" m="8266" /><F97/><W118/><G118/><T25/><D14/><U108/><E108/><V66/><F129/><W76/><G76/><T60/><D84/><U101/><E101/><V113/><F113/><W85/><G85/><T27/><D27/><U116/><E78/><V8/><F8/><W6/><G6/><T35/><D35/><U135/><E116/><V107/><F66/><W65/><G65/><T119/><D119/><U77/><E64/><V12/><F12/><W49/><REACH who="3" step="1"/><G40/><REACH who="3" ten="286,110,202,392" step="2"/><T26/><D26/><U79/><E135/><V46/><F46/><AGARI ba="1,1" hai="9,10,11,46,48,49,52,55,56,72,73,75,112,115" machi="46" ten="50,8000,1" yaku="1,1,2,1,52,2,54,1,53,0" doraHai="111" doraHaiUra="70" who="3" fromWho="2" sc="286,0,110,0,202,-83,392,93" /><INIT seed="5,0,0,4,2,34" ten="286,110,119,485" oya="1" hai0="121,93,54,29,19,23,7,117,116,30,104,18,73" hai1="74,0,50,131,61,101,133,125,70,60,113,52,88" hai2="9,14,106,100,84,12,63,118,77,92,26,67,59" hai3="109,56,105,115,87,39,2,71,119,64,122,94,108"/><U85/><E113/><V86/><F106/><W68/><G122/><T22/><D104/><U75/><E133/><V55/><F118/><W32/><G32/><T40/><D73/><U58/><E131/><V83/><F26/><W111/><G115/><T103/><D40/><U15/><E125/><V126/><F126/><W5/><G39/><T66/><D66/><U79/><E101/><V80/><F67/><W24/><G105/><T99/><D121/><U8/><E0/><V20/><F20/><W128/><G128/><T37/><D37/><U129/><E129/><V124/><F124/><W10/><G119/><T13/><D7/><U90/><E90/><V28/><F28/><W114/><G114/><T3/><D3/><U132/><E132/><V110/><F110/><W53/><G24/><N who="0" m="14431" /><D117/><U11/><E11/><V1/><F1/><W127/><G127/><T130/><D116/><U107/><E107/><V62/><F62/><W45/><G45/><T49/><D130/><U95/><E70/><V69/><F69/><W4/><G4/><T65/><D65/><U41/><E41/><V76/><F9/><W98/><G87/><T6/><D6/><N who="1" m="3479" /><E75/><V25/><F25/><W81/><G64/><T35/><D35/><U33/><E33/><V120/><F120/><W17/><G17/><T27/><D27/><U78/><E74/><V46/><F46/><AGARI ba="0,0" hai="13,18,23,29,30,46,49,54,93,99,103" m="14431" machi="46" ten="30,1000,0" yaku="8,1" doraHai="34" who="0" fromWho="2" sc="286,10,110,0,119,-10,485,0" /><INIT seed="6,0,0,2,5,91" ten="296,110,109,485" oya="2" hai0="132,37,40,68,28,77,17,100,52,116,71,95,26" hai1="92,79,48,123,114,24,14,109,108,15,115,128,59" hai2="88,99,75,61,81,57,5,111,32,18,98,93,67" hai3="43,20,35,131,54,0,119,94,103,120,106,11,72"/><V58/><F32/><W16/><G35/><T51/><D132/><U47/><E128/><V34/><F34/><W60/><BYE who="2" /><G120/><T134/><D134/><U12/><E123/><V133/><F133/><W118/><G131/><T29/><D116/><U113/><E59/><V74/><F74/><W65/><G72/><UN n2="%74%6F%72%69%30%36%31%32" /><T49/><D77/><U121/><E121/><V36/><F36/><W64/><G43/><T8/><D37/><U83/><E24/><V38/><F38/><W90/><G103/><T135/><D135/><U86/><REACH who="1" step="1"/><E92/><REACH who="1" ten="296,100,109,485" step="2"/><N who="2" m="56583" /><F111/><W7/><G106/><T25/><D68/><U97/><E97/><V104/><F104/><W85/><G119/><T76/><D71/><U30/><E30/><V126/><F126/><W101/><G118/><T124/><D124/><U27/><E27/><V129/><F129/><W19/><G101/><T50/><D26/><U4/><E4/><V70/><F70/><W9/><G19/><T42/><D25/><U44/><E44/><V73/><F5/><W21/><G16/><T55/><D28/><U105/><E105/><V112/><F18/><W122/><G122/><T82/><D29/><U117/><E117/><V3/><F3/><W125/><G125/><T66/><D17/><U53/><AGARI ba="0,1" hai="12,14,15,47,48,53,79,83,86,108,109,113,114,115" machi="53" ten="40,5200,0" yaku="1,1,0,1,15,1,53,0" doraHai="91" doraHaiUra="69" who="1" fromWho="1" sc="296,-13,100,62,109,-26,485,-13" /><INIT seed="7,0,0,2,5,41" ten="283,162,83,472" oya="3" hai0="4,130,5,8,37,88,81,127,62,16,71,135,68" hai1="53,77,0,107,46,48,79,80,57,6,112,23,45" hai2="123,30,56,106,67,28,27,69,18,108,25,76,51" hai3="13,132,111,109,122,9,85,75,116,33,119,14,90"/><W121/><G75/><T61/><D37/><U35/><E35/><V66/><F108/><N who="3" m="41547" /><G33/><T26/><D127/><U118/><E107/><V133/><F106/><W60/><G60/><T72/><D130/><U97/><E112/><V82/><F69/><W110/><N who="3" m="41555" /><W131/><DORA hai="93" /><G131/><T128/><D128/><U91/><E0/><V55/><F123/><N who="3" m="47115" /><G85/><T44/><D72/><U58/><E6/><V115/><F133/><W31/><G90/><T38/><D135/><U83/><E58/><V102/><F102/><W21/><G132/><T129/><D129/><U24/><E83/><V2/><F2/><W32/><G32/><T98/><D81/><U49/><E57/><V94/><F94/><W50/><G50/><T92/><D62/><U10/><E49/><V99/><F115/><W78/><G78/><T64/><D68/><U86/><E79/><V120/><F120/><W11/><G31/><T7/><D38/><U87/><E77/><V95/><F30/><W101/><G101/><T114/><D114/><U103/><E48/><V22/><F82/><W54/><G54/><T63/><D63/><U113/><E53/><V70/><F76/><W36/><G21/><T117/><D117/><N who="3" m="45129" /><G36/><T84/><D84/><U12/><E86/><V43/><F70/><W100/><G100/><T73/><D73/><U59/><E87/><V124/><F124/><W134/><G134/><T126/><D126/><U74/><E80/><V40/><F95/><W125/><G125/><T20/><REACH who="0" step="1"/><D8/><AGARI ba="0,0" hai="8,9,11,13,14" m="45129,47115,41555" machi="8" ten="50,12000,1" yaku="28,2,10,1,34,2" doraHai="41,93" who="3" fromWho="0" sc="283,-120,162,0,83,0,472,120" owari="163,-4.0,162,-24.0,83,-42.0,592,70.0" /></mjloggm>