<mjloggm ver="2.3"><GO type="185" lobby="0"/><UN n0="%E5%8C%97%E5%B0%8F%E8%B7%AF%3A%E9%9A%86%E5%A4%AA" n1="%4E%45%47%49%54%53" n2="%E8%90%AC%E6%81%8B%E6%AC%A1%E9%83%8E" n3="" dan="16,18,17,0" rate="2213.60,2329.95,2278.69,1500.00" sx="M,F,M,C"/><TAIKYOKU oya="0"/><INIT seed="0,0,0,4,1,52" ten="350,350,350,0" oya="0" hai0="59,63,133,1,94,114,107,128,38,97,100,118,84" hai1="60,55,40,87,110,68,106,33,105,82,134,90,102" hai2="58,65,46,108,83,50,116,129,89,123,62,79,112" hai3=""/><T127/><D1/><U132/><E33/><V35/><N who="2" m="31520" /><V72/><F35/><T125/><D38/><U36/><E110/><V74/><F108/><T34/><D34/><U93/><E40/><V86/><F112/><T47/><D118/><U135/><E36/><V119/><F129/><T69/><D114/><U96/><REACH who="1" step="1"/><E55/><REACH who="1" ten="350,340,350,0" step="2"/><V39/><F39/><T122/><N who="0" m="31264" /><T77/><D127/><U66/><AGARI ba="0,1" hai="60,66,68,82,87,90,93,96,102,105,106,132,134,135" machi="66" ten="40,3900,0" yaku="1,1,0,1,20,1,53,0" doraHai="52" doraHaiUra="111" who="1" fromWho="1" sc="350,-26,340,49,350,-13,0,0" /><INIT seed="1,0,0,2,0,130" ten="324,389,337,0" oya="1" hai0="131,133,45,115,2,92,84,89,51,121,50,81,65" hai1="104,114,127,46,94,66,132,34,122,95,107,118,58" hai2="42,41,98,110,76,119,73,111,32,88,93,63,126" hai3=""/><U0/><N who="1" m="31264" /><U124/><E0/><V135/><F32/><T38/><N who="0" m="31008" /><T128/><D2/><U49/><E34/><V91/><F119/><T123/><N who="0" m="31520" /><T120/><N who="0" m="30752" /><T62/><D115/><U87/><E118/><V47/><F126/><N who="1" m="48169" /><E114/><V96/><F63/><T102/><D133/><U83/><E58/><V68/><F68/><T100/><D38/><U113/><E66/><V99/><F135/><T112/><D112/><U117/><E113/><V54/><F54/><T85/><D50/><U101/><E117/><V33/><F33/><T134/><D134/><U48/><E48/><V75/><F76/><T79/><D131/><U105/><E101/><V3/><F3/><T37/><D37/><U108/><E108/><V59/><F59/><T71/><REACH who="0" step="1"/><D128/><REACH who="0" ten="314,389,337,0" step="2"/><U69/><E132/><V53/><F110/><T40/><AGARI ba="0,1" hai="40,45,51,62,65,71,79,81,84,85,89,92,100,102" m="30752,31520,31008" machi="40" ten="20,12000,3" yaku="1,1,2,1,0,1,7,1,52,3,53,1" doraHai="130" doraHaiUra="77" who="0" fromWho="0" sc="314,130,389,-80,337,-40,0,0" /><INIT seed="2,0,0,3,4,77" ten="444,309,297,0" oya="2" hai0="102,103,50,33,108,93,3,57,0,64,71,99,37" hai1="56,112,85,120,54,82,118,125,101,44,41,100,92" hai2="34,89,74,113,69,80,127,97,128,48,58,66,123" hai3=""/><V98/><N who="2" m="31520" /><V49/><F34/><T46/><D33/><U73/><N who="1" m="30752" /><U114/><E73/><V115/><F127/><T132/><D108/><U68/><E68/><V119/><F119/><T105/><D132/><U65/><E125/><V90/><F128/><T121/><N who="0" m="31008" /><T81/><D81/><U40/><E65/><V116/><F116/><T88/><D103/><U38/><E40/><V63/><F90/><T53/><D71/><U1/><E1/><V95/><F98/><T107/><D107/><U52/><E54/><V32/><F32/><T39/><D39/><U110/><E110/><V130/><F130/><T59/><D59/><U67/><E67/><V42/><F48/><T122/><N who="0" m="31264" /><T135/><D135/><U70/><E70/><V60/><F80/><T124/><D124/><U62/><E118/><V2/><F74/><T35/><D35/><U72/><E72/><V43/><F2/><T83/><D83/><U86/><E101/><V94/><F94/><T79/><D79/><U78/><E100/><V55/><REACH who="2" step="1"/><F49/><REACH who="2" ten="444,309,287,0" step="2"/><T47/><D0/><U106/><E106/><V117/><F117/><T133/><D3/><U129/><E129/><V45/><F45/><T75/><D46/><U126/><E126/><RYUUKYOKU ba="0,1" sc="444,-20,309,10,287,10,0,0" hai1="38,41,44,52,56,62,78,82,85,86,92,112,114" hai2="42,43,55,58,60,63,66,69,89,95,97,113,115" /><INIT seed="2,1,1,5,4,113" ten="424,319,297,0" oya="2" hai0="47,45,105,104,72,63,86,54,88,56,103,38,125" hai1="37,68,123,1,60,70,89,118,92,121,115,57,59" hai2="132,74,116,131,117,82,41,126,71,106,108,76,129" hai3=""/><V34/><RYUUKYOKU type="yao9" ba="1,1" sc="424,0,319,0,297,0,0,0" hai2="34,41,71,74,76,82,106,108,116,117,126,129,131,132" /><INIT seed="2,2,1,4,1,128" ten="424,319,297,0" oya="2" hai0="98,114,106,88,69,47,126,91,52,58,82,68,79" hai1="53,44,85,39,124,45,46,104,42,86,55,130,0" hai2="76,125,3,110,92,64,57,115,84,54,49,117,43" hai3=""/><V113/><F3/><T111/><D111/><U90/><E0/><V118/><F110/><T102/><D114/><U70/><E104/><V60/><F125/><T40/><D126/><U123/><N who="1" m="31520" /><U89/><E124/><V66/><F76/><T122/><N who="0" m="31264" /><T81/><D68/><U135/><E70/><V94/><F66/><T116/><D69/><U101/><E101/><V93/><F84/><T62/><D116/><U63/><E130/><V41/><F41/><T120/><N who="0" m="30752" /><T35/><D35/><U74/><E74/><V80/><F80/><T107/><D107/><U32/><E32/><V97/><F43/><T75/><D82/><U51/><E135/><V127/><F97/><T108/><D108/><U112/><E112/><V34/><F34/><T129/><D129/><U67/><E67/><V96/><F127/><T95/><D106/><U59/><E46/><V73/><F73/><T87/><D75/><U50/><E39/><AGARI ba="2,1" hai="39,40,47,52,58,62,79,81,87,88,91,95,98,102" m="30752,31264" machi="39" ten="30,8000,1" yaku="7,1,52,2,54,2" doraHai="128" who="0" fromWho="1" sc="424,94,319,-84,297,0,0,0" /><INIT seed="4,0,0,4,2,99" ten="518,235,297,0" oya="0" hai0="43,51,75,105,107,0,95,108,77,89,38,3,129" hai1="58,93,102,59,67,41,33,86,130,82,79,126,36" hai2="37,49,132,125,90,83,63,123,76,54,57,100,120" hai3=""/><T32/><D32/><U103/><E33/><V111/><N who="2" m="30752" /><V73/><N who="2" m="31520" /><V34/><F34/><T50/><D38/><U40/><E126/><V35/><F35/><T1/><D108/><U65/><E130/><V70/><F111/><T55/><D129/><U61/><E36/><V47/><F125/><T74/><D43/><N who="1" m="16459" /><E93/><V118/><F118/><T115/><D115/><U104/><E104/><V113/><F113/><T121/><N who="0" m="31008" /><T62/><D107/><U96/><E96/><V133/><F100/><N who="1" m="38441" /><E59/><V101/><F101/><T45/><D105/><U119/><E119/><V69/><F37/><T88/><D95/><U97/><E97/><V106/><F106/><T81/><D1/><U53/><AGARI ba="0,0" hai="53,58,61,65,67,79,82,86" m="38441,16459" machi="53" ten="30,5900,0" yaku="8,1,52,3" doraHai="99" who="1" fromWho="1" sc="518,-39,235,59,297,-20,0,0" /><INIT seed="5,0,0,3,0,107" ten="479,294,277,0" oya="1" hai0="46,70,100,96,76,94,54,37,58,112,86,77,63" hai1="50,75,130,68,51,131,85,91,36,105,127,102,1" hai2="134,109,74,69,64,97,34,115,83,59,128,3,47" hai3=""/><U135/><E36/><V42/><F3/><T126/><D112/><U55/><E1/><V89/><F34/><T65/><D126/><U45/><E68/><V49/><F109/><T61/><REACH who="0" step="1"/><D86/><REACH who="0" ten="469,294,277,0" step="2"/><U104/><E127/><V101/><F115/><T41/><AGARI ba="0,1" hai="37,41,46,54,58,61,63,65,70,76,77,94,96,100" machi="41" ten="30,5900,0" yaku="1,1,2,1,0,1,53,1" doraHai="107" doraHaiUra="52" who="0" fromWho="0" sc="469,69,294,-39,277,-20,0,0" /><INIT seed="6,0,0,1,3,61" ten="538,255,257,0" oya="2" hai0="49,112,135,57,34,65,93,109,117,86,101,114,85" hai1="108,71,94,0,99,53,73,95,118,78,84,43,97" hai2="59,52,69,70,119,113,126,90,42,130,103,129,106" hai3=""/><V40/><F119/><T98/><D34/><U82/><E0/><V88/><F126/><T60/><D117/><U39/><E118/><V56/><F113/><N who="0" m="43626" /><D109/><U63/><E108/><V116/><F116/><T74/><D74/><U120/><N who="1" m="30752" /><U131/><E131/><N who="2" m="50187" /><F103/><T124/><D124/><U66/><E43/><N who="2" m="16427" /><F106/><T111/><D111/><U37/><E73/><V104/><F104/><T122/><N who="0" m="31264" /><T105/><D135/><U36/><E53/><V77/><F77/><T76/><D76/><U46/><E46/><V54/><F54/><T132/><D132/><U92/><AGARI ba="0,0" hai="36,37,39,63,66,71,78,82,84,92,94,95,97,99" m="30752" machi="92" ten="40,3900,0" yaku="0,1,52,2" doraHai="61" who="1" fromWho="1" sc="538,-13,255,39,257,-26,0,0" owari="525,48.0,294,-11.0,231,-37.0,0,0.0" /></mjloggm>