<mjloggm ver="2.3"><GO type="185" lobby="0"/><UN n0="%E3%81%A0%E3%81%83" n1="%4E%45%47%49%54%53" n2="%E3%82%82%E3%82%8D%E3%82%86%E3%81%86" n3="" dan="16,18,16,0" rate="2147.28,2328.85,2089.61,1500.00" sx="M,F,M,C"/><TAIKYOKU oya="0"/><INIT seed="0,0,0,2,2,81" ten="350,350,350,0" oya="0" hai0="45,52,107,62,61,49,38,67,133,95,65,79,82" hai1="101,54,64,72,63,93,94,90,104,100,2,69,124" hai2="0,103,51,111,55,35,99,118,135,3,91,134,129" hai3=""/><T36/><D107/><U46/><E2/><V71/><F35/><T70/><D95/><U87/><E72/><V83/><F71/><T41/><D133/><N who="2" m="50698" /><F118/><T32/><D32/><U112/><E112/><V105/><F129/><T77/><D77/><U56/><E124/><V50/><F111/><T80/><D80/><U47/><E104/><V73/><F50/><T121/><N who="0" m="31008" /><T75/><REACH who="0" step="1"/><D41/><REACH who="0" ten="340,350,350,0" step="2"/><U53/><E94/><V106/><F106/><T68/><AGARI ba="0,1" hai="36,38,45,49,52,61,62,65,67,68,70,75,79,82" m="31008" machi="68" ten="20,16000,3" yaku="1,1,2,1,0,1,7,1,9,1,52,1,54,1,53,1" doraHai="81" doraHaiUra="76" who="0" fromWho="0" sc="340,170,350,-80,350,-80,0,0" /><INIT seed="0,1,0,4,2,72" ten="510,270,270,0" oya="0" hai0="36,107,78,103,104,110,2,3,86,114,120,54,119" hai1="131,106,132,47,41,81,75,60,90,40,49,1,56" hai2="42,64,80,68,70,91,69,105,33,82,71,53,133" hai3=""/><T61/><N who="0" m="30752" /><T63/><D119/><U111/><E1/><V45/><N who="2" m="17408" /><DORA hai="37" /><V38/><F64/><T52/><D114/><U109/><E106/><V39/><F33/><T96/><D107/><U128/><E132/><V97/><F133/><T101/><D101/><U126/><E126/><V135/><F135/><T46/><D110/><N who="1" m="41995" /><E90/><V51/><F38/><T98/><D98/><U122/><N who="1" m="31264" /><U93/><E93/><V79/><F105/><T102/><D102/><U67/><E81/><V134/><F134/><T92/><D104/><U116/><E75/><V88/><F97/><T32/><D32/><U125/><E125/><V59/><REACH who="2" step="1"/><F82/><REACH who="2" ten="510,270,260,0" step="2"/><T94/><D3/><U74/><E116/><V83/><F83/><T66/><D2/><U130/><E74/><AGARI ba="1,1" hai="39,42,45,51,53,59,74,79,80,88,91" m="17408" machi="74" ten="70,8000,1" yaku="1,1,52,2,54,1,53,1" doraHai="72,37" doraHaiUra="48,127" who="2" fromWho="1" sc="510,0,270,-82,260,92,0,0" /><INIT seed="1,0,0,4,2,129" ten="510,188,352,0" oya="1" hai0="43,53,64,131,104,102,85,94,54,71,59,118,32" hai1="96,83,38,121,108,125,101,51,88,70,115,92,40" hai2="135,120,74,116,56,76,81,2,130,49,60,52,63" hai3=""/><U1/><N who="1" m="31008" /><U91/><E70/><V124/><N who="2" m="30752" /><V35/><F130/><T58/><D131/><U68/><E1/><V89/><F2/><T111/><D32/><U39/><E68/><V123/><N who="2" m="31520" /><V34/><F116/><T93/><D118/><U87/><E115/><V69/><F124/><T36/><D111/><U66/><E125/><V90/><F135/><T0/><D0/><U41/><E66/><V48/><F48/><T110/><D110/><U3/><E3/><V80/><F63/><T50/><D104/><U114/><E114/><V45/><F69/><T95/><D102/><U127/><E127/><V113/><F113/><T117/><D117/><U75/><E108/><V33/><REACH who="2" step="1"/><F81/><REACH who="2" ten="510,188,342,0" step="2"/><T134/><D134/><U133/><E133/><V55/><AGARI ba="0,1" hai="33,34,35,45,49,52,55,56,60,74,76,80,89,90" m="31520,30752" machi="55" ten="30,9000,2" yaku="1,1,2,1,0,1,52,2,54,1,53,0" doraHai="129" doraHaiUra="62" who="2" fromWho="2" sc="510,-30,188,-60,342,100,0,0" /><INIT seed="2,0,0,3,5,126" ten="480,128,442,0" oya="2" hai0="50,39,56,43,33,52,83,81,67,64,1,87,86" hai1="75,121,36,57,115,59,102,96,69,68,113,107,65" hai2="62,80,42,132,46,89,78,127,110,35,100,103,32" hai3=""/><V47/><F127/><T124/><D124/><U51/><N who="1" m="31008" /><U98/><E75/><V111/><F132/><T76/><D33/><U45/><E36/><V101/><F89/><T70/><D70/><U116/><E116/><V37/><F62/><T38/><D1/><U48/><E45/><V125/><F125/><T77/><D43/><U108/><E102/><V91/><F91/><T58/><D67/><U122/><N who="1" m="31264" /><U130/><E65/><V82/><F46/><T119/><D119/><U109/><E107/><V49/><F37/><T133/><D133/><U134/><E134/><V85/><REACH who="2" step="1"/><F80/><REACH who="2" ten="480,128,432,0" step="2"/><T94/><D38/><U99/><E99/><V118/><F118/><T104/><D39/><U106/><REACH who="1" step="1"/><E106/><REACH who="1" ten="480,118,432,0" step="2"/><V63/><F63/><T34/><D104/><U90/><E90/><V131/><F131/><AGARI ba="0,2" hai="48,51,57,59,68,69,96,98,108,109,113,115,130,131" m="31264,31008" machi="131" ten="25,16000,3" yaku="1,1,22,2,52,4,53,2" doraHai="126" doraHaiUra="54" who="1" fromWho="2" sc="480,0,118,180,432,-160,0,0" /><INIT seed="4,0,0,4,4,97" ten="480,298,272,0" oya="0" hai0="38,0,61,122,109,44,120,91,128,51,117,82,111" hai1="59,84,98,62,103,118,64,32,41,130,92,96,102" hai2="125,46,114,95,56,100,121,72,1,115,60,134,49" hai3=""/><T101/><N who="0" m="30752" /><T54/><N who="0" m="31264" /><T93/><D117/><U71/><E32/><V123/><N who="2" m="31008" /><V45/><N who="2" m="31520" /><V50/><F1/><T89/><D0/><U40/><E118/><V81/><F72/><T65/><D38/><U57/><E130/><V104/><F104/><T113/><D113/><N who="2" m="43018" /><F81/><T52/><D128/><U73/><E73/><V80/><F80/><T2/><D2/><U107/><E84/><V85/><F85/><T127/><D127/><U124/><E124/><V135/><F95/><T129/><D129/><U42/><AGARI ba="0,0" hai="40,41,42,57,59,62,64,71,92,96,98,102,103,107" machi="42" ten="30,3000,0" yaku="0,1,52,2" doraHai="97" who="1" fromWho="1" sc="480,-20,298,30,272,-10,0,0" /><INIT seed="5,0,0,1,3,42" ten="460,328,262,0" oya="1" hai0="110,97,56,34,123,49,71,90,46,91,72,127,44" hai1="113,66,38,111,77,89,65,88,128,119,126,57,80" hai2="50,95,87,112,47,75,133,104,35,134,32,62,120" hai3=""/><U125/><E119/><V106/><N who="2" m="30752" /><V129/><F75/><T2/><N who="0" m="31520" /><T101/><D71/><U92/><E38/><V114/><F129/><T103/><D72/><U96/><E128/><V116/><F116/><T53/><D34/><N who="2" m="12842" /><F95/><T100/><D110/><U93/><E111/><V36/><F36/><T41/><D127/><N who="1" m="48651" /><E57/><V51/><F87/><T39/><D2/><U63/><E63/><V86/><F86/><T40/><REACH who="0" step="1"/><D97/><REACH who="0" ten="450,328,262,0" step="2"/><U98/><E113/><N who="2" m="43627" /><F62/><AGARI ba="0,1" hai="39,40,41,44,46,49,53,56,62,90,91,100,101,103" m="31520" machi="62" ten="40,8000,1" yaku="1,1,52,3,53,0" doraHai="42" doraHaiUra="81" who="0" fromWho="2" sc="450,90,328,0,262,-80,0,0" /><INIT seed="6,0,0,3,1,0" ten="540,328,182,0" oya="2" hai0="32,37,34,112,77,94,83,50,119,53,46,114,100" hai1="79,96,47,80,76,64,95,127,113,124,43,78,61" hai2="48,106,128,68,86,87,126,134,135,35,109,99,44" hai3=""/><V45/><F35/><T60/><D119/><U56/><E113/><N who="0" m="43625" /><D37/><U71/><E71/><V40/><F68/><T41/><D100/><U63/><E63/><V89/><F109/><T110/><D94/><U66/><E66/><V72/><F72/><T84/><D110/><U52/><E64/><V103/><F128/><T42/><D42/><U1/><E1/><V90/><F126/><N who="1" m="48169" /><E80/><V93/><REACH who="2" step="1"/><F45/><REACH who="2" ten="540,328,172,0" step="2"/><T58/><AGARI ba="0,1" hai="32,34,41,46,50,53,58,60,77,83,84" m="43625" machi="58" ten="30,5900,0" yaku="15,1,11,1,52,2" doraHai="0" who="0" fromWho="0" sc="540,69,328,-20,172,-39,0,0" owari="609,56.0,308,-9.0,133,-47.0,0,0.0" /></mjloggm>