<mjloggm ver="2.3"><GO type="169" lobby="0"/><UN n0="%E3%81%84%E3%81%97%E3%81%A5%E3%81%8B" n1="%E3%81%84%E3%81%84%E3%81%9E" n2="%E7%89%87%E5%B2%A1%E7%AF%A4%E5%8F%B2" n3="%E3%83%9C%E3%83%9E%E3%83%BC" dan="17,17,17,16" rate="2170.62,2150.59,2150.69,2217.58" sx="M,M,M,M"/><TAIKYOKU oya="0"/><INIT seed="0,0,0,5,5,39" ten="250,250,250,250" oya="0" hai0="41,74,133,93,97,53,130,101,63,50,4,131,55" hai1="100,65,84,33,103,9,7,128,38,117,111,102,10" hai2="14,67,30,6,27,79,64,69,132,112,94,23,87" hai3="36,122,16,2,51,47,25,13,72,66,89,109,21"/><T98/><D133/><U73/><E117/><V40/><F112/><W5/><G36/><T18/><D74/><U135/><E73/><V46/><F69/><W17/><G72/><T45/><D4/><U113/><E33/><V86/><F132/><W108/><G66/><T20/><D97/><U19/><E113/><V48/><F87/><W95/><G5/><T115/><D115/><U116/><E116/><V81/><F94/><W11/><G2/><T3/><D3/><U125/><E65/><V77/><F77/><W59/><G59/><T22/><D22/><U104/><E104/><V121/><F121/><W58/><G58/><T61/><D130/><U83/><E38/><V88/><F88/><W57/><G57/><T126/><D126/><U99/><E99/><V127/><F127/><W80/><G122/><T129/><D129/><U49/><E125/><V68/><F68/><W105/><G105/><T62/><REACH who="0" step="1"/><D131/><REACH who="0" ten="240,250,250,250" step="2"/><U90/><E128/><V52/><REACH who="2" step="1"/><F52/><REACH who="2" ten="240,250,240,250" step="2"/><W29/><G108/><T8/><D8/><AGARI ba="0,2" hai="6,8,14,23,27,30,40,46,48,64,67,79,81,86" machi="8" ten="40,12000,2" yaku="1,1,2,1,25,2,8,1,52,1,53,0" doraHai="39" doraHaiUra="123" who="2" fromWho="0" sc="240,-120,250,0,240,140,250,0" /><INIT seed="1,0,0,1,4,80" ten="120,250,380,250" oya="1" hai0="26,125,23,44,119,31,128,59,0,68,62,28,16" hai1="109,56,34,107,135,52,35,121,24,134,81,90,83" hai2="124,7,93,108,55,33,132,116,85,21,130,65,5" hai3="13,104,76,10,47,105,19,117,66,94,30,48,49"/><U37/><E121/><V77/><F116/><W27/><G117/><T73/><D125/><U43/><E107/><V118/><F108/><W70/><G49/><T75/><D128/><U67/><E67/><V92/><F33/><W51/><G51/><T64/><D0/><U111/><E43/><V61/><F118/><W17/><G17/><T45/><D119/><U25/><E37/><V74/><F74/><W15/><G15/><T36/><D68/><U38/><E38/><V95/><F132/><N who="1" m="50729" /><E35/><V126/><F55/><W91/><G76/><T54/><D44/><U41/><E41/><V122/><F122/><W58/><G70/><T98/><D75/><U71/><E71/><V84/><F77/><W14/><G14/><T112/><D73/><U11/><E11/><V82/><F82/><N who="1" m="31241" /><E90/><V86/><F21/><W96/><G66/><T88/><D112/><U22/><E34/><V39/><F39/><W4/><G58/><T57/><D45/><U89/><E89/><V110/><F130/><W87/><G96/><T78/><D78/><U63/><E25/><V69/><REACH who="2" step="1"/><F110/><REACH who="2" ten="120,250,370,250" step="2"/><N who="1" m="41993" /><E24/><V106/><F106/><W99/><G105/><T129/><D36/><U32/><E32/><V8/><F8/><W72/><G104/><T131/><D131/><U29/><E22/><V9/><F9/><W46/><G10/><T50/><D129/><U102/><E29/><V2/><F2/><W114/><G30/><T133/><D133/><U60/><E60/><V6/><AGARI ba="0,1" hai="5,6,7,61,65,69,84,85,86,92,93,95,124,126" machi="6" ten="40,12000,2" yaku="1,1,0,1,29,2,52,3,53,0" doraHai="80" doraHaiUra="115" who="2" fromWho="2" sc="120,-30,250,-60,370,130,250,-30" /><INIT seed="2,0,0,0,3,126" ten="90,190,500,220" oya="2" hai0="19,129,8,27,24,128,96,84,1,116,74,81,79" hai1="56,133,100,121,51,70,2,115,104,125,33,35,58" hai2="65,98,103,52,86,6,89,90,132,12,78,117,42" hai3="120,88,131,32,54,49,0,114,16,111,43,23,48"/><V67/><F117/><W68/><G32/><T14/><D116/><U101/><E70/><V40/><F78/><W85/><G68/><T105/><D1/><U93/><E121/><V53/><F132/><W17/><G0/><T91/><D105/><U41/><E115/><V36/><F36/><W22/><G120/><T82/><D96/><U37/><E2/><V69/><F69/><W94/><G111/><T135/><D135/><U39/><E104/><V10/><F98/><W71/><G71/><T119/><D119/><U109/><E109/><V77/><F77/><W29/><G114/><T57/><D57/><U3/><E3/><V134/><F103/><W73/><G73/><T62/><D62/><U21/><E21/><V61/><F61/><W118/><G118/><T25/><AGARI ba="0,0" hai="8,14,19,24,25,27,74,79,81,82,84,91,128,129" machi="25" ten="30,4000,0" yaku="0,1,52,2" doraHai="126" who="0" fromWho="0" sc="90,40,190,-10,500,-20,220,-10" /><INIT seed="3,0,0,1,1,60" ten="130,180,480,210" oya="3" hai0="36,73,54,28,74,81,127,42,69,132,85,49,1" hai1="101,56,79,4,5,11,98,48,22,64,15,135,7" hai2="134,16,20,110,43,65,112,57,27,108,94,88,104" hai3="6,76,23,31,8,129,19,45,102,92,66,116,2"/><W125/><G116/><T24/><D127/><U52/><E135/><V62/><F104/><W53/><G125/><T113/><D1/><U26/><E79/><V121/><F134/><W105/><G105/><T95/><D132/><U133/><E133/><V119/><F119/><W97/><G129/><T46/><D95/><U18/><REACH who="1" step="1"/><E64/><REACH who="1" ten="130,170,480,210" step="2"/><V100/><F112/><W63/><G76/><T35/><D113/><U120/><E120/><V130/><F121/><W103/><G31/><T33/><D69/><U68/><E68/><V90/><F130/><W55/><G103/><T114/><D114/><U91/><E91/><V99/><F43/><W80/><G45/><T124/><D124/><U32/><E32/><V75/><F75/><W38/><G38/><T50/><D35/><U72/><E72/><V83/><F83/><W59/><REACH who="3" step="1"/><G80/><REACH who="3" ten="130,170,480,200" step="2"/><T44/><D36/><U0/><E0/><V61/><F100/><W106/><G106/><AGARI ba="0,2" hai="4,5,7,11,15,18,22,26,48,52,56,98,101,106" machi="106" ten="30,3900,0" yaku="1,1,7,1,54,1,53,0" doraHai="60" doraHaiUra="82" who="1" fromWho="3" sc="130,0,170,59,480,0,200,-39" /><INIT seed="4,0,0,3,3,83" ten="130,229,480,161" oya="0" hai0="40,102,135,89,61,88,3,105,10,90,104,130,100" hai1="49,131,29,55,96,71,125,64,23,20,51,122,8" hai2="19,12,9,13,65,0,56,45,33,54,36,87,7" hai3="82,127,75,43,69,26,17,6,4,25,124,116,18"/><T126/><D40/><U28/><E122/><V91/><F33/><W14/><G69/><T121/><D3/><U86/><E125/><N who="3" m="48202" /><G43/><T132/><D126/><U31/><E131/><V47/><F65/><W101/><G75/><T1/><D1/><U5/><E96/><V112/><F0/><W39/><G101/><N who="0" m="39019" /><D10/><U53/><E64/><V84/><F112/><W76/><G82/><T133/><D61/><U85/><E71/><V114/><F36/><W93/><G93/><T52/><D52/><N who="1" m="20043" /><E8/><N who="2" m="4127" /><F114/><W72/><G76/><T99/><D99/><U119/><E5/><N who="3" m="2154" /><G72/><T70/><D70/><U24/><E119/><V37/><F91/><N who="0" m="34890" /><D121/><U11/><E11/><V41/><F41/><W117/><G39/><T97/><D130/><U2/><E2/><V58/><F37/><W66/><G66/><T59/><D59/><N who="2" m="22570" /><F54/><W73/><G73/><T50/><D50/><N who="1" m="18955" /><E24/><N who="3" m="9322" /><G14/><T48/><D48/><U128/><E128/><V106/><F106/><W22/><G22/><AGARI ba="0,0" hai="20,22,23,28,29,31,85,86" m="18955,20043" machi="22" ten="30,12000,2" yaku="28,2,8,1,52,2,54,1" doraHai="83" who="1" fromWho="3" sc="130,0,229,120,480,0,161,-120" /><INIT seed="5,0,0,3,5,77" ten="130,349,480,41" oya="1" hai0="66,65,92,132,129,7,82,91,119,88,135,86,16" hai1="11,28,133,100,79,0,49,54,85,96,115,76,12" hai2="58,103,104,120,20,99,27,55,89,36,126,113,33" hai3="61,13,125,15,69,34,42,97,87,81,10,3,22"/><U74/><E74/><V43/><F120/><W101/><G34/><T75/><D119/><U47/><E133/><N who="0" m="51273" /><D129/><U130/><E115/><V8/><F33/><W80/><G3/><T93/><D7/><U56/><E130/><V14/><F126/><W57/><G69/><T107/><D107/><U127/><E127/><V94/><F36/><W63/><G125/><T71/><D71/><U17/><E0/><V2/><F43/><W41/><G87/><N who="0" m="52255" /><D16/><U134/><E134/><V30/><F2/><W131/><G131/><T78/><AGARI ba="0,0" hai="65,66,75,78,82,86,91,93" m="52255,51273" machi="78" ten="30,4000,0" yaku="20,1,52,1,54,1" doraHai="77" who="0" fromWho="0" sc="130,40,349,-20,480,-10,41,-10" /><INIT seed="6,0,0,4,1,98" ten="170,329,470,31" oya="2" hai0="94,128,79,36,62,125,91,100,27,17,44,99,18" hai1="3,10,43,13,71,31,33,114,28,133,111,65,101" hai2="76,1,64,56,57,85,129,86,103,30,53,87,50" hai3="77,122,25,123,9,54,112,22,37,21,69,72,42"/><V74/><F1/><W32/><G69/><T120/><D120/><U131/><E43/><V5/><F129/><W88/><G72/><T61/><D79/><U132/><E65/><V126/><F126/><W105/><G105/><T93/><D128/><U67/><E67/><V66/><F5/><W14/><G77/><T20/><D125/><U48/><E71/><V59/><F30/><W6/><G112/><T109/><D109/><U83/><E48/><V102/><F74/><W29/><G37/><T124/><D124/><U113/><E83/><V15/><F76/><W4/><G42/><T134/><D134/><N who="1" m="51819" /><E131/><V92/><F15/><W41/><G41/><T8/><D44/><U55/><E55/><V104/><F104/><W0/><G54/><T108/><D108/><U90/><E90/><V95/><F64/><W89/><G88/><T12/><D36/><U58/><E58/><N who="2" m="33079" /><F66/><W119/><G89/><T16/><D18/><U84/><E84/><AGARI ba="0,0" hai="8,12,16,17,20,27,61,62,84,91,93,94,99,100" machi="84" ten="30,7700,0" yaku="7,1,8,1,52,1,54,1" doraHai="98" who="0" fromWho="1" sc="170,77,329,-77,470,0,31,0" /><INIT seed="7,0,0,1,0,18" ten="247,252,470,31" oya="3" hai0="115,127,91,93,105,55,67,63,49,32,116,47,45" hai1="95,66,1,37,64,111,8,129,4,109,62,41,58" hai2="97,24,77,23,89,75,113,61,31,53,73,0,17" hai3="131,122,60,132,84,72,13,59,71,10,120,51,101"/><W26/><G72/><T81/><D116/><U121/><E121/><V86/><F0/><W35/><G132/><T106/><D32/><U68/><E129/><V123/><F113/><W114/><G131/><T126/><D115/><U96/><E37/><V3/><F3/><W90/><G114/><T133/><D133/><U12/><E41/><V21/><F77/><W87/><G101/><T70/><D81/><U92/><E92/><V15/><F97/><W103/><G103/><T94/><D47/><U39/><E39/><V125/><F125/><N who="0" m="47626" /><D93/><U65/><E1/><V135/><F123/><W34/><G71/><T134/><D134/><U52/><REACH who="1" step="1"/><E68/><REACH who="1" ten="247,242,470,31" step="2"/><V130/><F130/><W50/><G26/><T100/><D100/><AGARI ba="0,1" hai="4,8,12,52,58,62,64,65,66,95,96,100,109,111" machi="100" ten="40,5200,0" yaku="1,1,2,1,54,1,53,0" doraHai="18" doraHaiUra="128" who="1" fromWho="0" sc="247,-52,242,62,470,0,31,0" owari="195,-20.0,304,10.0,470,57.0,31,-47.0" /></mjloggm>