<mjloggm ver="2.3"><GO type="169" lobby="0"/><UN n0="%53%63%61%6E%64%61%6C" n1="%E8%8A%B1%E6%BE%A4%E3%83%91%E3%82%AF%E3%83%81%E3%83%BC" n2="%6B%6F%6B%6F%72%6F%6E%69" n3="%68%69" dan="16,16,16,16" rate="2143.43,2090.32,2149.24,2069.81" sx="M,M,M,M"/><TAIKYOKU oya="0"/><INIT seed="0,0,0,1,1,5" ten="250,250,250,250" oya="0" hai0="125,8,71,118,67,108,11,121,4,38,112,57,79" hai1="92,63,60,18,43,75,12,122,64,31,86,10,113" hai2="100,114,27,128,30,16,104,46,66,99,111,131,35" hai3="124,28,133,44,74,123,26,94,17,85,61,6,47"/><T126/><D71/><U19/><E122/><V120/><F114/><W70/><G74/><T117/><D38/><U20/><E75/><V7/><F120/><W29/><G29/><T95/><D121/><U21/><E113/><V23/><F111/><W41/><G17/><T135/><D79/><U40/><E31/><V88/><F46/><W78/><G44/><T36/><D36/><U127/><E127/><N who="0" m="48649" /><D112/><U13/><E10/><N who="0" m="3625" /><D4/><U69/><REACH who="1" step="1"/><E60/><REACH who="1" ten="250,240,250,250" step="2"/><V9/><F131/><W51/><G61/><N who="0" m="38319" /><D108/><U15/><E15/><V39/><F128/><W55/><G123/><T81/><D135/><U98/><E98/><V93/><F99/><W109/><G133/><T59/><D81/><U54/><E54/><V42/><F42/><W134/><G55/><T52/><D95/><U130/><E130/><V103/><F66/><W49/><G94/><T89/><D89/><AGARI ba="0,1" hai="12,13,18,19,20,21,40,43,63,64,69,86,89,92" machi="89" ten="40,8000,1" yaku="1,1,9,1,53,2" doraHai="5" doraHaiUra="37" who="1" fromWho="0" sc="250,-80,240,90,250,0,250,0" /><INIT seed="1,0,0,0,0,43" ten="170,330,250,250" oya="1" hai0="19,135,124,3,2,49,91,25,30,69,45,78,39" hai1="110,31,103,20,123,126,61,76,34,56,17,59,18" hai2="119,83,4,28,21,16,88,40,12,8,96,97,94" hai3="130,50,82,71,66,75,129,64,7,70,133,14,29"/><U53/><E123/><V99/><F119/><W79/><G133/><T23/><D69/><U15/><E126/><V108/><F108/><W9/><G29/><T101/><D124/><U98/><E110/><V5/><F5/><W121/><G121/><T68/><D68/><N who="3" m="26153" /><G50/><T92/><D39/><U131/><E131/><AGARI ba="0,0" hai="7,9,14,64,66,75,79,82,129,130,131" m="26153" machi="131" ten="30,1000,0" yaku="19,1" doraHai="43" who="3" fromWho="1" sc="170,0,330,-10,250,0,250,10" /><INIT seed="2,0,0,1,4,131" ten="170,320,250,260" oya="2" hai0="123,19,110,32,65,17,53,46,64,52,129,30,116" hai1="88,31,73,66,54,70,79,28,72,113,125,43,6" hai2="119,101,22,94,85,83,42,86,37,89,81,97,57" hai3="14,9,90,124,121,10,96,8,82,50,3,126,38"/><V117/><F37/><W118/><G38/><T18/><D123/><U23/><E43/><V11/><F42/><W47/><G121/><T36/><D110/><U99/><E6/><V56/><F11/><W63/><G118/><T25/><D129/><U7/><E7/><V1/><F1/><W5/><G63/><T87/><D116/><U74/><E79/><V4/><F4/><W40/><G3/><T92/><D36/><U109/><E109/><V0/><F0/><W108/><G108/><T93/><D87/><U75/><E113/><V103/><F22/><W49/><G49/><T84/><D84/><U60/><E125/><N who="3" m="48234" /><G82/><T134/><D134/><U55/><N who="1" m="18432" /><DORA hai="45" /><U133/><E133/><V20/><F20/><W132/><G132/><T77/><D77/><U16/><E54/><V111/><F111/><W104/><G90/><T41/><D41/><U29/><E55/><V44/><F44/><W98/><G98/><T91/><D53/><U80/><E80/><V61/><F103/><AGARI ba="0,0" hai="5,8,9,10,14,40,47,50,96,103,104" m="48234" machi="103" ten="30,2000,0" yaku="18,1,52,1" doraHai="131,45" who="3" fromWho="2" sc="170,0,320,0,250,-20,260,20" /><INIT seed="3,0,0,3,5,126" ten="170,320,230,280" oya="3" hai0="67,90,58,100,4,135,1,54,111,113,128,94,95" hai1="2,118,71,7,29,103,85,86,18,116,39,27,24" hai2="40,130,64,20,49,110,73,36,14,77,30,92,50" hai3="44,56,42,21,70,66,59,61,112,102,57,12,47"/><W81/><G112/><T101/><D111/><U32/><E71/><V134/><F64/><W6/><G102/><T52/><D113/><U129/><E39/><V51/><F92/><N who="0" m="35370" /><D135/><U60/><E60/><V78/><F30/><W10/><G42/><T43/><D1/><U9/><E103/><N who="0" m="39497" /><D4/><U108/><E108/><V48/><F36/><W88/><REACH who="3" step="1"/><G21/><REACH who="3" ten="170,320,230,270" step="2"/><T65/><D43/><U33/><E116/><V0/><F40/><W74/><G74/><T8/><D8/><U91/><E118/><V127/><F73/><W45/><G45/><T84/><D128/><U99/><E129/><V63/><F130/><W53/><G53/><N who="0" m="20587" /><D58/><U98/><E33/><V11/><F20/><W93/><G93/><AGARI ba="0,1" hai="65,67,84,90,93" m="20587,39497,35370" machi="93" ten="30,2000,0" yaku="8,1,54,1" doraHai="126" who="0" fromWho="3" sc="170,30,320,0,230,0,270,-20" /><INIT seed="4,0,0,5,0,71" ten="200,320,230,250" oya="0" hai0="49,64,58,106,74,135,105,3,99,46,133,70,11" hai1="61,95,94,44,124,121,80,6,0,13,15,117,111" hai2="63,118,85,1,102,4,77,55,103,112,130,22,21" hai3="72,87,67,122,37,113,48,43,107,86,60,76,51"/><T78/><D70/><U20/><E111/><V84/><F112/><W123/><G107/><T33/><D33/><U104/><E117/><V14/><F1/><W23/><G113/><T7/><D74/><U17/><E104/><N who="0" m="40041" /><D78/><U8/><E121/><V54/><F118/><W26/><G72/><T98/><D58/><U92/><E124/><V35/><F35/><W18/><G76/><T19/><D19/><U42/><E61/><V39/><F39/><W90/><G86/><T88/><D64/><U41/><E80/><V30/><F77/><W38/><G51/><T45/><D88/><U131/><E131/><V56/><F130/><W28/><G18/><T119/><D119/><U27/><REACH who="1" step="1"/><E42/><REACH who="1" ten="200,310,230,250" step="2"/><V125/><F125/><W69/><G122/><T83/><D83/><U109/><E109/><V36/><F63/><W89/><G123/><T75/><D75/><U82/><E82/><V9/><F85/><W24/><G87/><T12/><D98/><U52/><E52/><V101/><F84/><W97/><G97/><T59/><D99/><U114/><E114/><V5/><F55/><W66/><G66/><T10/><D133/><U73/><E73/><V127/><F127/><W81/><G81/><T65/><D135/><U16/><E16/><V96/><F96/><W91/><REACH who="3" step="1"/><G26/><REACH who="3" ten="200,310,230,240" step="2"/><T62/><D49/><AGARI ba="0,2" hai="0,6,8,13,15,17,20,27,41,44,49,92,94,95" machi="49" ten="40,1300,0" yaku="1,1,53,0" doraHai="71" doraHaiUra="115" who="1" fromWho="0" sc="200,-13,310,33,230,0,240,0" /><INIT seed="5,0,0,1,2,62" ten="187,343,230,240" oya="1" hai0="0,103,21,60,132,18,120,4,125,79,81,49,126" hai1="104,87,74,47,93,55,2,105,110,82,48,97,129" hai2="20,32,7,75,69,59,25,114,91,108,39,73,71" hai3="107,89,134,58,118,135,43,66,112,42,28,122,63"/><U96/><E129/><V127/><F39/><W86/><G122/><T61/><D120/><U3/><E74/><V68/><F32/><W45/><G107/><T24/><D132/><U46/><E110/><V1/><F7/><W6/><G112/><T34/><D103/><U83/><E87/><V50/><F1/><W19/><G6/><T8/><D49/><U116/><E48/><V17/><F108/><W54/><G28/><T14/><D125/><U5/><E5/><V40/><F127/><W102/><G102/><T33/><D126/><U80/><E93/><V70/><F114/><W38/><G19/><T16/><D34/><U92/><E92/><V95/><N who="2" m="17408" /><DORA hai="53" /><V13/><F25/><W57/><G43/><T12/><D12/><U35/><E35/><V98/><F40/><W90/><G118/><T121/><D121/><U123/><E55/><V130/><REACH who="2" step="1"/><F130/><REACH who="2" ten="187,343,220,240" step="2"/><W76/><G135/><T113/><D113/><U117/><E123/><V10/><F10/><W77/><G134/><T37/><D37/><U109/><E109/><V52/><AGARI ba="0,1" hai="13,17,20,50,52,59,73,75,91,95,98" m="17408" machi="52" ten="60,8000,1" yaku="1,1,0,1,52,1,54,1,53,1" doraHai="62,53" doraHaiUra="131,44" who="2" fromWho="2" sc="187,-20,343,-40,220,90,240,-20" /><INIT seed="6,0,0,5,2,110" ten="167,303,310,220" oya="2" hai0="12,14,77,20,18,68,39,7,45,75,76,8,28" hai1="56,99,38,44,46,43,48,113,25,66,114,26,134" hai2="84,54,106,32,131,70,101,124,74,132,95,127,5" hai3="27,108,60,115,91,105,73,81,122,121,130,9,16"/><V61/><F74/><W80/><G108/><T62/><D75/><U57/><E99/><V3/><F32/><W47/><G105/><T69/><D68/><U59/><E134/><V36/><F36/><W92/><G130/><T0/><D28/><U78/><E78/><V119/><F119/><W13/><G47/><T33/><D33/><U63/><E25/><V19/><F19/><W116/><G116/><T1/><D1/><U96/><E96/><V117/><F106/><W94/><G94/><T15/><D69/><N who="1" m="42207" /><E26/><V123/><F5/><W40/><G40/><AGARI ba="0,0" hai="38,40,43,44,46,48,56,57,59,113,114" m="42207" machi="40" ten="30,7700,0" yaku="34,2,52,2" doraHai="110" who="1" fromWho="3" sc="167,0,303,77,310,0,220,-77" /><INIT seed="7,0,0,0,5,87" ten="167,380,310,143" oya="3" hai0="129,43,10,8,88,55,14,60,117,54,0,73,108" hai1="1,46,6,26,69,86,125,68,124,132,44,85,29" hai2="110,66,133,131,107,134,96,28,3,53,64,61,42" hai3="76,21,122,79,13,65,62,114,17,126,104,81,24"/><W74/><G122/><T50/><D117/><U41/><E132/><V23/><F3/><W83/><G104/><T72/><D108/><U99/><E99/><V115/><F110/><W30/><G114/><T31/><D129/><U112/><E6/><V57/><F42/><W11/><G126/><N who="1" m="48746" /><E1/><V95/><F107/><W34/><G62/><T20/><D60/><U101/><E101/><V102/><F131/><W113/><G113/><T56/><D43/><U103/><E103/><V105/><F105/><W128/><G128/><T7/><D54/><U118/><E46/><V135/><F115/><W22/><REACH who="3" step="1"/><G65/><REACH who="3" ten="167,380,310,133" step="2"/><T75/><D72/><AGARI ba="0,1" hai="11,13,17,21,22,24,30,34,72,74,76,79,81,83" machi="72" ten="30,11600,0" yaku="1,1,2,1,7,1,9,1,53,0" doraHai="87" doraHaiUra="32" who="3" fromWho="0" sc="167,-116,380,0,310,0,133,126" /><INIT seed="7,1,0,5,1,124" ten="51,380,310,259" oya="3" hai0="40,110,66,47,95,89,64,13,78,14,122,24,0" hai1="87,2,10,111,90,79,100,130,105,39,32,35,117" hai2="27,76,134,23,108,112,28,101,106,46,104,60,86" hai3="83,11,126,119,62,118,116,107,128,5,44,63,12"/><W49/><G126/><T37/><D122/><U77/><E111/><V97/><F108/><W41/><G107/><T51/><D0/><U34/><E39/><V73/><F106/><W42/><G128/><T125/><D78/><U71/><E71/><V96/><F96/><W94/><G94/><T121/><D121/><U98/><E117/><V25/><F73/><W56/><G56/><T54/><D125/><U15/><E2/><V135/><F112/><W53/><G53/><T58/><D110/><U19/><REACH who="1" step="1"/><E130/><REACH who="1" ten="51,370,310,259" step="2"/><V75/><F75/><W80/><REACH who="3" step="1"/><G41/><REACH who="3" ten="51,370,310,249" step="2"/><T6/><D6/><U45/><E45/><V55/><F46/><W131/><G131/><T85/><D66/><U65/><E65/><V30/><F135/><W38/><G38/><T133/><D133/><U43/><E43/><V88/><F134/><W123/><G123/><T84/><D64/><U69/><E69/><V74/><F104/><W31/><G31/><T127/><D127/><U99/><E99/><V129/><F28/><W68/><G68/><T36/><D36/><U9/><E9/><V109/><F30/><W26/><G26/><T70/><D70/><U132/><E132/><V103/><F97/><W4/><G4/><T3/><D3/><U33/><N who="1" m="8192" /><DORA hai="114" /><U113/><E113/><V57/><F27/><W16/><G16/><T92/><REACH who="0" step="1"/><D24/><REACH who="0" ten="41,370,310,249" step="2"/><U1/><E1/><V93/><F25/><W115/><G115/><T72/><D72/><U82/><AGARI ba="1,3" hai="10,15,19,77,79,82,87,90,98,100,105" m="8192" machi="82" ten="60,4000,0" yaku="1,1,0,1,53,0" doraHai="124,114" doraHaiUra="120,61" who="1" fromWho="1" sc="41,-11,370,73,310,-11,249,-21" owari="30,-47.0,443,54.0,299,10.0,228,-17.0" /></mjloggm>