<mjloggm ver="2.3"><GO type="185" lobby="0"/><UN n0="%E3%81%BE%E3%81%A4%E3%81%AE%E3%81%8F%E3%82%93" n1="%28%C2%B4%E3%81%B8%CE%B5%E3%81%B8%60%29" n2="%4D%45%42%49%55%53" n3="" dan="16,20,16,0" rate="2177.36,2247.19,2217.99,1500.00" sx="M,M,F,C"/><TAIKYOKU oya="0"/><INIT seed="0,0,0,5,5,69" ten="350,350,350,0" oya="0" hai0="68,40,50,84,39,70,97,62,59,122,90,133,85" hai1="98,58,52,37,33,120,110,2,132,88,104,117,67" hai2="55,81,46,113,61,102,131,42,77,82,44,64,135" hai3=""/><T125/><N who="0" m="31264" /><T89/><D125/><U92/><N who="1" m="30752" /><U0/><E117/><V94/><F113/><T51/><D133/><U41/><E33/><V73/><F131/><T115/><D115/><U121/><N who="1" m="31008" /><U45/><E132/><V60/><F135/><T114/><D114/><U72/><E72/><V95/><F102/><T57/><D97/><U134/><E134/><V79/><F55/><T99/><D99/><U111/><E67/><V130/><F130/><T101/><D62/><U108/><REACH who="1" step="1"/><E104/><REACH who="1" ten="350,340,350,0" step="2"/><V49/><F64/><T100/><REACH who="0" step="1"/><D40/><REACH who="0" ten="340,340,350,0" step="2"/><U128/><E128/><V1/><F42/><T124/><D124/><U75/><E75/><V53/><F73/><T87/><D87/><U76/><E76/><V71/><F77/><T109/><D109/><U48/><AGARI ba="0,2" hai="0,2,37,41,45,48,52,58,88,92,98,108,110,111" m="31008,30752" machi="48" ten="30,12000,3" yaku="1,1,0,1,14,1,52,3,54,2,53,0" doraHai="69" doraHaiUra="56" who="1" fromWho="1" sc="340,-80,340,140,350,-40,0,0" /><INIT seed="1,0,0,2,1,67" ten="260,480,310,0" oya="1" hai0="40,104,61,131,109,75,84,108,33,66,100,47,113" hai1="125,50,116,119,88,111,69,134,63,95,122,49,101" hai2="87,64,81,78,53,36,93,105,46,89,60,92,41" hai3=""/><U127/><N who="1" m="31264" /><U42/><E134/><V98/><F53/><T103/><D113/><U0/><E101/><V96/><F105/><T38/><D33/><U118/><E0/><V32/><F32/><T86/><D75/><U48/><E42/><V65/><REACH who="2" step="1"/><F60/><REACH who="2" ten="260,480,300,0" step="2"/><T2/><D2/><U68/><E63/><V43/><F43/><T79/><D131/><U124/><E111/><N who="0" m="42569" /><D104/><U37/><REACH who="1" step="1"/><E37/><REACH who="1" ten="260,470,300,0" step="2"/><V110/><F110/><T52/><D38/><U35/><E35/><V58/><F58/><T59/><D40/><U71/><E71/><V117/><F117/><T62/><D62/><U128/><E128/><V70/><F70/><T102/><D61/><U120/><N who="1" m="30752" /><U57/><E57/><V129/><F129/><T130/><D130/><U94/><E94/><V112/><F112/><T107/><D107/><U82/><E82/><V76/><F76/><T121/><D79/><U85/><AGARI ba="0,2" hai="48,49,50,68,69,85,88,95,116,118,119,124,125,127" m="30752,31264" machi="85" ten="50,16000,3" yaku="1,1,0,1,29,2,18,1,52,4,54,1,53,0" doraHai="67" doraHaiUra="97" who="1" fromWho="1" sc="260,-80,470,180,300,-80,0,0" /><INIT seed="1,1,0,0,2,49" ten="180,650,220,0" oya="1" hai0="130,85,117,39,103,97,104,108,66,111,62,36,46" hai1="53,58,77,64,112,35,83,134,73,113,128,106,47" hai2="86,41,33,131,98,2,68,76,87,54,125,42,43" hai3=""/><U0/><E0/><V123/><N who="2" m="31520" /><V100/><F33/><T95/><D130/><U88/><E35/><V122/><N who="2" m="31264" /><V102/><F2/><T52/><D117/><U79/><E106/><V133/><F131/><T91/><D39/><U96/><E128/><V126/><F68/><T38/><D38/><U59/><E134/><V70/><F70/><T116/><D116/><U75/><E47/><V132/><F76/><T65/><D36/><U56/><E64/><N who="0" m="24681" /><D46/><U71/><E71/><V81/><F81/><T93/><D104/><U78/><E53/><V118/><F118/><T127/><D127/><N who="2" m="48650" /><F54/><T72/><D72/><U124/><E124/><V119/><F119/><T129/><D129/><U82/><E79/><V90/><F102/><T101/><D101/><U114/><E114/><V57/><F90/><T1/><D1/><U120/><N who="1" m="30752" /><U67/><E67/><V48/><F57/><T50/><D52/><U109/><E109/><V115/><F115/><T63/><D108/><U105/><E88/><V32/><F32/><T74/><D111/><U40/><E112/><V37/><F37/><T61/><D74/><U3/><E113/><V51/><F133/><T94/><D94/><U44/><E3/><V99/><F132/><RYUUKYOKU ba="1,0" sc="180,20,650,-10,220,-10,0,0" hai0="50,61,62,63,85,91,93,95,97,103" /><INIT seed="2,2,0,0,0,70" ten="200,640,210,0" oya="2" hai0="106,93,71,62,65,72,128,48,112,55,0,125,85" hai1="95,61,63,132,114,59,83,91,96,129,116,73,98" hai2="54,68,50,77,45,113,105,108,37,124,36,69,97" hai3=""/><V3/><F113/><T92/><D0/><U41/><E114/><V120/><N who="2" m="30752" /><V38/><F3/><T2/><D2/><U1/><E1/><V46/><F124/><T110/><D112/><U99/><E129/><V32/><F32/><T51/><D106/><U80/><E132/><V52/><F77/><T58/><D72/><U104/><E116/><V90/><F108/><T123/><N who="0" m="31520" /><T122/><N who="0" m="31264" /><T121/><N who="0" m="31008" /><T89/><D128/><U117/><E117/><V134/><F134/><T130/><D130/><U118/><E118/><V79/><F79/><T35/><D35/><U76/><E41/><V115/><F115/><T57/><D125/><U44/><E44/><V84/><F97/><T111/><D93/><U40/><E83/><V43/><F105/><T133/><D133/><U88/><E80/><V86/><F86/><T42/><D42/><U109/><E99/><V94/><REACH who="2" step="1"/><F54/><AGARI ba="2,0" hai="48,51,54,55,57,58,62,65,71,85,89,92,110,111" m="31008,31264,31520" machi="54" ten="40,8000,1" yaku="9,1,52,3" doraHai="70" who="0" fromWho="2" sc="200,84,640,0,210,-84,0,0" /><INIT seed="4,0,0,2,5,82" ten="284,640,126,0" oya="0" hai0="130,135,56,54,116,117,66,86,106,85,89,123,114" hai1="131,93,132,108,69,128,2,87,64,129,65,60,120" hai2="104,70,58,35,0,33,84,99,75,1,3,125,95" hai3=""/><T96/><N who="0" m="31520" /><T103/><D114/><U90/><N who="1" m="30752" /><U124/><E108/><V109/><F109/><T43/><D135/><U52/><E2/><V91/><F70/><T46/><D66/><U59/><E132/><V119/><F125/><T67/><D67/><N who="1" m="25675" /><E69/><V134/><F134/><T83/><D86/><U53/><E53/><V36/><F119/><T40/><D130/><U39/><E39/><V113/><F113/><T102/><D102/><U68/><E68/><V112/><F112/><T76/><D76/><U47/><E47/><V42/><F75/><T55/><D55/><U37/><E37/><V45/><REACH who="2" step="1"/><F58/><REACH who="2" ten="284,640,116,0" step="2"/><T79/><D116/><U32/><E124/><V94/><F94/><T92/><D117/><U48/><E32/><V72/><F72/><T71/><D71/><U57/><E59/><V61/><F61/><AGARI ba="0,1" hai="48,52,57,60,61,87,90,93,128,129,131" m="25675,30752" machi="61" ten="40,8000,1" yaku="19,1,52,2,54,1" doraHai="82" who="1" fromWho="2" sc="284,0,640,90,116,-80,0,0" /><INIT seed="5,0,0,1,0,120" ten="284,730,36,0" oya="1" hai0="87,115,43,47,103,94,114,107,99,131,101,57,86" hai1="44,95,52,84,41,100,121,134,34,50,104,82,33" hai2="96,127,132,55,133,109,118,98,35,123,129,126,72" hai3=""/><U106/><N who="1" m="31008" /><U62/><E134/><N who="2" m="51819" /><F55/><T89/><D57/><U113/><E113/><N who="0" m="43017" /><D131/><U1/><E1/><V0/><N who="2" m="31520" /><V79/><F0/><T122/><N who="0" m="31264" /><T125/><D125/><N who="2" m="47626" /><F35/><T49/><D103/><U63/><E33/><V42/><F42/><T53/><D87/><U64/><E34/><V93/><F118/><T38/><D53/><U56/><E100/><V37/><F37/><AGARI ba="0,0" hai="37,38,43,47,49,86,89,94,99,101,107" m="31264,43017" machi="37" ten="30,2000,0" yaku="15,1,52,1" doraHai="120" who="0" fromWho="2" sc="284,20,730,0,36,-20,0,0" /><INIT seed="6,0,0,5,1,36" ten="304,730,16,0" oya="2" hai0="132,133,119,44,113,84,3,51,85,63,56,110,49" hai1="120,135,76,57,89,99,98,100,125,117,2,53,126" hai2="72,78,48,68,58,97,77,124,96,103,64,93,66" hai3=""/><V107/><F124/><T121/><N who="0" m="31008" /><T95/><D110/><U35/><E35/><V134/><F134/><T70/><D119/><U82/><E89/><V87/><F72/><T131/><D3/><U37/><E37/><V46/><F68/><T55/><D131/><U38/><E38/><V33/><F33/><T86/><D70/><U112/><E2/><V50/><F87/><T47/><D95/><U54/><E112/><V104/><F58/><T61/><D113/><U65/><E65/><V129/><F129/><T114/><D114/><U52/><E53/><V39/><F39/><T73/><D73/><U102/><E82/><V127/><F127/><T118/><D118/><U43/><E117/><V59/><F59/><T32/><D32/><U41/><E57/><V122/><N who="2" m="31264" /><V1/><F1/><T79/><D79/><N who="2" m="30218" /><F48/><T42/><REACH who="0" step="1"/><D63/><REACH who="0" ten="294,730,16,0" step="2"/><U115/><N who="1" m="30752" /><U101/><E135/><V94/><F94/><T88/><D88/><U60/><E115/><V109/><F109/><T80/><D80/><U74/><E76/><V130/><F130/><T106/><D106/><N who="2" m="40490" /><F97/><T108/><D108/><U128/><E128/><V40/><F93/><T90/><D90/><U71/><E71/><V45/><F45/><T69/><D69/><RYUUKYOKU ba="0,1" sc="294,10,730,-20,16,10,0,0" hai0="42,44,47,49,51,55,56,61,84,85,86,132,133" hai2="40,46,50,64,66,96,103" /><INIT seed="6,1,1,4,2,118" ten="304,710,26,0" oya="2" hai0="80,126,65,117,86,76,71,51,46,89,85,104,57" hai1="53,75,121,135,69,115,134,107,67,73,127,133,82" hai2="56,33,102,64,124,90,97,129,92,62,83,48,2" hai3=""/><V113/><F2/><T79/><D117/><U1/><N who="1" m="31008" /><U72/><E115/><V66/><F33/><T108/><D108/><U0/><E127/><V41/><F113/><T114/><D126/><U95/><E107/><V88/><F124/><T55/><D104/><U50/><E82/><V110/><F129/><T130/><D130/><U77/><E77/><V96/><F110/><T36/><D114/><U94/><E67/><V132/><F132/><T81/><D71/><U39/><E39/><V122/><N who="2" m="31264" /><V38/><F38/><T35/><D35/><U87/><E69/><V93/><F83/><T63/><D36/><U131/><E131/><V109/><F109/><T54/><D79/><U84/><E84/><V32/><F32/><T91/><D76/><U120/><N who="1" m="30752" /><U70/><E70/><V112/><F112/><T100/><D100/><U123/><N who="1" m="31520" /><U34/><E34/><V74/><F74/><T58/><D58/><U61/><E61/><V42/><F66/><AGARI ba="1,1" hai="46,51,54,55,57,63,65,66,80,81,85,86,89,91" machi="66" ten="40,2600,0" yaku="9,1,8,1" doraHai="118" who="0" fromWho="2" sc="304,38,710,0,26,-28,0,0" owari="342,-6.0,710,66.0,-2,-60.0,0,0.0" /></mjloggm>