<mjloggm ver="2.3"><GO type="169" lobby="0"/><UN n0="%E3%82%A8%E3%82%B9%E3%82%BF%E3%83%BC" n1="%6D%6D%6A%61%6E%67%6B%69" n2="%E3%81%A1%E3%81%A3%E3%81%93%E3%82%8C%40" n3="%E3%83%95%E3%83%BC%E3%82%AC" dan="17,17,16,18" rate="2176.61,2176.29,2094.76,2182.84" sx="M,M,M,M"/><TAIKYOKU oya="0"/><INIT seed="0,0,0,3,1,110" ten="250,250,250,250" oya="0" hai0="63,22,108,73,2,88,23,27,12,119,114,128,65" hai1="19,51,52,67,21,6,59,112,79,134,127,17,13" hai2="100,37,38,85,99,124,104,7,28,48,10,42,92" hai3="69,80,72,95,120,76,74,102,5,98,82,3,32"/><T44/><D119/><U49/><E134/><V101/><F124/><W66/><G120/><T89/><D2/><U20/><E127/><V40/><F28/><W56/><G32/><T118/><D118/><U75/><E112/><V86/><F104/><W31/><G31/><T64/><D73/><U87/><E75/><V36/><F101/><W33/><G33/><T29/><D114/><U126/><E126/><V97/><F97/><W39/><G39/><T93/><D128/><U123/><E123/><V60/><F60/><W132/><G132/><T45/><D108/><U30/><E30/><V41/><REACH who="2" step="1"/><F48/><REACH who="2" ten="250,250,240,250" step="2"/><W43/><G102/><T35/><D35/><U121/><E121/><V58/><F58/><W106/><G56/><N who="0" m="36967" /><D65/><U90/><E67/><V0/><AGARI ba="0,1" hai="0,7,10,36,37,38,40,41,42,85,86,92,99,100" machi="0" ten="40,2700,0" yaku="1,1,0,1,53,0" doraHai="110" doraHaiUra="50" who="2" fromWho="2" sc="250,-13,250,-7,240,37,250,-7" /><INIT seed="1,0,0,3,0,69" ten="237,243,277,243" oya="1" hai0="93,25,109,118,74,38,116,3,67,43,52,89,39" hai1="83,121,22,82,58,50,54,126,70,56,46,85,73" hai2="62,98,110,107,65,28,20,41,47,59,17,42,37" hai3="53,40,33,97,75,101,127,124,111,123,119,57,48"/><U60/><E121/><V131/><F110/><W24/><G123/><T76/><D3/><U10/><E126/><V112/><F131/><W36/><G111/><T100/><D67/><U104/><E104/><V68/><F112/><W14/><G75/><T63/><D43/><U13/><E22/><V1/><F1/><W108/><G108/><T103/><D109/><U2/><E73/><V27/><F41/><W99/><G119/><T122/><D122/><U117/><E117/><V35/><F59/><W64/><G64/><T115/><D115/><U106/><E106/><V21/><REACH who="2" step="1"/><F17/><REACH who="2" ten="237,243,267,243" step="2"/><W105/><G124/><T49/><D118/><U91/><E2/><V132/><F132/><W11/><G127/><T15/><D116/><U12/><E70/><V6/><F6/><W66/><G40/><T0/><D0/><U72/><E58/><V77/><F77/><W96/><G57/><T4/><D4/><U94/><E72/><V5/><F5/><W125/><G125/><T92/><D76/><U113/><E113/><V45/><F45/><W29/><G66/><T120/><D74/><U18/><E12/><V84/><F84/><W23/><G14/><T16/><D120/><U7/><E18/><V80/><F80/><W87/><G87/><N who="0" m="52287" /><D15/><U26/><E26/><V30/><F30/><W95/><G29/><T135/><D135/><U86/><E85/><V71/><F71/><W34/><G24/><T19/><D25/><U51/><E60/><V129/><F129/><W130/><G130/><T102/><D63/><U55/><AGARI ba="0,1" hai="7,10,13,46,50,51,54,55,56,82,83,86,91,94" machi="55" ten="20,3900,0" yaku="0,1,7,1,8,1" doraHai="69" who="1" fromWho="1" sc="237,-13,243,49,267,-13,243,-13" /><INIT seed="1,1,0,3,0,107" ten="224,292,254,230" oya="1" hai0="129,45,79,21,83,104,93,30,3,133,47,88,13" hai1="12,91,134,26,24,76,128,85,19,7,8,116,99" hai2="119,114,66,36,25,113,63,89,37,65,56,84,96" hai3="95,60,29,92,58,81,115,118,121,131,123,103,1"/><U50/><E116/><V97/><F119/><W49/><G118/><T127/><D3/><U68/><E134/><V61/><F25/><W54/><G115/><N who="2" m="44041" /><F97/><W43/><G1/><T42/><D104/><U33/><E128/><V62/><F96/><W10/><G131/><T69/><D69/><U72/><E68/><N who="2" m="42031" /><F84/><W39/><G10/><T9/><D133/><U16/><E99/><V38/><F89/><W109/><G109/><T40/><D127/><U75/><E76/><V57/><F36/><W67/><G29/><T22/><D30/><U70/><E70/><V35/><F35/><W100/><G100/><T20/><D93/><U86/><E86/><V94/><F94/><W87/><G103/><T46/><D129/><U71/><E71/><V0/><F0/><W73/><G95/><T4/><REACH who="0" step="1"/><D88/><REACH who="0" ten="214,292,254,230" step="2"/><U105/><E105/><V111/><F111/><W130/><G92/><T6/><D6/><U102/><E102/><V15/><F15/><W122/><G130/><T135/><D135/><U120/><E7/><V126/><F126/><W11/><G123/><T98/><D98/><U28/><E120/><V78/><F78/><W77/><G122/><T2/><D2/><U48/><E24/><V124/><F124/><W55/><G121/><T53/><D53/><AGARI ba="1,1" hai="37,38,53,56,57,62,63,66" m="42031,44041" machi="53" ten="30,3900,0" yaku="11,1,34,2" doraHai="107" who="2" fromWho="0" sc="214,-42,292,0,254,52,230,0" /><INIT seed="2,0,0,3,5,1" ten="172,292,306,230" oya="2" hai0="119,28,25,14,105,96,40,49,66,78,95,120,73" hai1="54,129,76,57,123,36,29,68,71,34,30,39,41" hai2="116,2,93,6,51,59,50,85,18,102,130,65,5" hai3="111,53,33,67,114,98,99,91,21,45,83,62,81"/><V87/><F116/><W16/><G33/><T127/><D120/><U22/><E129/><V43/><F2/><W19/><G111/><T27/><D105/><U26/><E123/><V12/><F130/><W106/><G114/><T97/><D119/><U122/><E122/><V121/><F121/><W64/><G106/><T90/><D66/><U113/><E76/><V115/><F115/><W124/><G124/><T63/><D63/><U31/><E113/><V13/><F102/><W61/><G45/><T125/><D97/><U32/><E32/><V15/><F18/><W35/><G35/><T110/><D110/><U23/><E34/><V52/><F43/><W8/><G53/><T79/><D28/><U104/><E104/><V88/><F50/><W3/><G3/><T133/><D133/><U48/><E41/><V47/><F85/><W11/><G91/><T134/><D134/><U103/><E103/><V117/><F117/><W128/><REACH who="3" step="1"/><G21/><REACH who="3" ten="172,292,306,220" step="2"/><T107/><D107/><U56/><E22/><V82/><F82/><W94/><G94/><T135/><D135/><U108/><E108/><V58/><F65/><W101/><G101/><T132/><D132/><U89/><E89/><V86/><F86/><W74/><G74/><T38/><D73/><U46/><E23/><V69/><F69/><W80/><G80/><T60/><D125/><U92/><E92/><V9/><F9/><W17/><G17/><T37/><D127/><U24/><E71/><V0/><F0/><W55/><G55/><T100/><D100/><U72/><E72/><V20/><F20/><W70/><G70/><RYUUKYOKU ba="0,1" sc="172,-15,292,-15,306,15,220,15" hai2="5,6,12,13,15,47,51,52,58,59,87,88,93" hai3="8,11,16,19,61,62,64,67,81,83,98,99,128" /><INIT seed="2,1,1,0,2,2" ten="157,277,321,235" oya="2" hai0="110,118,66,101,31,125,106,119,18,7,68,132,62" hai1="24,96,61,16,21,121,54,28,5,40,108,120,9" hai2="92,0,58,53,20,135,26,95,91,35,99,67,76" hai3="114,46,56,73,17,86,128,117,34,129,11,79,69"/><V102/><F35/><W89/><G69/><T51/><D110/><U55/><E108/><V134/><F0/><W87/><G117/><T112/><D112/><U8/><E40/><V107/><F76/><W12/><G114/><T84/><D132/><U42/><E42/><V75/><F75/><W49/><G34/><T47/><D125/><U74/><E74/><V48/><F67/><W52/><G73/><T111/><D18/><U14/><E96/><V30/><REACH who="2" step="1"/><F91/><REACH who="2" ten="157,277,311,235" step="2"/><W109/><G109/><T131/><D111/><U50/><E121/><V70/><F70/><W126/><G126/><T113/><D113/><U104/><E120/><V100/><F100/><W27/><G79/><T82/><D119/><U90/><E90/><V94/><AGARI ba="1,2" hai="20,26,30,48,53,58,92,94,95,99,102,107,134,135" machi="94" ten="30,3000,0" yaku="1,1,0,1,53,0" doraHai="2" doraHaiUra="83" who="2" fromWho="2" sc="157,-11,277,-11,311,53,235,-11" /><INIT seed="2,2,0,0,0,9" ten="146,266,364,224" oya="2" hai0="7,4,25,110,58,74,84,93,21,69,42,127,30" hai1="57,38,103,98,111,95,83,32,63,53,133,55,89" hai2="66,31,109,91,122,105,120,121,37,46,40,81,18" hai3="134,125,82,35,112,27,43,72,47,126,100,65,135"/><V45/><F105/><W59/><G35/><T104/><D69/><U6/><E111/><V49/><F66/><W20/><G100/><T113/><D110/><U97/><E133/><N who="3" m="50698" /><G72/><T94/><D113/><U5/><E38/><V128/><F109/><W54/><G82/><T108/><D104/><U61/><E32/><V67/><F67/><W86/><G86/><T14/><D74/><U85/><REACH who="1" step="1"/><E97/><REACH who="1" ten="146,256,364,224" step="2"/><V17/><F128/><W73/><G125/><T124/><D108/><U101/><E101/><V132/><F132/><W68/><G126/><T29/><D124/><U0/><E0/><V79/><F31/><W3/><G3/><T22/><D127/><U118/><E118/><V52/><REACH who="2" step="1"/><F91/><REACH who="2" ten="146,256,354,224" step="2"/><W99/><G112/><T123/><D30/><U36/><E36/><V70/><F70/><W50/><G68/><T11/><D29/><U51/><E51/><V64/><F64/><W77/><G65/><T34/><D34/><U130/><E130/><V88/><F88/><W115/><G115/><T33/><D33/><U12/><E12/><V107/><F107/><W28/><G28/><T15/><D15/><U129/><E129/><V80/><F80/><W41/><G50/><T78/><D14/><U116/><E116/><V96/><F96/><W76/><G99/><T87/><D25/><U10/><E10/><V106/><F106/><W117/><G27/><T48/><D11/><U26/><E26/><V56/><F56/><AGARI ba="2,2" hai="5,6,53,55,56,57,61,63,83,85,89,95,98,103" machi="56" ten="40,5200,0" yaku="1,1,9,1,8,1,53,0" doraHai="9" doraHaiUra="60" who="1" fromWho="2" sc="146,0,256,78,354,-58,224,0" /><INIT seed="3,0,0,2,3,135" ten="146,334,296,224" oya="3" hai0="8,79,48,91,24,82,97,36,87,72,46,4,129" hai1="85,2,61,96,28,90,70,103,27,0,124,50,109" hai2="123,64,29,19,120,77,125,43,75,108,71,111,83" hai3="26,37,117,89,78,7,40,58,12,59,122,13,54"/><W68/><G117/><T106/><D129/><U23/><E109/><N who="2" m="42059" /><F43/><W44/><G122/><N who="2" m="46633" /><F19/><W80/><G68/><T116/><D116/><U1/><E124/><V25/><F125/><W20/><G89/><T102/><D24/><U39/><E39/><V112/><F112/><W30/><G7/><T131/><D131/><U121/><E121/><V119/><F119/><W93/><G93/><T98/><D98/><U15/><E50/><V114/><F114/><W69/><G69/><T65/><D65/><U84/><E90/><V127/><F127/><W18/><G54/><T34/><D34/><U5/><E61/><N who="2" m="40335" /><F25/><W56/><REACH who="3" step="1"/><G18/><REACH who="3" ten="146,334,296,214" step="2"/><T47/><D36/><U118/><E118/><V88/><F88/><W105/><G105/><T110/><D110/><U45/><E70/><V11/><F29/><W31/><G31/><T38/><D38/><U3/><E5/><V62/><F62/><W81/><G81/><T14/><D48/><U100/><E28/><V16/><F16/><W133/><G133/><T94/><AGARI ba="0,1" hai="4,8,14,46,47,72,79,82,87,91,94,97,102,106" machi="94" ten="20,5200,0" yaku="0,1,7,1,24,2" doraHai="135" who="0" fromWho="0" sc="146,62,334,-13,296,-13,214,-26" /><INIT seed="4,0,0,0,4,123" ten="208,321,283,188" oya="0" hai0="56,96,5,101,128,72,32,22,100,43,27,55,41" hai1="116,111,74,12,86,106,38,13,93,113,1,131,61" hai2="42,63,49,8,29,110,105,98,28,64,88,97,107" hai3="10,75,115,90,77,95,70,80,26,50,9,84,103"/><T54/><D72/><U117/><E61/><V17/><F42/><N who="0" m="15882" /><D32/><U40/><E40/><V124/><F124/><W122/><G122/><T94/><D128/><U67/><E67/><V33/><F49/><W25/><G115/><T36/><D36/><U135/><E93/><V62/><F8/><W7/><G70/><T0/><D5/><U89/><E86/><V57/><F17/><W125/><G125/><T48/><D0/><U11/><E89/><V119/><F119/><W39/><G39/><T4/><D4/><U120/><E12/><V112/><F112/><W102/><G50/><T30/><D54/><U23/><E13/><V79/><F33/><W68/><G68/><T78/><D78/><U44/><E23/><V85/><F79/><W20/><G26/><T47/><D101/><U45/><E11/><V6/><F6/><W37/><G37/><T118/><D118/><U60/><E116/><V52/><F52/><W91/><G91/><T66/><D66/><U104/><E1/><V121/><F64/><W71/><G71/><T127/><D127/><U15/><E120/><V31/><F88/><W53/><G53/><T2/><D2/><U81/><E38/><V87/><F121/><W99/><G7/><T126/><D126/><U92/><E117/><V19/><F19/><W134/><G103/><T3/><D3/><U130/><E113/><V132/><F28/><N who="3" m="17447" /><G134/><T18/><D18/><U129/><E135/><V46/><F132/><W73/><G73/><T108/><D108/><U83/><E111/><V34/><F110/><W51/><G51/><T133/><D133/><RYUUKYOKU ba="0,0" sc="208,15,321,-15,283,-15,188,15" hai0="22,27,30,47,48,55,56,94,96,100" hai3="9,10,75,77,80,84,90,95,99,102" /><INIT seed="4,1,0,2,1,44" ten="223,306,268,203" oya="0" hai0="39,66,49,72,24,100,58,16,21,122,19,57,12" hai1="82,125,84,96,133,53,90,14,134,26,38,22,77" hai2="46,51,55,48,85,130,61,36,62,95,45,5,10" hai3="102,86,11,78,67,13,29,27,89,23,126,117,64"/><T83/><D39/><U81/><E125/><V105/><F105/><W113/><G126/><T20/><D122/><U75/><E38/><V25/><F130/><W135/><G113/><T112/><D112/><U60/><E14/><N who="2" m="5455" /><F36/><W9/><G135/><T123/><D123/><U127/><E127/><V54/><F25/><W110/><G117/><T65/><D100/><U43/><E43/><V40/><F40/><W76/><G110/><T6/><D6/><U87/><E75/><V106/><F106/><W79/><G102/><T103/><D103/><U128/><E128/><V116/><F116/><W56/><G56/><T15/><D24/><U35/><E35/><V107/><F107/><W93/><REACH who="3" step="1"/><G9/><REACH who="3" ten="223,306,268,193" step="2"/><T1/><D58/><N who="1" m="34895" /><E134/><V118/><F118/><W88/><G88/><AGARI ba="1,1" hai="45,46,48,51,54,55,61,62,85,88,95" m="5455" machi="88" ten="30,7700,0" yaku="8,1,52,2,54,1" doraHai="44" who="2" fromWho="3" sc="223,0,306,0,268,90,193,-80" /><INIT seed="5,0,0,0,1,41" ten="223,306,358,113" oya="1" hai0="68,22,16,7,135,61,54,12,91,80,108,58,125" hai1="18,124,132,79,42,52,24,83,116,6,95,88,103" hai2="36,81,100,37,128,59,123,32,9,30,57,82,121" hai3="44,90,127,117,34,85,49,64,120,73,13,99,21"/><U8/><E132/><V98/><F128/><W109/><G109/><T129/><D108/><U31/><E124/><V126/><F126/><W2/><G127/><T15/><D125/><U104/><E116/><V26/><F9/><W76/><G2/><T45/><D68/><U17/><E103/><V66/><F82/><W27/><G120/><T115/><D115/><U5/><E42/><V67/><F81/><W23/><G117/><T119/><D129/><U111/><E104/><V97/><F97/><W40/><G73/><T134/><D119/><U1/><E6/><V93/><F59/><W102/><G76/><T122/><D122/><U74/><E111/><V46/><F121/><W47/><G64/><T51/><D7/><U3/><E3/><V28/><F28/><W60/><G60/><T89/><D12/><U62/><E31/><V105/><F93/><N who="3" m="58735" /><G13/><T84/><REACH who="0" step="1"/><D89/><REACH who="0" ten="213,306,358,113" step="2"/><U101/><E1/><V130/><F130/><W29/><G27/><T94/><D94/><U43/><E24/><V56/><F123/><W0/><G0/><T77/><D77/><U14/><E79/><V133/><F26/><W106/><G106/><T11/><D11/><U48/><E5/><V112/><F112/><W87/><G90/><T71/><D71/><U96/><E8/><V38/><F105/><W131/><G131/><T35/><D35/><U50/><E14/><V72/><F32/><W25/><G34/><T75/><D75/><U33/><E33/><V107/><F72/><W65/><G21/><T4/><D4/><U55/><E74/><V20/><F107/><W113/><G113/><RYUUKYOKU ba="0,1" sc="213,30,306,-10,358,-10,113,-10" hai0="15,16,22,45,51,54,58,61,80,84,91,134,135" /><INIT seed="6,1,1,1,1,107" ten="243,296,348,103" oya="2" hai0="132,78,44,27,23,2,101,96,112,48,83,73,120" hai1="60,56,75,134,129,16,25,88,45,87,79,0,21" hai2="76,69,80,20,64,6,7,3,22,114,104,66,9" hai3="122,99,19,52,92,106,13,133,12,105,118,124,67"/><V8/><F114/><W24/><G118/><T37/><D120/><U17/><E134/><V97/><F66/><W115/><G115/><T98/><D2/><U54/><E0/><V57/><F69/><W26/><G122/><T111/><D111/><U10/><E129/><V1/><F104/><W62/><G133/><T119/><D37/><U90/><E45/><V39/><F39/><W113/><G124/><T63/><D112/><U50/><E50/><V31/><F97/><W89/><G113/><T61/><D119/><U4/><E4/><V102/><F102/><W123/><G123/><T30/><D98/><U40/><E40/><V74/><F31/><W103/><G106/><T77/><D77/><U108/><E75/><V91/><F91/><W35/><G35/><T36/><D36/><U49/><E49/><V93/><F93/><W82/><G82/><T117/><D117/><U5/><E5/><V94/><F94/><W55/><G26/><T15/><D132/><U14/><E108/><V125/><F125/><W68/><G24/><T116/><D116/><U29/><E29/><V46/><F46/><W42/><G42/><N who="0" m="24599" /><D15/><U126/><E126/><V65/><F65/><W34/><G34/><T95/><D73/><U109/><E109/><V71/><F71/><W33/><G33/><T32/><D32/><U28/><E28/><V130/><F130/><W59/><G68/><T51/><D51/><U121/><E121/><V41/><F41/><W85/><REACH who="3" step="1"/><G12/><REACH who="3" ten="243,296,348,93" step="2"/><T47/><D47/><U58/><E56/><V100/><F100/><W131/><G131/><T43/><D43/><RYUUKYOKU ba="1,2" sc="243,0,296,0,348,0,93,0" hai0="23,27,30,61,63,78,83,95,96,101" hai1="10,14,16,17,21,25,54,58,60,79,87,88,90" hai2="1,3,6,7,8,9,20,22,57,64,74,76,80" hai3="13,19,52,55,59,62,67,85,89,92,99,103,105" /><INIT seed="6,2,2,5,0,50" ten="243,296,348,93" oya="2" hai0="48,33,26,5,30,79,106,120,22,19,95,37,100" hai1="122,127,117,135,1,3,98,36,27,111,34,119,125" hai2="94,134,18,4,13,68,11,89,15,107,31,25,20" hai3="114,96,124,0,113,57,110,80,65,28,23,14,73"/><V93/><F107/><W126/><G110/><T133/><D37/><U131/><RYUUKYOKU type="yao9" ba="2,2" sc="243,0,296,0,348,0,93,0" hai1="1,3,27,34,36,98,111,117,119,122,125,127,131,135" /><INIT seed="6,3,2,2,1,35" ten="243,296,348,93" oya="2" hai0="7,1,118,84,27,60,134,74,124,76,129,2,86" hai1="51,130,44,81,132,82,67,106,70,93,16,40,0" hai2="18,22,17,72,15,68,75,30,121,24,36,32,107" hai3="80,102,37,14,97,110,12,126,69,31,103,128,25"/><V114/><F121/><W104/><G110/><T83/><D134/><U42/><E106/><V96/><F114/><W54/><G126/><T98/><D124/><U45/><E132/><V66/><F36/><W90/><G128/><T117/><D129/><U63/><E0/><N who="0" m="105" /><D7/><U78/><E130/><V5/><F5/><W123/><G123/><T20/><D60/><U100/><E78/><V87/><F87/><W64/><G37/><T131/><D98/><U65/><E65/><V53/><F53/><W111/><G111/><T58/><D58/><U112/><E112/><V115/><F115/><W101/><G54/><T73/><D74/><U127/><E127/><V125/><F125/><W92/><G80/><T55/><D55/><U26/><E100/><N who="2" m="62855" /><F18/><W57/><G69/><T133/><D133/><U3/><E3/><V62/><AGARI ba="3,2" hai="15,17,22,24,30,32,62,66,68,72,75" m="62855" machi="62" ten="30,1500,0" yaku="25,1" doraHai="35" who="2" fromWho="2" sc="243,-8,296,-8,348,44,93,-8" /><INIT seed="6,4,0,2,1,71" ten="235,288,392,85" oya="2" hai0="120,42,67,107,36,10,5,2,113,108,6,118,80" hai1="35,24,32,129,14,106,37,104,70,132,123,20,56" hai2="103,114,116,47,29,17,12,69,44,62,13,39,74" hai3="82,101,83,41,43,54,86,112,92,72,96,23,49"/><V73/><F116/><W61/><G112/><T15/><D120/><U33/><E129/><V18/><F29/><W50/><G72/><T21/><D108/><U95/><E132/><V125/><F114/><W25/><G61/><T94/><D107/><U8/><E70/><V115/><F115/><W64/><G64/><T7/><D67/><U122/><E37/><V91/><F103/><W130/><G130/><T22/><D113/><U27/><E95/><V102/><F102/><W38/><G38/><T127/><D80/><U100/><E56/><V40/><F125/><W79/><G83/><T31/><D94/><U63/><E63/><V57/><F91/><W124/><G124/><T26/><D127/><U30/><E27/><V4/><F44/><W46/><REACH who="3" step="1"/><G50/><REACH who="3" ten="235,288,392,75" step="2"/><T131/><D131/><U93/><E123/><V134/><F62/><W76/><G76/><T55/><D118/><U53/><E122/><V48/><F48/><W84/><G84/><T60/><D60/><U81/><E81/><V52/><F74/><W87/><G87/><T3/><D55/><U119/><E53/><V34/><F73/><W28/><AGARI ba="4,1" hai="23,25,28,41,43,46,49,54,79,82,86,92,96,101" machi="28" ten="20,8000,1" yaku="1,1,0,1,7,1,8,1,53,1" doraHai="71" doraHaiUra="19" who="3" fromWho="3" sc="235,-24,288,-24,392,-44,75,102" /><INIT seed="7,0,0,2,3,15" ten="211,264,348,177" oya="3" hai0="32,83,81,111,112,93,77,58,119,76,87,44,30" hai1="129,101,116,37,128,54,12,14,123,64,7,75,3" hai2="100,46,125,98,27,118,130,53,67,28,86,117,68" hai3="74,50,120,80,1,4,39,51,113,25,109,57,0"/><W38/><G120/><T97/><D111/><U56/><E37/><V20/><F130/><W121/><G121/><T103/><D119/><U65/><E75/><V11/><F125/><W5/><G109/><T43/><D30/><U61/><E116/><V42/><F53/><W31/><G113/><T8/><D32/><U63/><E101/><V89/><F11/><W79/><G39/><T99/><D58/><U122/><E54/><V60/><F89/><W17/><G38/><T59/><D59/><U71/><E3/><V106/><F86/><W2/><G17/><T21/><D21/><U33/><E33/><V47/><F47/><W96/><G96/><T105/><D8/><U115/><E115/><V23/><F23/><W29/><G57/><T49/><D112/><U95/><E56/><V88/><F88/><W66/><G66/><T124/><D124/><U22/><E22/><V10/><F10/><W92/><G92/><T91/><REACH who="0" step="1"/><D83/><REACH who="0" ten="201,264,348,177" step="2"/><U78/><E123/><V19/><F28/><W72/><G72/><T48/><D48/><AGARI ba="0,1" hai="19,20,27,42,46,48,60,67,68,98,100,106,117,118" machi="48" ten="30,2000,0" yaku="7,1,52,1" doraHai="15" who="2" fromWho="0" sc="201,-20,264,0,348,30,177,0" owari="181,-22.0,264,6.0,378,48.0,177,-32.0" /></mjloggm>