<mjloggm ver="2.3"><GO type="185" lobby="0"/><UN n0="%4E%45%47%49%54%53" n1="%6E%6F%70%72%6F%70%73" n2="%E9%9B%AA%E6%9D%91%E5%8D%83%E7%B5%B5%E8%8E%89" n3="" dan="17,17,17,0" rate="2312.94,2188.71,2287.38,1500.00" sx="F,F,F,C"/><TAIKYOKU oya="0"/><INIT seed="0,0,0,4,5,43" ten="350,350,350,0" oya="0" hai0="112,123,124,114,105,42,93,106,90,33,58,50,115" hai1="34,65,109,108,116,67,60,96,111,91,46,3,69" hai2="41,118,44,133,88,103,68,129,63,82,97,74,57" hai3=""/><T128/><N who="0" m="31520" /><T107/><D33/><U121/><N who="1" m="31008" /><U1/><E34/><V132/><F129/><T83/><D128/><U99/><E116/><V117/><F68/><T104/><N who="0" m="26624" /><DORA hai="130" /><T53/><D124/><U84/><E67/><V45/><F103/><T66/><D66/><U64/><E64/><V40/><F97/><T54/><D83/><U131/><E131/><V70/><F70/><T2/><D2/><N who="1" m="523" /><E46/><N who="2" m="18027" /><F74/><T127/><D127/><U80/><AGARI ba="0,0" hai="60,65,69,80,84,91,96,99,108,109,111" m="523,31008" machi="80" ten="40,2000,0" yaku="14,1,52,1" doraHai="43,130" who="1" fromWho="1" sc="350,-13,350,20,350,-7,0,0" /><INIT seed="1,0,0,2,1,32" ten="337,370,343,0" oya="1" hai0="43,106,35,1,38,111,119,54,135,85,86,58,121" hai1="95,118,104,101,87,63,37,53,100,94,90,74,73" hai2="66,91,120,57,52,88,114,60,51,67,97,105,112" hai3=""/><U34/><E34/><V115/><N who="2" m="30752" /><V45/><REACH who="2" step="1"/><F67/><REACH who="2" ten="337,370,333,0" step="2"/><T89/><N who="0" m="31008" /><T50/><D35/><U126/><E118/><V70/><F70/><T123/><D119/><U93/><E126/><V129/><F129/><T127/><D127/><U46/><E37/><V72/><F72/><T56/><D38/><U71/><E71/><V108/><F108/><T79/><D111/><U81/><E73/><V82/><F82/><T62/><D123/><U116/><E74/><V77/><F77/><T107/><D79/><U48/><E116/><V78/><F78/><T110/><D110/><U132/><E132/><V2/><F2/><T134/><D1/><U99/><REACH who="1" step="1"/><E63/><REACH who="1" ten="337,360,333,0" step="2"/><V75/><F75/><T84/><D135/><U128/><E128/><V124/><F124/><T55/><D134/><U64/><E64/><V109/><F109/><T130/><D130/><U47/><E47/><V103/><AGARI ba="0,2" hai="45,51,52,57,60,66,88,91,97,103,105,112,114,115" m="30752" machi="103" ten="40,9000,2" yaku="1,1,0,1,11,1,52,1,54,2,53,0" doraHai="32" doraHaiUra="0" who="2" fromWho="2" sc="337,-30,360,-60,333,110,0,0" /><INIT seed="2,0,0,5,3,123" ten="307,300,443,0" oya="2" hai0="119,103,75,83,40,63,51,118,64,43,104,66,117" hai1="52,89,102,41,74,113,122,98,128,46,88,53,59" hai2="3,37,67,133,80,76,38,106,135,125,109,90,114" hai3=""/><V65/><F114/><T71/><D103/><U77/><N who="1" m="31264" /><U99/><E113/><V45/><F3/><T129/><D104/><U49/><E128/><V56/><F106/><T120/><N who="0" m="30752" /><T73/><D129/><U81/><E53/><V94/><F125/><T58/><D83/><U50/><E99/><V127/><F127/><T2/><D2/><U69/><E69/><V111/><F45/><T78/><D78/><U32/><E32/><V70/><F70/><T121/><N who="0" m="31008" /><T0/><D0/><U36/><E36/><N who="2" m="13931" /><F56/><T105/><D105/><AGARI ba="0,0" hai="41,46,49,50,52,59,74,77,81,88,89,98,102,105" m="31264" machi="105" ten="30,7700,0" yaku="7,1,52,1,54,2" doraHai="123" who="1" fromWho="0" sc="307,-77,300,77,443,0,0,0" /><INIT seed="4,0,0,5,1,52" ten="230,377,443,0" oya="0" hai0="44,38,91,76,106,108,68,69,33,125,92,0,130" hai1="116,90,82,73,120,134,34,50,105,49,41,36,58" hai2="75,109,70,83,94,39,42,3,80,98,132,64,112" hai3=""/><T135/><RYUUKYOKU type="yao9" ba="0,0" sc="230,0,377,0,443,0,0,0" hai0="0,33,38,44,68,69,76,91,92,106,108,125,130,135" /><INIT seed="4,1,0,4,2,43" ten="230,377,443,0" oya="0" hai0="132,79,122,85,44,124,65,123,80,102,50,105,1" hai1="112,57,86,68,47,35,95,71,109,87,48,58,84" hai2="38,3,77,116,121,64,61,113,130,82,90,56,72" hai3=""/><T55/><N who="0" m="31264" /><T98/><N who="0" m="31520" /><T45/><D1/><U107/><E109/><V118/><N who="2" m="31008" /><V76/><F3/><T120/><N who="0" m="30752" /><T41/><D124/><U60/><E35/><V94/><F113/><T53/><D132/><U89/><E107/><V70/><F130/><T40/><D65/><U54/><E112/><V33/><F33/><T114/><D114/><U2/><E2/><V0/><F0/><T91/><D79/><U66/><REACH who="1" step="1"/><E58/><REACH who="1" ten="230,367,443,0" step="2"/><V111/><F111/><T75/><D75/><U46/><E46/><V42/><F76/><T73/><REACH who="0" step="1"/><D73/><REACH who="0" ten="220,367,443,0" step="2"/><U129/><E129/><V100/><F72/><T104/><D104/><U88/><E88/><V63/><F77/><T135/><D135/><U59/><E59/><V81/><F90/><T69/><D69/><AGARI ba="1,2" hai="47,48,54,57,60,66,68,69,71,84,86,87,89,95" machi="69" ten="40,2600,0" yaku="1,1,52,1,53,0" doraHai="43" doraHaiUra="126" who="1" fromWho="0" sc="220,-28,367,48,443,0,0,0" /><INIT seed="5,0,0,0,5,109" ten="192,415,443,0" oya="1" hai0="61,128,125,62,120,76,59,97,37,79,57,107,96" hai1="32,69,34,74,93,72,88,65,117,43,98,44,134" hai2="38,81,126,82,70,123,64,86,103,99,49,2,84" hai3=""/><U67/><E117/><V36/><N who="2" m="31520" /><V130/><F2/><T1/><N who="0" m="30752" /><T39/><D107/><U124/><E124/><V118/><F126/><T104/><D125/><U119/><E119/><V48/><F130/><T68/><D104/><U66/><E69/><V87/><F118/><T108/><D68/><U132/><E74/><V116/><F116/><T129/><REACH who="0" step="1"/><D108/><REACH who="0" ten="182,415,443,0" step="2"/><U85/><E32/><V47/><F70/><T78/><D78/><U75/><E34/><V0/><F0/><AGARI ba="0,1" hai="0,1,37,39,57,59,61,62,76,79,96,97,128,129" m="30752" machi="0" ten="25,6400,0" yaku="1,1,22,2,52,1,53,0" doraHai="109" doraHaiUra="46" who="0" fromWho="2" sc="182,74,415,0,443,-64,0,0" /><INIT seed="6,0,0,0,5,41" ten="256,415,379,0" oya="2" hai0="127,3,39,50,32,85,96,123,133,76,82,53,67" hai1="84,91,0,92,118,102,52,117,89,95,63,88,126" hai2="58,101,74,48,73,107,115,57,129,70,109,45,97" hai3=""/><V80/><F129/><T134/><N who="0" m="31520" /><T81/><D3/><U37/><E0/><V128/><F128/><T114/><D32/><U130/><E130/><V56/><F70/><T86/><D39/><U1/><E1/><V79/><F115/><T75/><D127/><U36/><E126/><V2/><F2/><T43/><D43/><U104/><E104/><V71/><F71/><T125/><D125/><U64/><E52/><V59/><F109/><T60/><D96/><U78/><E78/><V46/><F73/><T100/><D100/><U38/><E102/><V83/><F83/><T124/><D124/><U135/><E135/><V106/><F106/><T121/><N who="0" m="31008" /><T54/><D114/><U122/><N who="1" m="31264" /><U61/><E61/><V113/><F113/><T116/><D116/><N who="1" m="44651" /><E95/><V49/><N who="2" m="14336" /><DORA hai="99" /><V120/><N who="2" m="30752" /><V35/><F35/><T90/><D75/><U110/><E110/><V119/><REACH who="2" step="1"/><F119/><REACH who="2" ten="256,415,369,0" step="2"/><T51/><D60/><U77/><E63/><V34/><F34/><T111/><D111/><U33/><E33/><V98/><F98/><T69/><D69/><U44/><E92/><V66/><F66/><T55/><REACH who="0" step="1"/><D67/><REACH who="0" ten="246,415,369,0" step="2"/><U40/><E64/><V112/><F112/><T105/><D105/><U108/><E108/><RYUUKYOKU ba="0,2" sc="246,0,415,0,369,0,0,0" hai0="50,51,53,54,55,76,81,82,85,86,90,133,134" hai1="36,37,38,40,44,77,84,88,89,91" hai2="45,46,48,49,74,79,80,97,101,107" /><INIT seed="6,1,2,1,5,49" ten="246,415,369,0" oya="2" hai0="70,57,134,91,118,39,115,84,41,121,103,85,37" hai1="123,54,65,66,53,78,100,52,74,109,106,42,55" hai2="83,119,98,64,34,68,131,93,105,69,114,107,87" hai3=""/><V97/><F119/><T130/><N who="0" m="31008" /><T79/><D70/><U101/><N who="1" m="31520" /><U60/><E109/><V46/><F34/><T135/><D118/><U32/><E32/><V75/><F114/><T81/><D115/><U3/><E3/><V113/><F113/><T59/><D130/><U72/><E42/><V33/><F33/><T82/><D103/><U111/><E111/><V61/><F131/><T43/><REACH who="0" step="1"/><D91/><REACH who="0" ten="236,415,369,0" step="2"/><U94/><E101/><V129/><F129/><T110/><D110/><U77/><E100/><V62/><F68/><T58/><D58/><U76/><E76/><AGARI ba="1,3" hai="37,39,41,43,57,59,76,79,81,82,84,85,134,135" m="31008" machi="76" ten="25,6400,0" yaku="1,1,22,2,52,1,53,0" doraHai="49" doraHaiUra="40" who="0" fromWho="1" sc="236,96,415,-66,369,0,0,0" /><INIT seed="8,0,0,5,3,104" ten="332,349,369,0" oya="0" hai0="89,40,48,88,116,61,82,133,55,62,129,72,43" hai1="76,42,79,92,67,118,39,117,100,121,46,47,52" hai2="32,108,113,51,103,93,53,64,74,131,91,81,119" hai3=""/><T71/><D116/><N who="1" m="44651" /><E67/><V95/><F119/><T102/><D133/><U123/><N who="1" m="31008" /><U73/><N who="1" m="31520" /><U33/><E33/><V134/><F32/><T126/><D126/><U38/><E73/><V112/><F108/><T45/><D129/><U68/><E68/><V132/><F131/><T85/><D72/><U75/><E75/><V110/><F64/><T86/><D102/><U57/><E100/><V50/><F110/><T58/><D71/><U98/><E46/><V105/><F105/><T96/><D96/><U106/><E106/><V37/><F103/><T70/><D70/><U35/><E39/><V1/><F37/><T59/><D40/><U111/><E111/><V36/><F36/><T56/><REACH who="0" step="1"/><D43/><REACH who="0" ten="322,349,369,0" step="2"/><U97/><E35/><V127/><F74/><T130/><D130/><U115/><E98/><V44/><F134/><T109/><D109/><U125/><E125/><V99/><F127/><T94/><AGARI ba="0,1" hai="45,48,55,56,58,59,61,62,82,85,86,88,89,94" machi="94" ten="30,7800,0" yaku="1,1,0,1,8,1,54,1,53,0" doraHai="104" doraHaiUra="101" who="0" fromWho="0" sc="322,88,349,-39,369,-39,0,0" owari="410,36.0,310,-29.0,330,-7.0,0,0.0" /></mjloggm>