<mjloggm ver="2.3"><GO type="169" lobby="0"/><UN n0="%7A%65%52%6F" n1="%E8%A5%BF%E5%B2%A1%E8%82%B2%E6%9C%AA%E2%99%AA" n2="%47%2E%4B%2E" n3="%E2%91%A3%E3%82%BB%E3%83%B3%E3%83%81" dan="17,17,16,17" rate="2202.65,2157.64,2127.23,2143.67" sx="M,F,M,M"/><TAIKYOKU oya="0"/><INIT seed="0,0,0,5,4,1" ten="250,250,250,250" oya="0" hai0="49,62,24,133,102,115,67,128,25,55,6,124,4" hai1="127,28,10,108,33,63,42,106,119,0,60,74,121" hai2="20,89,36,87,30,16,83,41,47,126,61,73,52" hai3="58,7,32,27,107,110,70,103,88,99,97,80,76"/><T114/><D124/><U90/><E106/><V26/><F126/><W50/><G70/><T43/><D43/><U64/><E74/><V51/><F73/><W14/><G110/><T2/><D2/><U86/><E119/><V132/><F132/><W5/><G14/><T46/><D133/><U72/><E72/><V122/><F122/><W120/><G120/><T13/><D128/><U11/><E121/><V125/><F125/><W79/><G79/><T38/><D38/><U44/><E127/><V29/><REACH who="2" step="1"/><F61/><REACH who="2" ten="250,250,240,250" step="2"/><W48/><G76/><T78/><D78/><U100/><E63/><V19/><F19/><W113/><G113/><T39/><D115/><U77/><E60/><V93/><F93/><W94/><G80/><T66/><D114/><U54/><E77/><V116/><F116/><W53/><REACH who="3" step="1"/><G50/><REACH who="3" ten="250,250,240,240" step="2"/><T112/><D112/><U135/><E135/><V98/><F98/><W71/><G71/><T57/><D49/><U8/><E108/><V118/><F118/><W22/><G22/><T40/><D62/><U82/><E82/><V69/><F69/><W130/><G130/><T129/><D129/><U75/><E75/><V68/><F68/><W65/><G65/><T59/><D67/><U35/><E64/><V15/><F15/><W45/><G45/><AGARI ba="0,2" hai="16,20,26,29,30,36,41,45,47,51,52,83,87,89" machi="45" ten="30,8000,1" yaku="1,1,7,1,54,2,53,1" doraHai="1" doraHaiUra="37" who="2" fromWho="3" sc="250,0,250,0,240,100,240,-80" /><INIT seed="1,0,0,5,2,110" ten="250,250,340,160" oya="1" hai0="19,83,53,118,3,96,11,97,130,89,106,35,69" hai1="21,84,113,107,111,78,18,10,29,75,32,44,4" hai2="81,122,27,12,98,94,47,30,90,131,33,125,67" hai3="105,8,6,116,5,26,93,22,46,13,87,127,126"/><U85/><E107/><V59/><F122/><W76/><G105/><T121/><D118/><U14/><E111/><V56/><F131/><W42/><G6/><T132/><D35/><U74/><E113/><V103/><F125/><W79/><G116/><T91/><D69/><U51/><E29/><V63/><F12/><W100/><G100/><T64/><D64/><U102/><E102/><V39/><F59/><W58/><G58/><T82/><D132/><U55/><E32/><V95/><F81/><W15/><G15/><T72/><D72/><U38/><E38/><V9/><F9/><W101/><G101/><T61/><D11/><U43/><E55/><V108/><F108/><W62/><G62/><T52/><D3/><U70/><E70/><V77/><F77/><W50/><G93/><T57/><D19/><U134/><E134/><V31/><F31/><W71/><G71/><T129/><D57/><U34/><E34/><V25/><F25/><W23/><G23/><T49/><D49/><U86/><REACH who="1" step="1"/><E78/><REACH who="1" ten="250,240,340,160" step="2"/><V1/><F30/><N who="3" m="17751" /><G79/><T16/><D106/><U109/><E109/><V41/><F33/><W20/><G127/><T0/><D129/><U68/><E68/><V88/><F103/><W99/><G126/><T119/><D53/><U117/><E117/><V115/><F115/><W54/><G54/><T80/><D52/><U135/><E135/><V114/><F114/><W120/><G76/><T133/><D133/><U124/><E124/><V40/><F39/><W48/><G48/><T123/><D119/><U60/><E60/><V112/><F63/><W28/><G50/><RYUUKYOKU ba="0,1" sc="250,-10,240,30,340,-10,160,-10" hai1="4,10,14,18,21,43,44,51,74,75,84,85,86" /><INIT seed="1,1,1,5,5,32" ten="240,270,330,150" oya="1" hai0="35,12,2,42,132,47,106,112,120,110,50,21,76" hai1="19,94,90,84,63,75,1,0,15,115,49,134,124" hai2="103,60,126,48,85,74,53,34,122,31,55,56,104" hai3="102,52,99,17,125,111,109,116,114,91,105,98,108"/><U130/><E115/><V123/><F74/><W129/><G114/><T96/><D112/><U9/><E130/><V95/><F126/><W121/><G121/><T70/><D35/><U5/><E124/><V11/><F104/><W58/><G125/><T83/><D70/><U40/><E134/><V37/><F37/><W44/><G129/><T117/><D117/><U45/><E75/><V27/><F11/><W97/><G116/><T23/><D110/><U16/><REACH who="1" step="1"/><E63/><REACH who="1" ten="240,260,330,150" step="2"/><V78/><F60/><N who="3" m="35911" /><G91/><T67/><D132/><U24/><E24/><V13/><F27/><W73/><G73/><T3/><D120/><U133/><E133/><V128/><F128/><W7/><G7/><T46/><D106/><U20/><E20/><V77/><F122/><W69/><G69/><T64/><D23/><U88/><E88/><V6/><F34/><W54/><G17/><AGARI ba="1,2" hai="0,1,5,9,15,16,17,19,40,45,49,84,90,94" machi="17" ten="40,12000,1" yaku="1,1,52,2,54,1,53,1" doraHai="32" doraHaiUra="8" who="1" fromWho="3" sc="240,0,260,143,330,0,150,-123" /><INIT seed="1,2,0,2,1,25" ten="240,403,330,27" oya="1" hai0="133,15,126,22,109,8,55,132,56,131,80,105,9" hai1="37,6,86,87,38,44,10,40,135,129,61,102,43" hai2="84,122,50,85,30,115,31,71,90,11,53,83,117" hai3="134,123,125,13,119,118,26,36,58,74,18,33,101"/><U114/><E114/><V19/><F117/><N who="3" m="44555" /><G74/><T16/><D105/><U73/><E73/><V65/><F122/><W42/><G101/><T70/><D70/><U52/><E129/><V72/><F72/><W95/><G95/><T92/><D80/><U66/><E135/><N who="0" m="51785" /><D109/><U78/><E102/><V46/><F115/><W103/><G103/><T23/><D131/><U121/><E121/><V3/><F3/><W124/><G58/><T59/><D59/><U63/><E78/><N who="2" m="46199" /><F65/><W27/><G134/><T39/><D39/><U4/><E10/><V54/><F71/><W81/><G81/><T94/><D9/><U111/><E111/><V29/><F19/><W91/><G91/><T106/><D106/><U62/><E66/><V17/><F17/><W128/><G128/><T79/><D79/><U130/><E130/><V89/><F11/><N who="3" m="6463" /><G123/><T5/><D126/><N who="3" m="48745" /><G33/><T7/><D94/><U75/><E75/><V47/><F85/><W21/><G21/><N who="0" m="7691" /><D92/><U120/><E120/><V93/><F93/><W99/><G99/><T35/><D35/><U96/><E96/><V57/><F47/><AGARI ba="2,0" hai="26,27,36,42,47" m="48745,6463,44555" machi="47" ten="30,2000,0" yaku="12,1,18,1" doraHai="25" who="3" fromWho="2" sc="240,0,403,0,330,-26,27,26" /><INIT seed="2,0,0,5,3,92" ten="240,403,304,53" oya="2" hai0="113,105,34,90,133,46,132,23,35,7,18,96,116" hai1="88,38,20,40,51,28,21,32,127,60,122,48,109" hai2="83,111,100,43,69,64,58,13,36,121,16,94,82" hai3="6,10,62,134,95,80,9,44,11,72,115,77,57"/><V5/><F121/><W114/><G134/><N who="0" m="51819" /><D113/><U39/><E32/><V25/><F69/><W49/><G6/><T31/><D31/><U103/><E28/><V101/><F111/><W68/><G68/><T22/><D22/><U130/><E103/><V24/><F36/><W56/><G95/><N who="0" m="56439" /><D105/><U108/><E122/><V41/><F5/><W8/><N who="3" m="2048" /><DORA hai="99" /><W91/><G91/><T54/><D7/><U1/><E21/><N who="2" m="11407" /><F94/><W102/><G102/><N who="2" m="39529" /><F64/><W73/><G73/><T66/><D66/><U89/><E109/><V33/><F58/><W37/><G37/><T131/><D116/><U106/><E38/><V85/><F33/><W52/><REACH who="3" step="1"/><G57/><REACH who="3" ten="240,403,304,43" step="2"/><T12/><D131/><U47/><E39/><V78/><F83/><W75/><G75/><T86/><D35/><U19/><E130/><V104/><F104/><W15/><G15/><T61/><D12/><U26/><E106/><V129/><F129/><W97/><G97/><T110/><D34/><U98/><E98/><V67/><F67/><AGARI ba="0,1" hai="44,49,52,56,62,67,72,77,80,114,115" m="2048" machi="67" ten="50,6400,0" yaku="1,1,54,1,53,1" doraHai="92,99" doraHaiUra="79,87" who="3" fromWho="2" sc="240,0,403,0,304,-64,43,74" /><INIT seed="3,0,0,2,3,121" ten="240,403,240,117" oya="3" hai0="90,25,16,4,47,102,78,134,125,17,104,107,70" hai1="77,108,51,13,35,86,26,48,31,113,55,79,109" hai2="126,30,14,44,24,46,133,66,96,75,59,41,28" hai3="92,110,50,128,106,99,63,29,1,49,38,120,58"/><W101/><G120/><T5/><D70/><U27/><E113/><V117/><F117/><W103/><G38/><T36/><D78/><U40/><E40/><V0/><F0/><W9/><G128/><T2/><D2/><U72/><E72/><V20/><F75/><W114/><G114/><T88/><D36/><U69/><E69/><V22/><F133/><W60/><G60/><T71/><D47/><U76/><E27/><N who="2" m="16487" /><F126/><W91/><G29/><T68/><D25/><U3/><E3/><V19/><F41/><W56/><G56/><T116/><D102/><U123/><E123/><V67/><F96/><W43/><G43/><T54/><D54/><U118/><E118/><V18/><F30/><W39/><G103/><T124/><REACH who="0" step="1"/><D116/><REACH who="0" ten="230,403,240,117" step="2"/><U57/><E13/><V15/><F14/><W37/><G37/><T130/><D130/><U98/><E26/><V62/><F66/><W129/><G39/><T94/><D94/><U53/><E53/><V85/><F44/><W111/><G129/><T8/><D8/><U33/><E55/><V132/><F46/><W87/><G9/><T81/><D81/><U115/><E115/><V61/><F132/><AGARI ba="0,1" hai="4,5,16,17,68,71,88,90,104,107,124,125,132,134" machi="132" ten="25,8000,1" yaku="1,1,22,2,54,2,53,0" doraHai="121" doraHaiUra="73" who="0" fromWho="2" sc="230,90,403,0,240,-80,117,0" /><INIT seed="4,0,0,2,2,39" ten="320,403,160,117" oya="0" hai0="111,53,38,27,40,77,65,119,81,41,19,14,90" hai1="100,28,106,124,25,32,63,46,78,59,133,66,6" hai2="73,43,8,117,108,48,132,87,93,99,29,62,127" hai3="3,26,107,125,120,70,33,135,60,42,4,22,17"/><T105/><D119/><U113/><E133/><V102/><F108/><W75/><G75/><T97/><D38/><U82/><E124/><V76/><F127/><W123/><G107/><T11/><D111/><U2/><E113/><V79/><F132/><W21/><G125/><T35/><D65/><U88/><E2/><V110/><F110/><W13/><G135/><T68/><D68/><U114/><E6/><V85/><F117/><W61/><G42/><T16/><D53/><U50/><E114/><V112/><F112/><W51/><G51/><T1/><D1/><U92/><E106/><V83/><F29/><N who="3" m="19639" /><G22/><N who="0" m="13791" /><D35/><U84/><E100/><V23/><F23/><W96/><G96/><T109/><D105/><U86/><E50/><V74/><F62/><N who="3" m="24171" /><G70/><T9/><D109/><U58/><REACH who="1" step="1"/><E46/><REACH who="1" ten="320,393,160,117" step="2"/><V52/><F48/><W31/><G3/><T30/><D11/><U115/><E115/><V129/><F8/><W45/><G45/><T0/><D0/><U10/><E10/><V44/><F44/><W18/><G4/><T64/><D9/><U7/><E7/><V95/><F102/><W54/><G123/><T55/><D30/><U72/><E72/><V103/><F74/><W12/><G120/><T15/><D16/><U49/><E49/><V98/><F73/><W57/><G31/><T101/><D101/><U116/><E116/><V20/><F103/><W134/><G134/><T89/><D41/><U37/><E37/><V34/><F43/><W118/><G118/><T128/><D40/><U131/><E131/><V67/><F129/><W80/><G18/><T121/><D128/><RYUUKYOKU ba="0,1" sc="320,-10,393,30,160,-10,117,-10" hai1="25,28,32,58,59,63,66,78,82,84,86,88,92" /><INIT seed="5,1,1,5,2,51" ten="310,423,150,107" oya="1" hai0="101,60,119,56,109,97,15,107,19,47,0,6,8" hai1="93,83,89,103,68,134,14,41,88,1,5,31,9" hai2="24,114,105,87,30,73,37,84,72,46,13,77,61" hai3="110,48,42,39,98,124,55,125,2,35,18,27,22"/><U121/><E121/><V116/><F116/><W4/><G110/><T106/><D119/><U45/><E134/><V75/><F105/><W49/><G35/><T123/><D109/><U130/><E130/><V117/><F114/><W81/><G39/><T17/><D123/><U122/><E122/><V58/><F77/><W11/><G98/><T90/><D107/><U21/><E68/><V112/><F112/><W111/><G111/><T57/><D47/><U66/><E66/><V132/><F132/><W63/><G81/><T80/><D56/><U32/><E32/><V7/><F117/><W74/><G74/><T26/><D26/><U67/><E67/><V65/><F7/><W10/><G10/><T69/><D69/><U104/><E104/><V76/><F13/><W79/><G79/><T38/><D38/><U71/><E71/><V12/><F12/><W43/><G63/><T115/><D115/><U91/><E83/><V126/><F76/><W102/><G102/><T3/><D3/><U44/><E41/><V54/><F126/><N who="3" m="48747" /><G49/><T94/><D0/><U25/><E1/><V96/><F96/><AGARI ba="1,1" hai="5,9,14,21,25,31,44,45,88,89,91,93,96,103" machi="96" ten="40,3900,0" yaku="8,1,54,1" doraHai="51" who="1" fromWho="2" sc="310,0,423,52,150,-42,107,0" /><INIT seed="5,2,0,5,1,121" ten="310,475,108,107" oya="1" hai0="25,60,24,125,81,3,28,71,133,120,61,46,29" hai1="57,129,131,66,132,41,43,1,32,115,134,96,95" hai2="76,50,6,116,77,64,94,119,85,33,52,92,42" hai3="9,67,68,99,35,55,14,117,126,17,69,103,10"/><U87/><E1/><V44/><F33/><W39/><G35/><T49/><D3/><U5/><E5/><V70/><F6/><W73/><G73/><T51/><D125/><U47/><E32/><V91/><F92/><W108/><G126/><T13/><D133/><N who="1" m="51307" /><E87/><V0/><F0/><W74/><G39/><T82/><D71/><U102/><E115/><V101/><F101/><W36/><G36/><T63/><D120/><U45/><E66/><V112/><F112/><W8/><G74/><T56/><D13/><U106/><E57/><V128/><F128/><N who="1" m="49225" /><E106/><V19/><F19/><W31/><G31/><T89/><D56/><U53/><E53/><V127/><F127/><W62/><G69/><T7/><D7/><U105/><E105/><V15/><F15/><W18/><G18/><T11/><D63/><U118/><E118/><V111/><F116/><W20/><G117/><T72/><D72/><U34/><E34/><V90/><F119/><W78/><G55/><T130/><D130/><U109/><E109/><V104/><F111/><W16/><G108/><T122/><D122/><U21/><E21/><V54/><F104/><W135/><G135/><T98/><D11/><U2/><E2/><V48/><F64/><W124/><G124/><T75/><D75/><U110/><E110/><V113/><F70/><W26/><G78/><N who="2" m="30313" /><F113/><W58/><G68/><T100/><D28/><U38/><E38/><V86/><F50/><W83/><G83/><T107/><D29/><U30/><E30/><V84/><F86/><W22/><G22/><T27/><D51/><U88/><E102/><RYUUKYOKU ba="2,0" sc="310,-30,475,10,108,10,107,10" hai1="41,43,45,47,88,95,96" hai2="42,44,48,52,54,84,85,90,91,94" hai3="8,9,10,14,16,17,20,26,58,62,67,99,103" /><INIT seed="5,3,0,4,2,110" ten="280,485,118,117" oya="1" hai0="14,113,115,105,20,111,104,106,42,16,10,112,79" hai1="130,18,17,120,24,67,91,63,94,11,86,34,70" hai2="64,98,74,7,116,108,21,31,54,75,2,80,3" hai3="4,102,77,71,89,8,134,41,28,83,128,127,82"/><U133/><E120/><V32/><F108/><W117/><G71/><T121/><D111/><U29/><E130/><V131/><F116/><W69/><G69/><T22/><D121/><U61/><E133/><V114/><F64/><W33/><G134/><T62/><D79/><U50/><E63/><V107/><F54/><W124/><G128/><T92/><D42/><U35/><E35/><V51/><F51/><W52/><G117/><T93/><D62/><U12/><REACH who="1" step="1"/><E50/><REACH who="1" ten="280,475,118,117" step="2"/><V43/><F32/><W125/><G33/><T97/><REACH who="0" step="1"/><D93/><REACH who="0" ten="270,475,118,117" step="2"/><U68/><E68/><V66/><F131/><W30/><G127/><T1/><D1/><U26/><E26/><V95/><F3/><W81/><G125/><T15/><D15/><U39/><E39/><V135/><F2/><W19/><G124/><T76/><D76/><U59/><E59/><V0/><F95/><W84/><G77/><T101/><AGARI ba="3,2" hai="10,14,16,20,22,92,97,101,104,105,106,112,113,115" machi="101" ten="40,12000,2" yaku="1,1,0,1,15,1,52,3,54,1,53,0" doraHai="110" doraHaiUra="72" who="0" fromWho="0" sc="270,149,475,-63,118,-33,117,-33" /><INIT seed="6,0,0,0,5,82" ten="419,412,85,84" oya="2" hai0="46,39,98,132,126,10,28,41,19,58,133,69,35" hai1="11,103,15,42,135,78,70,33,96,118,25,63,120" hai2="107,31,0,88,110,45,87,22,7,26,34,8,104" hai3="66,101,21,49,6,5,129,56,57,3,38,99,100"/><V20/><F110/><W97/><G38/><T80/><D69/><U23/><E118/><V123/><F123/><W89/><G129/><T54/><D126/><U55/><E33/><V130/><F130/><W1/><G89/><T17/><D98/><U113/><E135/><N who="0" m="51785" /><D80/><U122/><E42/><V74/><F74/><W115/><G49/><N who="0" m="31055" /><D10/><U90/><E78/><V72/><F72/><W109/><G109/><T62/><D62/><U16/><E90/><V111/><F111/><W61/><G61/><T36/><D39/><U131/><E131/><V105/><REACH who="2" step="1"/><F45/><REACH who="2" ten="419,412,75,84" step="2"/><W106/><G115/><T116/><D116/><U65/><E113/><V30/><F30/><W124/><G124/><T29/><D29/><U81/><E120/><V27/><F27/><AGARI ba="0,1" hai="17,19,27,28,35,36,41,46" m="31055,51785" machi="27" ten="30,1000,0" yaku="20,1" doraHai="82" who="0" fromWho="2" sc="419,20,412,0,75,-10,84,0" /><INIT seed="7,0,0,5,0,67" ten="439,412,65,84" oya="3" hai0="115,13,134,81,30,12,6,82,0,130,24,84,110" hai1="17,76,3,10,109,127,112,70,77,86,59,31,56" hai2="113,2,38,36,119,49,117,93,57,47,97,48,102" hai3="95,129,43,34,53,101,14,83,66,42,79,121,7"/><W62/><G34/><T131/><D110/><U72/><E109/><V133/><F2/><W68/><G121/><T120/><D120/><U106/><E106/><V80/><F133/><W92/><G129/><N who="0" m="49163" /><D115/><U4/><E72/><V85/><F113/><W27/><G27/><T28/><D134/><U122/><E122/><V91/><F57/><W103/><G53/><T63/><D63/><U37/><E37/><V50/><REACH who="2" step="1"/><F47/><REACH who="2" ten="439,412,55,84" step="2"/><W35/><G35/><T21/><D0/><U132/><E132/><V107/><F107/><W125/><G125/><T58/><D58/><U20/><E112/><V114/><F114/><W55/><G55/><T32/><D32/><U89/><E127/><V96/><F96/><W1/><G1/><T126/><D126/><U15/><E70/><V40/><F40/><W18/><G7/><T88/><D6/><U74/><E31/><V71/><F71/><W23/><G43/><T99/><D99/><U52/><E74/><V45/><F45/><W124/><G42/><T100/><D30/><U33/><E33/><V60/><F60/><W105/><G124/><T61/><D61/><U104/><E104/><V26/><F26/><W123/><G123/><T108/><D108/><U11/><E11/><V41/><F41/><W90/><G105/><T135/><D135/><U9/><E9/><V5/><F5/><W29/><G29/><T64/><D64/><U98/><E98/><V44/><F44/><W16/><G18/><T8/><D8/><U78/><E52/><V118/><AGARI ba="0,1" hai="36,38,48,49,50,80,85,91,93,97,102,117,118,119" machi="118" ten="40,2700,0" yaku="1,1,0,1,53,0" doraHai="67" doraHaiUra="51" who="2" fromWho="2" sc="439,-7,412,-7,55,37,84,-13" owari="432,53.0,405,21.0,92,-31.0,71,-43.0" /></mjloggm>