<mjloggm ver="2.3"><GO type="225" lobby="0"/><UN n0="%E3%82%B7%E3%83%88%E3%83%AD%E3%82%A8%E3%83%B3%E3%81%AE%E5%AD%A4%E7%8B%AC" n1="%56%65%6E%75%73%53%61%79" n2="%E5%8F%A4%E6%98%8E%E5%9C%B0%E8%A6%9A" n3="%E6%97%A5%E6%9B%9C%E6%97%A5%E3%82%88%E3%82%8A%E3%81%AE%E4%BD%BF%E8%80%85" dan="17,16,16,17" rate="2197.58,2220.00,2044.61,2158.41" sx="F,M,M,M"/><TAIKYOKU oya="0"/><INIT seed="0,0,0,3,2,28" ten="250,250,250,250" oya="0" hai0="124,120,68,92,2,83,11,102,87,56,98,114,105" hai1="35,36,15,59,29,51,23,95,4,12,116,76,31" hai2="9,61,21,62,26,85,24,126,39,132,13,106,86" hai3="110,104,121,0,1,80,18,7,63,75,50,3,72"/><T122/><D68/><U115/><E116/><V10/><F106/><W127/><G104/><T5/><D124/><U70/><E36/><V112/><F39/><W123/><G127/><T42/><D114/><U40/><E70/><V44/><F112/><W53/><G110/><T37/><D105/><U49/><E115/><V94/><F126/><W109/><G109/><T6/><D6/><U111/><E111/><V64/><F44/><W101/><G101/><T66/><D42/><U74/><E74/><V43/><F43/><W82/><G7/><T97/><D97/><U100/><E35/><V54/><F54/><W30/><G63/><T128/><D37/><U57/><E76/><V107/><F132/><W131/><G18/><T60/><REACH who="0" step="1"/><D128/><REACH who="0" ten="240,250,250,250" step="2"/><U77/><E4/><V117/><F107/><W88/><G131/><T46/><D46/><U91/><E40/><V96/><F96/><W135/><G135/><T41/><D41/><U73/><E59/><V48/><F117/><W84/><G123/><T20/><D20/><U113/><E23/><V71/><F21/><W118/><G121/><T119/><D119/><U14/><E57/><V81/><F71/><W8/><G118/><T90/><AGARI ba="0,1" hai="2,5,11,56,60,66,83,87,90,92,98,102,120,122" machi="90" ten="20,7800,0" yaku="1,1,0,1,7,1,53,1" doraHai="28" doraHaiUra="34" who="0" fromWho="0" sc="240,88,250,-26,250,-26,250,-26" /><INIT seed="0,1,0,2,4,37" ten="328,224,224,224" oya="0" hai0="120,133,68,31,12,61,54,131,56,5,13,44,11" hai1="109,132,77,87,130,84,20,121,89,40,129,22,43" hai2="36,80,82,18,60,6,26,42,10,8,25,27,62" hai3="126,81,57,76,105,69,91,119,29,122,113,51,106"/><T65/><D120/><U103/><E121/><V114/><F114/><W101/><G122/><T48/><D131/><N who="1" m="50187" /><E109/><V15/><F36/><W49/><G113/><T70/><D133/><U2/><E132/><V63/><REACH who="2" step="1"/><F42/><REACH who="2" ten="328,224,214,224" step="2"/><N who="1" m="15913" /><E2/><AGARI ba="1,1" hai="2,6,8,10,15,18,25,26,27,60,62,63,80,82" machi="2" ten="40,1300,0" yaku="1,1,53,0" doraHai="37" doraHaiUra="88" who="2" fromWho="1" sc="328,0,224,-16,214,26,224,0" /><INIT seed="1,0,0,1,1,107" ten="328,208,240,224" oya="1" hai0="86,53,1,25,111,12,125,52,109,24,82,26,34" hai1="113,20,80,94,8,112,0,87,6,93,85,77,27" hai2="36,57,60,108,38,61,72,33,106,67,116,104,39" hai3="13,119,103,14,101,110,46,43,42,66,91,51,47"/><U63/><E63/><V31/><F116/><W28/><G119/><T69/><D1/><U54/><E54/><N who="0" m="21097" /><D125/><U84/><E94/><V83/><F108/><N who="0" m="41546" /><D69/><U10/><E8/><V96/><F96/><W98/><G110/><T35/><D12/><U58/><E58/><V15/><F15/><W92/><G28/><T95/><D95/><U70/><E70/><V126/><F126/><W128/><G128/><T73/><D73/><U117/><E117/><V55/><F31/><W90/><G66/><T127/><D127/><U32/><E32/><V45/><F33/><W65/><G65/><T74/><D74/><U17/><REACH who="1" step="1"/><E93/><REACH who="1" ten="328,198,240,224" step="2"/><V48/><REACH who="2" step="1"/><F60/><REACH who="2" ten="328,198,230,224" step="2"/><W130/><G130/><T44/><D44/><U120/><E120/><V99/><F99/><W7/><G98/><T132/><D132/><U62/><E62/><V22/><F22/><W97/><G97/><T23/><D23/><U124/><E124/><V18/><F18/><W123/><G123/><T56/><D56/><U11/><E11/><V5/><F5/><W135/><G7/><T68/><D68/><U37/><E37/><V4/><F4/><W81/><G135/><T2/><D2/><U71/><E71/><V59/><F59/><W64/><G47/><T122/><D122/><U118/><E118/><V121/><F121/><W78/><G46/><T30/><D35/><U133/><E133/><V29/><F29/><W41/><G51/><T131/><D131/><U75/><AGARI ba="0,2" hai="0,6,10,17,20,27,75,77,80,84,85,87,112,113" machi="75" ten="30,11700,0" yaku="1,1,0,1,52,1,53,1" doraHai="107" doraHaiUra="21" who="1" fromWho="1" sc="328,-39,198,137,230,-39,224,-39" /><INIT seed="1,1,0,0,3,68" ten="289,335,191,185" oya="1" hai0="118,100,51,27,58,1,87,45,38,131,106,10,20" hai1="4,60,121,72,29,86,109,79,32,19,73,28,75" hai2="47,5,108,69,132,128,76,52,98,127,97,107,21" hai3="61,13,7,110,78,18,36,91,56,33,95,62,104"/><U123/><E109/><V3/><F69/><W96/><G110/><T125/><D118/><U8/><E19/><V39/><F108/><W129/><G129/><T89/><D131/><U80/><E60/><V24/><F128/><W54/><G33/><T65/><D125/><U59/><E59/><V130/><F130/><W66/><G36/><T11/><D100/><U30/><REACH who="1" step="1"/><E32/><REACH who="1" ten="289,325,191,185" step="2"/><V44/><F127/><W120/><G62/><T42/><D58/><U82/><E82/><V70/><F70/><W12/><G18/><T84/><D65/><U71/><E71/><V94/><F21/><W64/><G66/><T92/><D20/><U85/><E85/><V135/><F135/><W16/><G16/><T77/><D87/><U119/><E119/><V53/><F132/><W17/><G17/><T113/><D84/><U111/><E111/><V50/><F5/><W83/><G7/><T26/><D11/><U41/><E41/><V63/><F63/><W48/><G64/><T43/><D10/><U49/><E49/><V31/><F50/><W55/><G61/><T101/><D43/><U57/><E57/><V9/><F9/><W112/><G56/><T35/><D51/><U116/><E116/><V99/><F44/><W40/><G40/><T6/><D35/><U88/><E88/><V90/><F90/><W103/><G48/><T134/><D89/><U105/><E105/><V126/><F47/><W34/><G34/><T102/><D106/><U124/><E124/><V15/><F126/><W2/><G104/><T115/><D134/><U74/><N who="1" m="18432" /><DORA hai="67" /><U37/><E37/><RYUUKYOKU ba="1,1" sc="289,-10,325,30,191,-10,185,-10" hai1="4,8,28,29,30,79,80,86,121,123" /><INIT seed="1,2,1,0,2,129" ten="279,355,181,175" oya="1" hai0="65,3,19,104,36,14,16,123,80,27,12,57,79" hai1="135,75,77,61,118,133,6,96,32,116,37,5,4" hai2="130,56,76,41,89,54,28,49,71,111,50,39,25" hai3="128,59,93,42,26,35,84,109,43,18,11,0,114"/><U58/><E37/><V45/><F130/><W34/><G128/><T55/><D3/><U92/><E32/><V85/><F111/><W112/><G109/><T87/><D123/><U102/><E75/><V33/><F71/><W88/><G35/><T132/><D104/><U106/><E77/><V124/><F76/><W10/><G59/><T63/><D36/><U113/><E106/><V94/><REACH who="2" step="1"/><F124/><REACH who="2" ten="279,355,171,175" step="2"/><W105/><G114/><T47/><D132/><N who="1" m="50763" /><E113/><V121/><F121/><W115/><G112/><T120/><D120/><U122/><E122/><V62/><AGARI ba="2,2" hai="25,28,33,39,41,45,49,50,54,56,62,85,89,94" machi="62" ten="20,5200,0" yaku="1,1,0,1,7,1,53,1" doraHai="129" doraHaiUra="30" who="2" fromWho="2" sc="279,-15,355,-28,171,78,175,-15" /><INIT seed="2,0,0,2,5,108" ten="264,327,249,160" oya="2" hai0="98,120,37,77,94,23,119,21,22,10,57,29,45" hai1="8,135,54,110,38,15,118,34,35,130,111,90,60" hai2="83,92,5,126,33,42,97,75,72,66,53,49,2" hai3="112,25,1,95,109,87,7,19,51,32,117,56,43"/><V131/><F131/><W127/><G117/><T30/><D120/><U105/><E118/><V115/><F126/><W104/><G104/><T123/><D119/><U80/><E38/><V68/><F33/><W63/><G109/><N who="1" m="41482" /><E105/><V50/><F50/><W17/><G127/><T48/><D123/><U4/><E135/><V20/><F20/><W101/><G1/><T122/><D122/><U27/><E130/><V125/><F125/><W91/><G7/><T107/><D107/><U121/><E121/><V9/><F42/><W99/><G32/><N who="1" m="12330" /><E27/><V47/><F83/><W100/><G25/><T96/><D77/><U86/><E54/><V41/><F53/><W65/><G112/><T133/><D133/><U132/><E132/><V39/><F39/><W26/><G26/><T40/><D10/><U0/><E60/><V13/><F115/><W128/><G128/><T16/><D37/><U62/><E62/><V78/><F66/><W46/><REACH who="3" step="1"/><G101/><REACH who="3" ten="264,327,249,150" step="2"/><T106/><D106/><U14/><AGARI ba="0,1" hai="0,4,8,14,15,80,86,90" m="12330,41482" machi="14" ten="40,1500,0" yaku="14,1" doraHai="108" who="1" fromWho="1" sc="264,-4,327,25,249,-7,150,-4" /><INIT seed="3,0,0,1,0,87" ten="260,352,242,146" oya="3" hai0="76,106,94,88,34,2,82,31,4,124,30,61,52" hai1="129,81,42,66,111,114,70,104,65,85,64,80,96" hai2="74,122,1,120,99,77,79,78,45,13,21,28,110" hai3="44,35,69,126,72,71,116,5,84,8,90,95,75"/><W113/><G113/><T128/><D106/><U118/><E114/><V119/><F1/><W14/><G116/><T62/><D34/><U59/><E70/><V108/><F119/><W105/><G126/><T11/><D124/><U19/><E111/><N who="2" m="42539" /><F74/><W39/><G35/><T25/><D128/><U67/><E67/><V101/><F45/><W50/><G39/><T0/><D0/><U49/><E96/><V135/><F135/><W7/><G105/><T47/><D61/><U131/><E19/><N who="2" m="10479" /><F28/><W117/><G117/><T102/><D102/><U6/><E49/><V93/><AGARI ba="0,0" hai="77,78,79,93,99,101,120,122" m="10479,42539" machi="93" ten="40,1500,0" yaku="14,1" doraHai="87" who="2" fromWho="2" sc="260,-4,352,-4,242,15,146,-7" owari="256,-14.0,348,44.0,257,6.0,139,-36.0" /></mjloggm>