<mjloggm ver="2.3"><GO type="169" lobby="0"/><UN n0="%6B%69%79%6F%70%69%6E" n1="%E8%8C%B6%E8%89%B2%E3%81%AE%E3%82%A2%E3%83%AC" n2="%E9%BA%BB%E9%9B%80%49%51%31%32%30" n3="%69%74%61%2D%70" dan="16,16,16,16" rate="2182.10,2195.56,2163.15,2165.01" sx="M,M,M,M"/><TAIKYOKU oya="0"/><INIT seed="0,0,0,5,5,72" ten="250,250,250,250" oya="0" hai0="27,69,12,66,22,8,105,33,83,119,77,61,50" hai1="130,20,123,43,120,82,54,57,126,35,39,9,48" hai2="63,4,44,3,101,0,11,41,49,114,91,52,124" hai3="129,15,121,23,113,107,111,19,86,81,125,134,28"/><T51/><D33/><U10/><E35/><V99/><F124/><W93/><G107/><T116/><D105/><U108/><E126/><V112/><F0/><W94/><G113/><T102/><D102/><U26/><E108/><V90/><F114/><W53/><G125/><T110/><D110/><U18/><E130/><V6/><F6/><W73/><G73/><T117/><D12/><U100/><E100/><V79/><F112/><W14/><G129/><T42/><D8/><U96/><E96/><V71/><F79/><W21/><G134/><T92/><D92/><U65/><E65/><V7/><F7/><W78/><G111/><T104/><D104/><U64/><E64/><V68/><F68/><W30/><G53/><T132/><D132/><U38/><E38/><V58/><F71/><W67/><G67/><T55/><D42/><U85/><E120/><V29/><F29/><W46/><G46/><T106/><D106/><AGARI ba="0,0" hai="3,4,11,41,44,49,52,58,63,90,91,99,101,106" machi="106" ten="30,2000,0" yaku="7,1,54,1" doraHai="72" who="2" fromWho="0" sc="250,-20,250,0,250,20,250,0" /><INIT seed="1,0,0,4,4,5" ten="230,250,270,250" oya="1" hai0="83,50,135,56,98,43,32,91,109,68,55,125,14" hai1="89,46,131,64,108,130,41,37,80,4,70,128,96" hai2="49,122,7,6,93,120,44,101,79,60,3,102,100" hai3="94,42,54,12,76,87,126,132,27,115,104,34,18"/><U90/><E108/><V106/><F106/><W116/><G115/><T1/><D1/><U53/><E96/><V77/><F60/><W117/><G104/><T40/><D32/><U17/><E17/><V33/><F33/><W92/><G126/><T20/><D68/><U112/><E112/><V62/><F62/><W31/><G132/><T63/><D135/><U16/><E4/><V23/><F93/><W26/><G54/><N who="0" m="34199" /><D125/><U52/><E64/><V88/><F88/><N who="1" m="33897" /><E80/><V103/><F103/><W38/><G42/><T119/><D119/><N who="3" m="45641" /><G27/><T134/><D109/><U97/><E97/><V74/><F74/><W121/><G38/><T127/><D127/><U105/><E70/><V59/><F122/><W57/><G57/><N who="0" m="33015" /><D134/><U86/><E86/><V10/><F59/><W58/><G58/><T36/><D36/><U114/><E114/><V73/><F73/><W24/><G24/><T9/><D98/><U99/><E16/><V8/><F120/><W45/><G45/><T123/><D123/><U124/><E124/><V84/><F84/><W28/><G28/><T51/><D83/><U67/><E67/><V48/><F44/><W35/><G35/><T129/><D91/><U81/><E81/><V110/><F102/><AGARI ba="0,0" hai="37,41,46,52,53,99,102,105,128,130,131" m="33897" machi="102" ten="40,7700,0" yaku="19,1,54,2" doraHai="5" who="1" fromWho="2" sc="230,0,250,77,270,-77,250,0" /><INIT seed="1,1,0,5,0,67" ten="230,327,193,250" oya="1" hai0="75,11,123,94,36,127,126,10,113,84,130,116,64" hai1="59,105,21,89,17,2,32,72,82,0,47,41,39" hai2="48,71,19,3,134,104,81,91,51,49,52,120,78" hai3="22,16,31,53,62,35,45,83,88,8,18,124,40"/><U70/><E32/><V6/><F120/><W65/><G124/><T4/><D75/><U44/><E105/><V25/><F104/><W20/><G53/><T79/><D36/><U118/><E118/><V117/><F134/><W73/><G35/><T69/><D113/><U103/><E103/><V132/><F132/><W99/><G73/><T46/><D11/><U133/><E133/><V108/><F91/><W131/><G131/><T109/><D116/><U42/><E59/><V1/><F19/><W80/><G8/><T114/><D114/><U13/><E70/><V125/><F25/><W63/><G31/><T122/><D46/><U121/><E121/><V87/><F125/><W107/><G107/><T60/><D130/><U101/><E101/><V33/><F33/><W96/><G65/><T135/><D135/><U56/><E56/><V102/><F71/><W54/><G54/><T26/><D127/><U50/><REACH who="1" step="1"/><E89/><REACH who="1" ten="230,317,193,250" step="2"/><V110/><F102/><W34/><G34/><T30/><D126/><U24/><E24/><V115/><F117/><W106/><G106/><T23/><D122/><U58/><E58/><V97/><F115/><W95/><G88/><N who="0" m="53511" /><D123/><U77/><AGARI ba="1,1" hai="0,2,13,17,21,39,41,42,44,47,50,72,77,82" machi="77" ten="30,6000,0" yaku="1,1,0,1,53,1" doraHai="67" doraHaiUra="74" who="1" fromWho="1" sc="230,-21,317,73,193,-21,250,-21" /><INIT seed="1,2,0,2,0,41" ten="209,390,172,229" oya="1" hai0="49,43,69,13,45,14,61,65,131,52,1,133,10" hai1="128,68,3,100,8,127,80,77,88,60,34,124,63" hai2="112,37,54,96,59,30,117,105,62,27,125,109,39" hai3="72,22,116,4,70,40,94,130,64,26,118,28,76"/><U24/><E128/><V36/><F117/><N who="3" m="45163" /><G130/><T44/><D131/><U132/><E100/><V135/><F112/><W16/><G94/><T84/><D133/><U42/><E132/><V134/><F125/><N who="1" m="48201" /><E68/><V85/><F109/><W74/><G4/><T67/><D67/><U33/><E88/><V93/><F85/><W120/><G120/><T6/><D84/><U89/><E89/><V50/><F105/><W15/><G40/><T111/><D111/><U90/><E90/><V99/><F99/><W92/><G92/><T87/><D87/><N who="1" m="48527" /><E42/><V119/><F119/><W12/><G76/><T82/><D82/><U98/><E98/><V121/><F121/><W29/><G64/><T38/><AGARI ba="2,0" hai="1,6,10,13,14,38,43,44,45,49,52,61,65,69" machi="38" ten="20,8000,1" yaku="0,1,7,1,52,2,54,1" doraHai="41" who="0" fromWho="0" sc="209,86,390,-42,172,-22,229,-22" /><INIT seed="2,0,0,0,0,40" ten="295,348,150,207" oya="2" hai0="12,49,74,80,101,133,85,127,48,51,106,29,131" hai1="92,108,59,43,77,132,8,52,3,83,117,37,99" hai2="78,89,118,17,84,65,41,122,63,73,69,72,105" hai3="1,16,135,98,30,44,107,46,66,112,5,82,76"/><V110/><F122/><W71/><G30/><T70/><D70/><U126/><E117/><V7/><F118/><W97/><G1/><T103/><D74/><U39/><E108/><V61/><F105/><W115/><G5/><T87/><D131/><U47/><E126/><V96/><F7/><W95/><G135/><T23/><D127/><U94/><E132/><V114/><F114/><N who="3" m="43563" /><G66/><T38/><D38/><U134/><E39/><V14/><F61/><W50/><G50/><T4/><D106/><U2/><E8/><V100/><F41/><W28/><G28/><T57/><D87/><U32/><E32/><V24/><F24/><W31/><G31/><T26/><D57/><U128/><E128/><V93/><F110/><W9/><G71/><T104/><D104/><U22/><E22/><V81/><F100/><N who="3" m="60479" /><G98/><T35/><D133/><U53/><E134/><V27/><F27/><W62/><G62/><T90/><D35/><U79/><E99/><V20/><AGARI ba="0,0" hai="14,17,20,63,65,69,72,73,78,81,84,89,93,96" machi="20" ten="20,2100,0" yaku="0,1,7,1" doraHai="40" who="2" fromWho="2" sc="295,-7,348,-7,150,21,207,-7" /><INIT seed="2,1,0,4,1,34" ten="288,341,171,200" oya="2" hai0="20,72,101,98,2,74,28,133,62,16,30,58,9" hai1="48,124,4,121,87,130,45,50,18,93,11,127,95" hai2="92,105,134,7,107,104,39,3,111,114,55,66,31" hai3="106,56,97,41,83,24,1,86,14,113,26,70,61"/><V116/><F114/><W89/><G1/><T67/><D133/><U88/><E130/><V108/><F116/><W94/><G70/><T71/><D30/><U52/><E121/><V125/><F134/><W42/><G113/><T51/><D51/><U23/><E50/><V57/><F39/><W91/><G14/><T73/><D71/><U102/><E102/><V22/><F66/><N who="3" m="39207" /><G106/><T38/><D38/><U79/><E79/><V69/><F69/><W82/><G82/><T27/><D2/><U100/><E100/><V99/><F125/><N who="1" m="48201" /><E23/><V5/><F22/><W96/><G96/><T118/><D118/><U103/><E103/><N who="2" m="60903" /><F31/><W19/><G19/><T32/><D9/><U109/><E18/><V12/><F12/><W53/><G53/><T84/><D84/><U81/><E109/><N who="2" m="42059" /><F3/><AGARI ba="1,0" hai="3,4,11,45,48,52,81,87,88,93,95" m="48201" machi="3" ten="30,7700,0" yaku="18,1,52,1,54,2" doraHai="34" who="1" fromWho="2" sc="288,0,341,80,171,-80,200,0" /><INIT seed="3,0,0,4,4,73" ten="288,421,91,200" oya="3" hai0="49,78,42,86,114,72,8,97,71,31,2,1,59" hai1="7,30,133,14,0,41,117,112,93,20,61,134,11" hai2="69,122,74,107,132,80,24,58,44,51,128,40,25" hai3="76,43,75,123,5,101,21,113,34,102,98,13,129"/><W48/><G113/><T57/><D72/><U119/><E112/><V135/><F107/><W99/><G123/><T47/><D71/><U23/><E41/><V96/><F96/><W36/><G36/><T121/><D121/><U103/><E61/><V9/><F69/><W131/><G34/><T15/><D31/><U64/><E64/><V88/><F122/><W110/><G110/><T111/><D111/><U60/><E60/><V77/><F58/><W87/><G87/><T66/><D97/><N who="3" m="36873" /><G48/><T16/><D114/><U65/><E65/><V19/><F88/><W90/><G90/><T81/><REACH who="0" step="1"/><D57/><REACH who="0" ten="278,421,91,200" step="2"/><U22/><E103/><V105/><F105/><W63/><G102/><T125/><D125/><U17/><E93/><V28/><F28/><W127/><G101/><T4/><D4/><U68/><E68/><V37/><F128/><W130/><G5/><T46/><D46/><U124/><E124/><V95/><F95/><W126/><G126/><T109/><D109/><U52/><E30/><V53/><F132/><W79/><G127/><T84/><D84/><U94/><E94/><V29/><F135/><W33/><G75/><T62/><AGARI ba="0,1" hai="1,2,8,15,16,42,47,49,59,62,66,78,81,86" machi="62" ten="30,12000,2" yaku="1,1,0,1,52,1,54,1,53,2" doraHai="73" doraHaiUra="32" who="0" fromWho="0" sc="278,130,421,-30,91,-30,200,-60" /><INIT seed="4,0,0,5,0,58" ten="408,391,61,140" oya="0" hai0="5,62,104,1,122,83,40,129,66,17,36,113,57" hai1="77,26,124,118,100,88,24,55,63,123,82,74,97" hai2="68,8,112,132,16,114,92,11,131,2,23,53,84" hai3="47,43,133,56,94,89,99,29,59,51,3,111,127"/><T52/><D122/><U67/><E123/><V15/><F131/><W98/><G111/><T60/><D129/><U38/><E118/><V119/><F119/><W13/><G127/><T117/><D117/><U70/><E38/><V30/><F132/><W54/><G133/><T120/><D104/><U103/><E124/><V42/><F42/><W18/><G3/><T35/><D35/><U39/><E39/><V130/><F130/><W32/><G29/><T75/><D113/><U87/><E55/><V107/><F107/><W121/><G32/><T128/><D17/><U91/><E91/><V0/><F53/><W80/><G121/><T9/><D128/><U4/><E4/><V85/><F68/><W19/><G80/><T79/><D120/><U78/><E78/><V134/><F134/><W110/><G110/><T25/><D25/><U126/><E126/><V50/><F50/><W12/><G99/><T72/><D72/><U95/><REACH who="1" step="1"/><E103/><REACH who="1" ten="408,381,61,140" step="2"/><V44/><F112/><W86/><G54/><T90/><D90/><U6/><E6/><V28/><F114/><W14/><G86/><T109/><D109/><U135/><E135/><V48/><F85/><W71/><G71/><T21/><D66/><U7/><E7/><V37/><F0/><W34/><G34/><T81/><D79/><U22/><E22/><V64/><F2/><W65/><G65/><T46/><D21/><U69/><E69/><V49/><F64/><W27/><G19/><T101/><D101/><U115/><E115/><V76/><F16/><W93/><G93/><AGARI ba="0,1" hai="24,26,63,67,70,74,77,82,87,88,93,95,97,100" machi="93" ten="30,8000,1" yaku="1,1,7,1,52,1,54,1,53,1" doraHai="58" doraHaiUra="73" who="1" fromWho="3" sc="408,0,381,90,61,0,140,-80" /><INIT seed="5,0,0,1,0,79" ten="408,471,61,60" oya="1" hai0="71,26,124,94,19,123,17,130,133,18,74,41,93" hai1="2,78,7,63,72,128,102,62,134,48,50,36,115" hai2="64,49,75,98,9,29,66,125,111,4,16,120,85" hai3="58,56,14,51,42,43,10,76,119,44,67,112,65"/><U81/><E115/><V6/><F75/><W87/><G112/><T117/><D117/><U86/><E128/><V82/><F111/><W37/><G119/><T24/><D71/><U11/><E134/><V22/><F120/><W5/><G42/><T109/><D109/><U28/><E28/><V39/><F39/><W35/><G35/><T131/><D74/><U40/><E102/><V38/><F38/><W135/><G135/><T70/><D70/><U12/><E12/><V113/><F29/><W55/><G55/><T127/><D41/><U132/><E132/><V107/><F125/><N who="0" m="48202" /><D123/><U118/><E118/><V15/><F49/><W96/><G96/><T95/><D133/><U84/><E84/><V3/><F4/><W54/><G56/><T108/><D108/><U104/><E104/><V69/><F69/><W31/><REACH who="3" step="1"/><G31/><REACH who="3" ten="408,471,61,50" step="2"/><T60/><D60/><U27/><E62/><V23/><F113/><W0/><G0/><T57/><D57/><U106/><E63/><V34/><F34/><W126/><G126/><T46/><D46/><U25/><E2/><V53/><F53/><W13/><G13/><T110/><D110/><U99/><E40/><V129/><F66/><W116/><G116/><T105/><D105/><U122/><E106/><V1/><F64/><W32/><G32/><T103/><D103/><U33/><E99/><V20/><F1/><W68/><G68/><T92/><N who="0" m="23552" /><DORA hai="77" /><T90/><D90/><N who="1" m="51535" /><E33/><V21/><F98/><W30/><G30/><T80/><D131/><U59/><E59/><V45/><F129/><W61/><G61/><T8/><D130/><RYUUKYOKU ba="0,1" sc="408,-10,471,-10,61,-10,50,30" hai3="5,10,14,37,43,44,51,54,58,65,67,76,87" /><INIT seed="6,1,1,1,5,38" ten="398,461,51,80" oya="2" hai0="55,120,79,104,14,90,84,109,118,110,25,134,41" hai1="70,77,122,114,45,60,46,131,128,121,20,28,89" hai2="91,53,83,26,50,44,126,113,82,129,68,101,51" hai3="32,2,43,78,81,56,22,124,93,85,73,66,34"/><V119/><F119/><W125/><G2/><T37/><D120/><N who="1" m="46187" /><E77/><V9/><F68/><W88/><G22/><T10/><D104/><U35/><E35/><V65/><F65/><W33/><G43/><T54/><D79/><U69/><E89/><V105/><F126/><W117/><REACH who="3" step="1"/><G117/><REACH who="3" ten="398,461,51,70" step="2"/><T27/><D41/><U94/><E20/><V49/><F129/><W99/><G99/><T31/><D118/><U61/><E128/><V24/><F24/><W3/><G3/><T7/><D27/><U72/><E131/><V13/><F26/><W130/><G130/><T36/><D36/><U23/><E23/><V127/><F127/><W116/><G116/><T17/><D37/><U40/><E40/><V30/><F30/><W106/><G106/><T92/><D31/><U52/><E28/><V6/><F105/><W86/><G86/><T111/><D25/><U59/><E72/><V64/><F101/><W74/><G74/><T11/><REACH who="0" step="1"/><D134/><REACH who="0" ten="388,461,51,70" step="2"/><U42/><E42/><V62/><F64/><W15/><G15/><AGARI ba="1,3" hai="7,10,11,14,15,17,54,55,84,90,92,109,110,111" machi="15" ten="40,2600,0" yaku="1,1,2,1,53,0" doraHai="38" doraHaiUra="57" who="0" fromWho="3" sc="388,59,461,0,51,0,70,-29" /><INIT seed="7,0,0,4,0,135" ten="447,461,51,41" oya="3" hai0="22,71,29,64,110,130,132,83,49,94,7,38,66" hai1="92,82,24,69,131,44,37,35,98,42,67,84,48" hai2="74,129,119,58,89,39,65,97,112,0,8,57,62" hai3="85,79,50,81,96,70,14,134,6,124,127,121,77"/><W31/><G121/><T109/><D38/><U118/><E48/><V21/><F119/><W13/><G70/><T12/><D71/><U41/><E41/><V4/><F74/><W87/><G134/><T91/><D132/><U104/><E104/><V43/><F112/><W33/><G96/><T20/><D110/><U78/><E131/><V36/><F129/><W128/><G128/><T26/><D109/><U56/><E56/><V18/><F43/><W111/><G111/><T60/><D83/><U126/><E126/><N who="3" m="48170" /><G50/><T88/><D130/><U68/><E67/><N who="0" m="25641" /><D60/><U59/><E59/><V32/><F32/><W99/><G99/><T53/><D94/><U15/><E118/><V30/><F39/><W73/><G6/><T106/><D106/><U72/><E69/><V115/><F115/><W46/><G46/><N who="0" m="27831" /><D7/><U10/><E68/><V103/><F58/><W27/><G77/><T54/><D54/><U23/><E98/><V123/><F36/><W125/><N who="3" m="48178" /><W51/><DORA hai="101" /><G51/><T122/><D122/><U19/><E37/><V100/><F123/><W63/><G63/><T2/><D2/><U40/><E44/><V105/><F103/><W55/><G55/><T11/><D91/><U108/><E108/><V117/><F89/><W133/><G133/><T3/><D88/><N who="1" m="53255" /><E42/><V52/><F65/><W61/><G61/><T75/><D3/><U90/><E90/><V120/><F120/><W113/><G113/><T76/><D76/><U93/><E40/><V102/><F100/><W80/><G80/><T86/><D86/><AGARI ba="0,0" hai="13,14,27,31,33,73,79,81,85,86,87" m="48178" machi="86" ten="40,12000,1" yaku="18,1,52,4" doraHai="135,101" who="3" fromWho="0" sc="447,-120,461,0,51,0,41,120" /><INIT seed="7,1,0,1,5,31" ten="327,461,51,161" oya="3" hai0="52,90,10,88,12,6,53,106,36,5,82,116,72" hai1="27,103,50,15,102,122,47,68,133,54,117,93,9" hai2="23,131,115,118,20,83,43,61,40,59,100,2,62" hai3="111,32,11,56,21,74,63,55,86,24,29,135,107"/><W110/><G107/><T25/><D116/><U121/><E68/><V81/><F118/><W127/><G74/><T4/><D36/><U105/><E117/><V38/><F2/><W125/><G11/><T120/><D120/><U30/><E133/><V95/><F38/><W8/><G8/><T39/><D39/><U134/><E105/><V60/><F115/><W99/><G86/><N who="0" m="50263" /><D72/><U97/><E102/><V104/><F104/><W35/><G99/><T34/><D34/><N who="3" m="12841" /><G135/><T49/><D106/><U18/><E134/><V71/><F71/><W14/><G14/><T77/><D77/><U28/><E28/><V48/><F100/><W37/><G37/><T132/><D132/><U92/><E92/><V1/><F95/><W78/><G78/><T0/><D0/><U79/><E79/><V26/><F1/><W76/><G76/><T17/><D25/><U13/><E15/><V33/><F33/><AGARI ba="1,0" hai="9,13,18,27,30,33,47,50,54,93,97,103,121,122" machi="33" ten="30,2000,0" yaku="7,1,52,1" doraHai="31" who="1" fromWho="2" sc="327,0,461,23,51,-23,161,0" owari="327,13.0,484,58.0,28,-47.0,161,-24.0" /></mjloggm>