<mjloggm ver="2.3"><GO type="169" lobby="0"/><UN n0="%70%6F%70%69%70%61" n1="%E3%83%93%E3%83%81%E3%83%A3%E5%B1%B1%E3%83%93%E3%83%81%E3%83%A3%E7%94%B7" n2="%54%61%62%61%73%63%6F" n3="%E3%81%B2%E3%81%90%E3%81%A1" dan="16,16,17,16" rate="2072.52,2095.64,2174.53,2099.64" sx="M,M,M,M"/><TAIKYOKU oya="0"/><INIT seed="0,0,0,4,4,132" ten="250,250,250,250" oya="0" hai0="21,130,49,68,100,37,62,129,106,80,12,134,110" hai1="8,31,112,111,121,77,22,65,42,94,44,71,52" hai2="79,27,70,122,103,0,59,17,34,56,73,117,98" hai3="131,1,47,113,43,88,86,92,36,104,55,18,72"/><T54/><D37/><U10/><E121/><V97/><F70/><W33/><G113/><T64/><D134/><U74/><E111/><V35/><F122/><W30/><G131/><N who="0" m="50187" /><D110/><U28/><E77/><V40/><F0/><W99/><G72/><T51/><D80/><U118/><E74/><V38/><F117/><W75/><G75/><T41/><D41/><U109/><E65/><V50/><F38/><W67/><G1/><T123/><D123/><U101/><E71/><V29/><F34/><W60/><G55/><T85/><D85/><U124/><E52/><V120/><F17/><W11/><G33/><T24/><D12/><U26/><E118/><V20/><F35/><W25/><G30/><N who="0" m="17679" /><D54/><U116/><E116/><V105/><F98/><AGARI ba="0,0" hai="49,51,62,64,68,98,100,106" m="17679,50187" machi="98" ten="30,1500,0" yaku="19,1" doraHai="132" who="0" fromWho="2" sc="250,15,250,0,250,-15,250,0" /><INIT seed="0,1,0,3,1,111" ten="265,250,235,250" oya="0" hai0="60,59,32,110,45,112,71,14,3,104,53,24,7" hai1="78,62,2,23,51,124,63,113,4,130,39,99,56" hai2="80,69,76,118,34,8,57,13,79,49,55,64,92" hai3="31,105,1,15,28,115,100,123,46,91,54,83,73"/><T25/><D3/><U114/><E39/><V98/><F34/><W19/><G1/><T37/><D104/><U82/><E124/><V33/><F33/><W133/><G123/><T134/><D110/><U87/><E130/><V88/><F118/><W129/><G133/><T119/><D119/><U103/><E23/><V84/><F69/><W11/><G129/><T65/><D134/><U21/><E21/><V27/><F27/><W128/><G128/><T48/><D32/><U35/><E35/><V125/><F125/><W0/><G0/><T102/><D102/><U131/><E131/><V93/><F64/><W70/><G70/><T126/><D126/><U40/><E4/><V41/><F41/><W97/><G73/><T26/><D14/><U96/><E2/><V72/><F72/><W101/><G101/><T68/><D68/><U6/><E6/><V61/><F93/><W5/><G5/><T38/><D7/><U10/><E10/><V74/><F74/><W43/><G115/><N who="1" m="44042" /><E99/><V50/><F79/><W95/><G54/><T77/><D112/><U75/><E75/><V66/><F55/><W121/><G121/><T17/><D77/><U116/><E116/><V106/><F106/><W109/><G109/><T108/><D108/><U20/><E20/><V9/><F9/><W90/><G105/><T29/><D29/><U86/><E86/><V18/><AGARI ba="1,0" hai="8,13,18,49,50,57,61,66,76,80,84,88,92,98" machi="18" ten="20,5200,0" yaku="0,1,7,1,8,1,54,1" doraHai="111" who="2" fromWho="2" sc="265,-27,250,-14,235,55,250,-14" /><INIT seed="1,0,0,1,0,95" ten="238,236,290,236" oya="1" hai0="119,17,12,43,3,94,65,79,101,120,18,103,7" hai1="26,64,50,69,75,99,1,109,20,41,68,67,15" hai2="56,129,97,80,110,90,117,59,111,28,85,78,61" hai3="34,35,86,32,71,107,98,81,37,33,63,96,46"/><U62/><E1/><V29/><F117/><W122/><G122/><T60/><D119/><U115/><E75/><V121/><F121/><W58/><G71/><T25/><D3/><U31/><E115/><V8/><F129/><W47/><N who="3" m="8192" /><DORA hai="55" /><W125/><G125/><T44/><D79/><U9/><E109/><N who="2" m="41483" /><F8/><W82/><G82/><T36/><D25/><U21/><E21/><V42/><F42/><W2/><G2/><T104/><D104/><U48/><E41/><V89/><F89/><W126/><G126/><T73/><D103/><U49/><E99/><V131/><F131/><W27/><G27/><T118/><D73/><U39/><E39/><V53/><F59/><W135/><G135/><T128/><D118/><U83/><E83/><V13/><F13/><W124/><G124/><T23/><D128/><U133/><E133/><V88/><F78/><W93/><G107/><T84/><D84/><U70/><REACH who="1" step="1"/><E62/><REACH who="1" ten="238,226,290,236" step="2"/><V106/><F106/><W114/><G114/><T134/><D60/><U16/><AGARI ba="0,1" hai="9,15,16,20,26,31,48,49,50,64,67,68,69,70" machi="16" ten="40,12000,1" yaku="1,1,2,1,0,1,54,1,53,1" doraHai="95,55" doraHaiUra="108,11" who="1" fromWho="1" sc="238,-40,226,130,290,-40,236,-40" /><INIT seed="1,1,0,1,0,2" ten="198,356,250,196" oya="1" hai0="130,100,40,104,90,39,10,78,108,68,76,45,32" hai1="38,72,54,17,126,98,16,37,46,121,42,11,49" hai2="122,74,27,79,1,28,34,47,29,77,70,8,26" hai3="23,106,135,48,92,102,103,7,69,113,60,36,117"/><U85/><E121/><V5/><F122/><W41/><G113/><T125/><D108/><U57/><E72/><V50/><F70/><W110/><G110/><T18/><D130/><U107/><E126/><V97/><F97/><W9/><G135/><T65/><D90/><U21/><E85/><V112/><F74/><W12/><G36/><T120/><D18/><U133/><E133/><V82/><F82/><W56/><G117/><T35/><D125/><U13/><E107/><V73/><F73/><W33/><G33/><T58/><D58/><U59/><E98/><V118/><F118/><W3/><G106/><T62/><D120/><U131/><E131/><V6/><F6/><W75/><G75/><T127/><D127/><U99/><E99/><V63/><F63/><W31/><G69/><T66/><D66/><U64/><E59/><V124/><F112/><W84/><G3/><T119/><D119/><U95/><E95/><V105/><F105/><W0/><G0/><T80/><D10/><U25/><REACH who="1" step="1"/><E64/><REACH who="1" ten="198,346,250,196" step="2"/><V88/><F124/><W14/><G84/><T83/><D83/><U86/><E86/><V55/><REACH who="2" step="1"/><F88/><REACH who="2" ten="198,346,240,196" step="2"/><W67/><G92/><T19/><D80/><U116/><E116/><V51/><F51/><AGARI ba="1,2" hai="11,13,16,17,21,25,37,38,42,46,49,51,54,57" machi="51" ten="30,11600,0" yaku="1,1,7,1,54,1,53,1" doraHai="2" doraHaiUra="53" who="1" fromWho="2" sc="198,0,346,139,240,-119,196,0" /><INIT seed="1,2,0,3,0,125" ten="198,485,121,196" oya="1" hai0="133,46,13,100,120,43,45,118,26,134,112,47,69" hai1="36,64,88,52,89,96,55,70,40,76,58,51,129" hai2="27,123,19,0,90,24,53,57,37,91,94,122,34" hai3="2,59,15,106,48,31,3,25,16,62,8,41,108"/><U85/><E129/><V97/><F37/><W99/><G108/><T32/><D118/><U82/><E55/><V67/><F0/><W35/><G48/><T18/><D69/><U66/><E96/><V54/><F67/><W116/><G41/><T23/><D112/><U39/><E66/><V75/><F75/><W124/><G124/><T17/><D120/><U131/><E131/><V44/><F44/><W117/><G99/><T12/><D100/><U102/><E102/><V101/><F34/><W10/><G106/><T86/><D86/><U130/><E130/><V56/><F97/><W110/><G110/><T38/><D12/><U95/><E95/><V61/><F101/><W42/><G42/><T105/><D105/><U98/><E98/><V128/><F128/><W28/><G59/><T81/><D81/><U30/><E30/><V127/><F127/><W114/><G62/><T5/><D5/><U103/><E103/><V14/><F14/><N who="3" m="7239" /><G31/><N who="0" m="19575" /><D18/><U60/><E36/><V20/><F27/><W4/><G114/><T77/><D77/><U79/><E76/><V121/><REACH who="2" step="1"/><F94/><REACH who="2" ten="198,485,111,196" step="2"/><W11/><G2/><T7/><D38/><U29/><E29/><V132/><F132/><N who="0" m="50794" /><D43/><U74/><E74/><V93/><F93/><W49/><G117/><T92/><D92/><U104/><E104/><V71/><F71/><W33/><G116/><T72/><D72/><U65/><E64/><V78/><F78/><W83/><G35/><T109/><D109/><U73/><E73/><V111/><F111/><W135/><G135/><T6/><AGARI ba="2,1" hai="6,7,13,17,23,45,46,47" m="50794,19575" machi="6" ten="40,1500,0" yaku="20,1" doraHai="125" who="0" fromWho="0" sc="198,31,485,-9,111,-6,196,-6" /><INIT seed="2,0,0,4,5,111" ten="229,476,105,190" oya="2" hai0="27,52,65,124,90,59,97,113,79,129,67,1,63" hai1="21,107,3,76,33,101,117,57,43,49,14,42,20" hai2="106,99,100,5,110,126,34,60,134,17,55,73,116" hai3="45,85,105,56,37,47,81,30,118,70,86,32,120"/><V74/><F116/><W69/><G118/><T80/><D129/><U132/><E3/><V82/><F34/><W130/><G105/><T23/><D124/><U58/><E33/><V44/><F126/><W123/><G30/><T114/><D1/><U88/><E76/><V78/><F134/><W102/><G32/><T6/><D6/><U36/><E36/><V72/><F5/><W68/><G102/><T122/><D122/><U109/><E107/><V83/><F83/><W8/><G8/><T9/><D9/><U48/><E101/><V40/><F17/><W22/><G22/><T2/><D2/><U115/><E117/><V112/><F110/><W89/><G130/><T94/><D67/><U26/><E109/><V46/><F112/><W66/><G37/><T16/><D65/><U53/><E14/><V92/><F106/><W104/><G104/><T35/><D35/><U91/><E53/><V135/><F135/><W12/><G12/><T38/><D38/><U28/><E132/><V77/><F77/><W54/><G66/><T10/><D10/><U4/><E4/><V31/><F31/><W39/><G86/><AGARI ba="0,0" hai="16,23,27,52,59,63,79,80,86,90,94,97,113,114" machi="86" ten="30,12000,2" yaku="7,1,25,2,52,2,54,2" doraHai="111" who="0" fromWho="3" sc="229,120,476,0,105,0,190,-120" /><INIT seed="3,0,0,3,4,116" ten="349,476,105,70" oya="3" hai0="95,32,56,29,125,93,70,71,94,40,66,60,86" hai1="36,101,120,83,76,9,51,64,114,112,5,8,132" hai2="68,74,106,30,133,50,17,44,121,100,80,113,6" hai3="0,72,43,48,57,135,46,3,7,82,19,115,67"/><W39/><G115/><T90/><D125/><U21/><E9/><V49/><F113/><W87/><G135/><T2/><D2/><U53/><E64/><V1/><F68/><W118/><G118/><T25/><REACH who="0" step="1"/><D40/><REACH who="0" ten="339,476,105,70" step="2"/><U35/><E112/><V110/><F1/><W20/><G0/><T58/><D58/><U97/><E114/><V130/><F133/><W98/><G3/><T62/><D62/><U14/><E132/><V45/><F110/><W22/><G43/><T27/><D27/><U4/><E120/><V24/><F121/><W102/><G57/><T124/><D124/><U96/><E14/><V134/><F24/><W126/><G126/><T63/><D63/><U122/><E122/><V11/><F134/><W104/><G46/><T28/><D28/><U13/><E13/><V108/><F30/><W91/><G39/><T119/><D119/><U65/><E36/><V75/><F108/><W79/><G48/><T107/><D107/><U26/><E51/><V59/><F45/><W33/><G33/><T103/><D103/><U131/><E101/><V123/><F100/><W37/><G37/><T31/><D31/><U34/><E34/><V12/><F106/><W47/><G47/><T111/><D111/><U128/><E26/><V89/><F44/><W52/><G104/><T10/><D10/><U88/><E8/><V41/><F50/><W42/><G42/><T16/><D16/><U81/><E35/><V73/><F49/><W109/><G109/><T15/><D15/><U117/><E117/><V78/><F123/><W55/><G102/><T84/><D84/><RYUUKYOKU ba="0,1" sc="339,30,476,-10,105,-10,70,-10" hai0="25,29,32,56,60,66,70,71,86,90,93,94,95" /><INIT seed="4,1,1,3,0,115" ten="369,466,95,60" oya="0" hai0="24,126,13,25,96,10,74,88,2,109,64,81,41" hai1="4,56,35,69,45,23,79,57,105,93,71,19,86" hai2="130,85,59,17,63,18,31,49,33,29,58,117,77" hai3="1,132,119,68,114,106,84,72,51,36,95,14,62"/><T99/><D2/><U123/><E105/><V98/><F130/><W113/><G1/><T110/><D126/><U108/><E108/><N who="0" m="41577" /><D41/><U48/><E35/><V100/><F49/><W92/><G72/><T65/><D74/><U78/><E69/><V90/><F77/><N who="1" m="29193" /><E71/><V15/><F33/><W125/><G106/><T60/><D99/><U111/><E4/><V128/><F128/><W37/><G125/><T34/><D34/><U0/><E0/><V75/><F75/><W82/><G132/><T52/><D52/><N who="1" m="29711" /><E123/><V50/><F63/><W124/><G124/><T20/><D60/><U55/><E111/><V83/><F50/><W101/><G51/><T122/><D122/><U61/><E57/><V46/><F59/><W118/><G62/><T91/><D81/><U103/><E86/><V87/><F58/><W97/><G14/><T7/><D96/><U80/><E80/><V28/><F46/><W135/><G68/><T8/><D8/><U107/><E107/><V27/><F87/><W70/><G70/><T127/><D127/><U32/><E32/><V94/><F27/><N who="0" m="10314" /><D20/><U21/><E21/><V47/><F47/><W102/><G135/><T38/><D38/><N who="3" m="14953" /><G82/><T30/><D30/><U3/><E3/><V104/><F104/><W66/><G66/><AGARI ba="1,1" hai="7,10,13,64,65,66,88,91" m="10314,41577" machi="66" ten="30,2900,0" yaku="10,1,54,1" doraHai="115" who="0" fromWho="3" sc="369,42,466,0,95,0,60,-32" /><INIT seed="4,2,0,3,2,68" ten="411,466,95,28" oya="0" hai0="125,118,40,134,57,89,113,56,38,65,24,32,4" hai1="35,36,91,39,48,86,88,74,81,100,53,61,124" hai2="41,27,83,121,130,1,99,101,43,3,22,115,129" hai3="75,79,54,52,0,58,69,105,51,7,25,117,112"/><T26/><D118/><U49/><E35/><V5/><F121/><W10/><G117/><T11/><D113/><U6/><E74/><V66/><F115/><W12/><G112/><T37/><D40/><U42/><E61/><V93/><F66/><W60/><G105/><T64/><D125/><U47/><E124/><V76/><F43/><W29/><G75/><T96/><D134/><U9/><E100/><V106/><F106/><W59/><G69/><T8/><D89/><U44/><REACH who="1" step="1"/><E91/><REACH who="1" ten="411,456,95,28" step="2"/><V84/><F129/><W50/><G79/><T62/><D32/><U13/><AGARI ba="2,1" hai="6,9,13,36,39,42,44,47,48,49,53,81,86,88" machi="13" ten="20,12000,2" yaku="1,1,2,1,0,1,7,1,52,2,54,1,53,0" doraHai="68" doraHaiUra="122" who="1" fromWho="1" sc="411,-62,456,136,95,-32,28,-32" owari="349,15.0,592,69.0,63,-34.0,-4,-50.0" /></mjloggm>