<mjloggm ver="2.3"><GO type="169" lobby="0"/><UN n0="%E5%A4%A9%E7%A9%BA%E9%BE%8D" n1="%4E%64%63" n2="%E3%81%A1%E3%81%82%E3%82%8A%E3%81%A3%E3%81%A4" n3="%E3%81%8B%E3%81%B0%E3%82%84%E3%81%8D%E3%82%89%E3%81%8F%E3%81%A0" dan="16,16,17,17" rate="2069.97,2044.62,2181.76,2093.57" sx="M,M,M,M"/><TAIKYOKU oya="0"/><INIT seed="0,0,0,4,1,53" ten="250,250,250,250" oya="0" hai0="30,133,90,47,25,127,6,34,73,130,132,126,112" hai1="118,72,113,35,117,29,39,13,114,56,131,93,58" hai2="135,84,121,61,77,27,74,122,134,3,59,11,24" hai3="98,109,67,18,123,85,69,119,0,42,21,82,10"/><T7/><D73/><U79/><E39/><V20/><F74/><W52/><G119/><T1/><D112/><U40/><E40/><V28/><F77/><W65/><G109/><T50/><D90/><U23/><E35/><V33/><F84/><W128/><G128/><T57/><D57/><N who="1" m="22123" /><E131/><V99/><F99/><W15/><G42/><N who="0" m="24951" /><D130/><U71/><E71/><V46/><F46/><W104/><G69/><T89/><D89/><U95/><E72/><V110/><F110/><W83/><G52/><T66/><D66/><U70/><E70/><V116/><F116/><N who="1" m="44649" /><E79/><V111/><F111/><W91/><G123/><T55/><D55/><U76/><E76/><V54/><F122/><W75/><G75/><T80/><D80/><U36/><E36/><V8/><F121/><W44/><G82/><T2/><D7/><U64/><E64/><V43/><F43/><W88/><G67/><T68/><D68/><U92/><E29/><V124/><F33/><W31/><G65/><T94/><D94/><U63/><E63/><V32/><F32/><W38/><G31/><T16/><D16/><U22/><E13/><V26/><F26/><W97/><G38/><T100/><D100/><U101/><E101/><V5/><F27/><W17/><G15/><T78/><D78/><U107/><E107/><V105/><F105/><W51/><G104/><T115/><D115/><AGARI ba="0,0" hai="22,23,92,93,95,113,114,115" m="44649,22123" machi="115" ten="40,12000,2" yaku="28,2,11,1,52,3" doraHai="53" who="1" fromWho="0" sc="250,-120,250,120,250,0,250,0" /><INIT seed="1,0,0,4,0,101" ten="130,370,250,250" oya="1" hai0="112,6,24,7,45,78,59,3,32,18,42,69,132" hai1="97,74,88,107,28,68,36,14,38,20,92,56,133" hai2="99,0,30,134,128,57,120,65,37,2,115,9,95" hai3="111,89,8,125,127,27,50,41,75,116,104,121,106"/><U130/><E68/><V100/><F128/><W53/><G121/><T122/><D112/><U90/><E130/><V73/><F134/><W15/><G75/><T25/><D69/><U67/><E74/><V63/><F120/><W114/><G114/><T80/><D122/><U10/><E90/><V76/><F115/><W98/><G41/><T54/><D132/><U5/><E133/><V66/><F37/><W39/><G39/><T35/><D59/><U102/><E28/><V23/><F9/><W21/><G111/><T91/><D91/><U61/><REACH who="1" step="1"/><E20/><REACH who="1" ten="130,360,250,250" step="2"/><V83/><REACH who="2" step="1"/><F65/><REACH who="2" ten="130,360,240,250" step="2"/><W82/><G127/><T55/><D78/><U48/><E48/><V77/><F77/><W1/><G125/><T40/><D80/><U22/><E22/><V79/><F79/><W81/><G81/><T12/><D35/><U33/><E33/><V17/><F17/><W109/><G82/><T94/><D32/><U72/><E72/><V51/><F51/><W44/><G50/><T71/><D18/><U131/><E131/><V4/><F4/><W135/><G21/><T113/><D7/><U87/><AGARI ba="0,2" hai="5,10,14,36,38,56,61,67,87,88,92,97,102,107" machi="87" ten="20,12000,1" yaku="1,1,0,1,7,1,52,1,54,1,53,0" doraHai="101" doraHaiUra="64" who="1" fromWho="1" sc="130,-40,360,140,240,-40,250,-40" /><INIT seed="1,1,0,2,4,44" ten="90,500,200,210" oya="1" hai0="39,84,87,51,4,26,83,127,1,21,97,135,105" hai1="119,95,133,131,46,112,90,47,134,79,2,126,72" hai2="23,0,81,75,116,125,30,110,91,36,96,103,94" hai3="123,70,3,64,62,118,71,63,85,93,57,7,106"/><U29/><E112/><V108/><F36/><W99/><G123/><T38/><D1/><U113/><E113/><V52/><F0/><W15/><G3/><T8/><D38/><U13/><E2/><V86/><F116/><W122/><G122/><T92/><D39/><U35/><E35/><V34/><F34/><W28/><G28/><T37/><D37/><U14/><E29/><V55/><F125/><W59/><G106/><T42/><D105/><U73/><E95/><V124/><F124/><W68/><G85/><T18/><D135/><U100/><E126/><V102/><F102/><W89/><G118/><T66/><D66/><U11/><E131/><V58/><F75/><W49/><G49/><T41/><D84/><U78/><E119/><V40/><F40/><W107/><G107/><T121/><D121/><U9/><E90/><V27/><REACH who="2" step="1"/><F55/><REACH who="2" ten="90,500,190,210" step="2"/><W16/><G7/><T53/><D127/><U77/><E77/><V114/><F114/><W61/><REACH who="3" step="1"/><G64/><REACH who="3" ten="90,500,190,200" step="2"/><T24/><D4/><U22/><E134/><V88/><F88/><W17/><G17/><T60/><D18/><U12/><E133/><V120/><F120/><W128/><G128/><T31/><D31/><U67/><E67/><V115/><F115/><W74/><G74/><T48/><D41/><U76/><E100/><V65/><F65/><W69/><N who="3" m="17408" /><DORA hai="54" /><W109/><G109/><T104/><D42/><U132/><E132/><V50/><AGARI ba="1,2" hai="23,27,30,50,52,58,81,86,91,94,96,103,108,110" machi="50" ten="30,12000,2" yaku="1,1,0,1,52,2,54,1,53,2" doraHai="44,54" doraHaiUra="19,20" who="2" fromWho="2" sc="90,-31,500,-61,190,143,200,-31" /><INIT seed="2,0,0,5,4,135" ten="59,439,333,169" oya="2" hai0="46,73,111,87,64,84,112,118,41,133,58,130,63" hai1="80,36,54,91,7,50,31,97,85,121,13,67,34" hai2="69,77,126,109,19,16,15,70,119,132,75,52,2" hai3="0,37,4,51,9,53,27,10,62,90,65,29,23"/><V20/><F119/><W134/><G134/><T33/><D112/><U3/><E36/><V81/><F132/><W22/><G37/><T39/><D133/><U21/><E67/><V106/><F2/><W93/><G10/><T57/><D73/><U14/><E34/><V110/><F126/><W60/><G23/><T116/><D33/><U8/><E121/><V94/><F106/><W17/><G65/><N who="0" m="39151" /><D87/><U96/><E3/><V24/><F94/><W83/><G83/><T131/><D84/><U101/><E101/><V5/><F52/><W88/><G29/><T114/><D114/><U49/><E49/><V86/><F5/><W78/><G78/><T42/><D42/><U104/><E104/><V47/><F47/><W76/><G76/><T95/><D95/><U18/><E31/><V107/><F75/><W68/><G68/><T127/><D111/><N who="2" m="42506" /><F107/><W102/><G102/><T72/><D72/><U35/><E35/><V113/><F113/><W40/><G40/><T43/><D41/><U103/><E103/><V122/><F122/><W117/><G117/><N who="0" m="45163" /><D127/><U79/><E79/><V25/><F25/><W105/><G105/><T61/><AGARI ba="0,0" hai="39,43,46,58,61,64,130,131" m="45163,39151" machi="61" ten="30,4000,0" yaku="12,1,34,2" doraHai="135" who="0" fromWho="0" sc="59,40,439,-10,333,-20,169,-10" /><INIT seed="3,0,0,3,2,30" ten="99,429,313,159" oya="3" hai0="39,82,96,100,70,34,94,106,95,56,135,24,38" hai1="109,116,53,41,103,101,29,132,63,97,105,128,55" hai2="8,47,87,28,129,122,78,115,88,133,19,32,1" hai3="118,73,123,83,61,79,64,58,27,10,112,2,89"/><W86/><G112/><T44/><D135/><U5/><E109/><V124/><F129/><W134/><G134/><T3/><D3/><U131/><E41/><V69/><F124/><W20/><G118/><T117/><D117/><U127/><E132/><V121/><F115/><W21/><G123/><T99/><D70/><U71/><E103/><V110/><F110/><W14/><G2/><T50/><D56/><U90/><E90/><V17/><F78/><W7/><REACH who="3" step="1"/><G27/><REACH who="3" ten="99,429,313,149" step="2"/><T65/><D24/><U125/><E116/><V126/><F133/><W36/><G36/><T91/><D38/><U81/><E127/><V35/><F126/><W60/><G60/><T12/><D39/><U98/><E125/><V46/><F122/><W33/><G33/><T48/><D34/><U104/><E63/><V62/><F35/><W49/><G49/><T120/><D120/><U31/><E128/><V57/><F121/><W74/><G74/><T68/><D50/><U77/><E131/><V40/><F32/><W76/><G76/><T6/><D48/><U119/><E119/><V15/><F1/><W42/><G42/><T80/><D44/><U113/><E77/><V108/><F40/><W26/><G26/><T102/><D65/><U9/><E113/><V45/><F108/><W114/><G114/><T72/><D72/><U66/><E66/><V0/><F0/><W59/><G59/><T37/><D37/><U130/><E130/><V93/><F57/><W4/><G4/><T43/><D43/><U92/><E5/><V13/><F62/><W25/><G25/><T52/><D6/><RYUUKYOKU ba="0,1" sc="99,-10,429,-10,313,-10,149,30" hai3="7,10,14,20,21,58,61,64,73,79,83,86,89" /><INIT seed="3,1,1,5,5,131" ten="89,419,303,179" oya="3" hai0="25,67,29,119,42,23,111,40,11,46,100,91,104" hai1="88,53,45,6,48,70,74,132,56,51,27,87,17" hai2="124,36,127,64,54,129,52,72,2,89,33,14,112" hai3="130,109,76,133,120,22,16,63,122,39,97,58,28"/><W49/><G39/><T24/><D119/><U69/><E74/><V103/><F2/><W94/><G130/><T1/><D111/><U65/><E132/><V3/><F3/><W7/><G109/><T60/><D104/><U50/><E6/><V117/><F117/><W101/><G133/><T0/><D100/><U93/><E69/><V41/><F33/><W19/><G7/><T113/><D113/><U9/><E70/><V43/><F14/><W105/><G76/><T20/><D91/><U86/><E86/><V125/><F89/><W95/><G28/><T57/><D11/><U15/><E27/><V30/><F103/><W81/><G49/><T4/><D4/><U38/><E38/><V78/><F30/><W92/><G81/><T21/><D46/><U90/><E90/><V110/><F72/><W73/><G19/><T126/><D126/><U118/><E118/><V106/><F106/><W68/><G68/><T71/><D71/><U102/><E102/><V123/><F129/><W35/><G35/><T61/><D61/><AGARI ba="1,1" hai="9,15,17,45,48,50,51,53,56,61,65,87,88,93" machi="61" ten="40,2600,0" yaku="8,1,54,1" doraHai="131" who="1" fromWho="0" sc="89,-29,419,39,303,0,179,0" /><INIT seed="4,0,0,5,4,92" ten="60,458,303,179" oya="0" hai0="15,79,31,131,21,72,118,116,122,37,61,45,111" hai1="133,82,44,70,130,110,43,100,7,5,20,119,26" hai2="63,66,99,88,123,67,71,39,85,23,9,35,69" hai3="24,132,89,30,6,33,1,50,109,90,34,51,16"/><T107/><D107/><U104/><E119/><V11/><F35/><W12/><G109/><T2/><D122/><U56/><E70/><V125/><F123/><W13/><G132/><T115/><D2/><U25/><E130/><V127/><F39/><W52/><G51/><T105/><D105/><U87/><E56/><V106/><F23/><N who="3" m="11655" /><G13/><T47/><D131/><U77/><E26/><V48/><F48/><W98/><G98/><T17/><D111/><U28/><E133/><V62/><F99/><W121/><G34/><T32/><D115/><U76/><E100/><V3/><F106/><W91/><G121/><T93/><D72/><U94/><E104/><V22/><F22/><W0/><G0/><T68/><D79/><N who="1" m="46559" /><E94/><V97/><F97/><W129/><G90/><T65/><D45/><U112/><E112/><V102/><F102/><W42/><G42/><T10/><D32/><U126/><E110/><V57/><F71/><W4/><G129/><T55/><D93/><U74/><E74/><V135/><F135/><W54/><G24/><N who="0" m="16783" /><D37/><U117/><E77/><V78/><F78/><W59/><G1/><T134/><D134/><U75/><E76/><V14/><F3/><W73/><G73/><T128/><D128/><U27/><E75/><V120/><F120/><W83/><G91/><T58/><D68/><U40/><E44/><V84/><F88/><W81/><G89/><T108/><D108/><U101/><E101/><V124/><F14/><W49/><G59/><N who="0" m="37055" /><D47/><U114/><E114/><V64/><F64/><W41/><G83/><T8/><D8/><AGARI ba="0,0" hai="8,9,11,57,62,63,66,67,69,84,85,124,125,127" machi="8" ten="40,1300,0" yaku="18,1" doraHai="92" who="2" fromWho="0" sc="60,-13,458,0,303,13,179,0" /><INIT seed="5,0,0,0,3,1" ten="47,458,316,179" oya="1" hai0="97,50,93,18,117,128,33,125,133,109,17,10,37" hai1="100,82,42,131,75,81,103,108,83,66,64,11,25" hai2="88,80,34,120,130,51,13,62,63,127,111,86,112" hai3="96,110,118,7,90,53,23,26,39,76,123,101,104"/><U57/><E75/><V28/><F111/><W79/><G123/><T73/><D109/><U9/><E108/><V48/><F120/><W47/><G110/><T84/><D73/><U72/><E72/><V32/><F130/><W3/><G118/><T24/><D37/><U20/><E131/><V102/><F127/><W35/><G35/><T22/><D128/><U122/><E122/><V65/><F112/><W43/><G90/><T105/><D133/><U87/><E87/><V116/><F116/><W54/><G79/><T107/><D125/><U85/><E85/><V55/><F102/><N who="1" m="38953" /><E42/><V14/><F62/><W115/><G76/><T92/><D117/><U27/><E57/><V6/><F34/><W91/><G91/><T16/><D33/><U4/><E4/><V68/><F6/><W70/><G70/><T121/><D121/><U2/><E2/><V41/><F41/><W60/><G115/><T5/><D84/><U36/><E36/><V119/><F119/><W71/><G7/><T99/><D107/><U134/><E20/><V56/><REACH who="2" step="1"/><F51/><REACH who="2" ten="47,458,306,179" step="2"/><W69/><G43/><T29/><D50/><U31/><E134/><V126/><F126/><W19/><G60/><T129/><D129/><U94/><E66/><V30/><F30/><W74/><G104/><T135/><D135/><U52/><E64/><V67/><F67/><W106/><G106/><T49/><D49/><U132/><E31/><V15/><F15/><W45/><G39/><T0/><REACH who="0" step="1"/><D105/><REACH who="0" ten="37,458,306,179" step="2"/><U58/><E132/><V95/><F95/><AGARI ba="0,2" hai="0,5,10,16,17,18,22,24,29,92,93,95,97,99" machi="95" ten="40,8000,1" yaku="1,1,2,1,52,1,54,1,53,0" doraHai="1" doraHaiUra="46" who="0" fromWho="2" sc="37,100,458,0,306,-80,179,0" /><INIT seed="6,0,0,3,5,24" ten="137,458,226,179" oya="2" hai0="3,32,61,131,62,60,85,8,129,126,134,107,118" hai1="1,52,124,9,31,97,101,119,18,132,115,130,17" hai2="127,125,98,133,12,114,14,81,40,104,116,6,92" hai3="80,105,87,13,91,112,51,26,120,19,109,38,88"/><V128/><F40/><W76/><G38/><T86/><D107/><U22/><E115/><V46/><F46/><W100/><G109/><T111/><D111/><U47/><E119/><V72/><F14/><W37/><G120/><T39/><D39/><U7/><E132/><V89/><F12/><W45/><G37/><T25/><D134/><U93/><E130/><N who="0" m="49673" /><D126/><N who="2" m="48138" /><F6/><W122/><G122/><T135/><D135/><U99/><E124/><V53/><F53/><W103/><G26/><T82/><D118/><U44/><E44/><V15/><F15/><W71/><G71/><T95/><D95/><U10/><E31/><V121/><F128/><W64/><G64/><T78/><D86/><U27/><E10/><V75/><F133/><W20/><G112/><T59/><D8/><U16/><REACH who="1" step="1"/><E99/><REACH who="1" ten="137,448,226,179" step="2"/><V108/><F108/><W110/><G110/><T73/><D73/><U106/><E106/><V11/><F11/><W42/><G105/><T66/><D3/><U57/><E57/><V50/><F121/><W48/><G45/><T68/><D59/><U23/><E23/><V67/><F114/><W90/><G20/><T56/><D56/><U74/><E74/><V4/><F116/><W96/><G96/><T102/><D102/><U84/><E84/><V5/><F104/><W58/><G103/><T54/><D54/><U79/><E79/><V83/><F75/><W41/><G100/><T0/><D0/><U49/><AGARI ba="0,1" hai="1,7,9,16,17,18,22,27,47,49,52,93,97,101" machi="49" ten="30,8000,1" yaku="1,1,0,1,54,2,53,1" doraHai="24" doraHaiUra="35" who="1" fromWho="1" sc="137,-20,448,90,226,-40,179,-20" /><INIT seed="7,0,0,4,0,55" ten="117,538,186,159" oya="3" hai0="89,22,87,93,101,41,43,8,84,51,100,88,135" hai1="63,64,12,49,94,126,34,7,78,130,58,117,20" hai2="26,18,71,74,124,113,27,120,48,105,104,118,25" hai3="72,59,42,60,53,125,129,86,14,127,68,28,110"/><W98/><G72/><T9/><D135/><U40/><E34/><V6/><F118/><W69/><G129/><T1/><D22/><U21/><E78/><V95/><F71/><W36/><G110/><T128/><D1/><U111/><E111/><V131/><F74/><W108/><G108/><T39/><D51/><U2/><E2/><V91/><F124/><N who="3" m="47691" /><G28/><T90/><D128/><U47/><E126/><V24/><F131/><W134/><G134/><T50/><D39/><U4/><E117/><V10/><F120/><W65/><G14/><T119/><D119/><U13/><E130/><V112/><F48/><N who="3" m="31143" /><G86/><N who="0" m="32811" /><D93/><U32/><E94/><V15/><F27/><W121/><G98/><T3/><D50/><U38/><E32/><V80/><F80/><W85/><G85/><T67/><D67/><U97/><E97/><V132/><F132/><W66/><G121/><T54/><D54/><U103/><E103/><N who="0" m="39497" /><D3/><U73/><E4/><V16/><F105/><W46/><G66/><T115/><D115/><N who="2" m="44106" /><F104/><W133/><G133/><T61/><D61/><U107/><E107/><V37/><F6/><W62/><G62/><T52/><D52/><U123/><E7/><V96/><F18/><W82/><G82/><T102/><N who="0" m="39505" /><T76/><DORA hai="56" /><D76/><U29/><E123/><V19/><F19/><W0/><G0/><T77/><D77/><U109/><E73/><V23/><F23/><N who="1" m="8777" /><E109/><V44/><F37/><W31/><G31/><T57/><D57/><AGARI ba="0,0" hai="36,42,46,57,60,65,68,69" m="31143,47691" machi="57" ten="30,18000,2" yaku="18,1,34,2,52,3" doraHai="55,56" who="3" fromWho="0" sc="117,-180,538,0,186,0,159,180" owari="-63,-56.0,538,63.0,186,-21.0,339,14.0" /></mjloggm>