<mjloggm ver="2.3"><GO type="169" lobby="0"/><UN n0="%E7%AF%A0%E4%B9%8B%E4%B9%8B%E7%AE%92" n1="%E6%80%92%E3%82%8A%E3%81%AE%E3%81%97%E3%81%B0%E3%82%84%E3%82%93" n2="%7A%65%52%6F" n3="%E3%82%84%E3%81%AE%E3%81%A1" dan="17,17,17,17" rate="2140.75,2164.70,2204.39,2145.24" sx="F,M,M,M"/><TAIKYOKU oya="0"/><INIT seed="0,0,0,4,5,75" ten="250,250,250,250" oya="0" hai0="77,64,45,115,66,96,35,105,93,12,125,27,65" hai1="49,90,22,79,14,83,95,124,43,84,117,23,7" hai2="108,8,47,50,131,63,80,10,85,2,87,113,103" hai3="111,107,41,21,76,26,102,31,62,42,132,100,48"/><T98/><D115/><U122/><E122/><V30/><F113/><W129/><G129/><T82/><D125/><U15/><E124/><V9/><F108/><W16/><G132/><T29/><D105/><U54/><E117/><V126/><F126/><W134/><G134/><T128/><D128/><U24/><E43/><V121/><F121/><W127/><G111/><T20/><D45/><U38/><E38/><V135/><F135/><W4/><G4/><T106/><D106/><U56/><E7/><V91/><F2/><W39/><G39/><T0/><D0/><U28/><REACH who="1" step="1"/><E23/><REACH who="1" ten="250,240,250,250" step="2"/><V19/><F131/><W53/><G127/><T36/><D36/><U118/><E118/><V59/><F10/><W34/><G42/><T55/><D20/><U69/><E69/><V25/><F9/><W92/><G41/><T120/><D120/><U110/><E110/><V11/><F8/><W94/><G34/><T97/><D35/><U33/><E33/><V81/><F11/><W3/><G3/><T37/><D37/><U51/><E51/><V32/><F50/><W72/><G62/><T112/><D112/><U130/><E130/><V114/><F63/><W17/><G48/><T89/><D66/><U99/><AGARI ba="0,1" hai="14,15,22,24,28,49,54,56,79,83,84,90,95,99" machi="99" ten="20,8000,1" yaku="1,1,0,1,7,1,8,1,52,1,53,0" doraHai="75" doraHaiUra="61" who="1" fromWho="1" sc="250,-40,240,90,250,-20,250,-20" /><INIT seed="1,0,0,3,3,91" ten="210,330,230,230" oya="1" hai0="46,16,118,71,70,131,60,87,129,22,1,67,35" hai1="49,19,102,29,135,13,86,77,45,108,72,90,116" hai2="100,130,97,33,65,133,3,25,21,58,50,109,84" hai3="68,114,120,30,52,10,73,103,121,88,0,24,127"/><U36/><E36/><V83/><F109/><W79/><G114/><T34/><D1/><U106/><E116/><V105/><F3/><W128/><G103/><T98/><D118/><U81/><E135/><V15/><F130/><N who="0" m="49674" /><D98/><U64/><E64/><V12/><F33/><N who="0" m="12298" /><D87/><U8/><E108/><V92/><F105/><W115/><G115/><T9/><D9/><U107/><E29/><V59/><F133/><W40/><G10/><T55/><D46/><U110/><E102/><V80/><F59/><W42/><G0/><T69/><D55/><U113/><E113/><V112/><F112/><W18/><G128/><T62/><D67/><U37/><E37/><V101/><F101/><W54/><G73/><T20/><D20/><U126/><E126/><V111/><F111/><W89/><G127/><T74/><D74/><U4/><E4/><V123/><F83/><W94/><G54/><T99/><D99/><U57/><E57/><V5/><F5/><W96/><G52/><T48/><D48/><U122/><E122/><V104/><F104/><W124/><G124/><T43/><D43/><U61/><E61/><N who="2" m="38071" /><F50/><W26/><G40/><T32/><N who="0" m="12306" /><T85/><DORA hai="44" /><D85/><U2/><E2/><V27/><F123/><W31/><G42/><T28/><D28/><U56/><E56/><V66/><F66/><W14/><G121/><T76/><D76/><U132/><E110/><V82/><F84/><W119/><G120/><T125/><D125/><U6/><E132/><V75/><F75/><W78/><G119/><T134/><D134/><U38/><E72/><V39/><F100/><RYUUKYOKU ba="0,0" sc="210,30,330,-10,230,-10,230,-10" hai0="16,22,60,62,69,70,71" /><INIT seed="2,1,0,2,2,86" ten="240,320,220,220" oya="2" hai0="34,22,12,56,27,64,60,85,72,43,61,23,114" hai1="52,33,107,128,20,24,76,35,93,127,48,55,18" hai2="123,84,15,68,98,133,7,130,110,78,105,131,83" hai3="3,77,99,96,9,109,59,75,1,11,73,65,108"/><V71/><F123/><W57/><REACH who="3" step="1"/><G77/><REACH who="3" ten="240,320,220,210" step="2"/><T117/><D117/><U126/><E76/><V87/><F110/><W115/><G115/><T31/><D114/><U106/><E128/><N who="2" m="49195" /><F133/><W14/><G14/><T82/><D12/><U13/><E127/><V102/><F87/><W30/><G30/><T53/><D85/><U50/><E126/><V51/><F51/><W21/><G21/><T125/><D125/><U63/><E35/><V90/><F78/><W94/><G94/><T42/><D72/><U119/><E33/><V58/><F58/><W124/><G124/><T104/><D82/><U4/><E119/><V17/><F7/><W39/><G39/><T103/><D104/><U47/><E4/><V79/><F79/><W10/><G10/><AGARI ba="1,1" hai="10,15,17,68,71,83,84,90,98,102,105" m="49195" machi="10" ten="30,2900,0" yaku="19,1,52,1" doraHai="86" who="2" fromWho="3" sc="240,0,320,0,220,42,210,-32" /><INIT seed="2,2,0,3,2,96" ten="240,320,262,178" oya="2" hai0="13,120,65,6,32,22,78,51,24,1,27,58,118" hai1="39,91,84,121,119,29,122,57,76,87,71,40,61" hai2="98,21,42,86,70,25,117,54,16,83,66,108,10" hai3="129,101,131,79,113,93,46,81,125,124,50,123,31"/><V7/><F117/><W60/><G31/><T4/><D120/><U35/><E119/><V100/><F108/><W134/><G60/><T111/><D118/><U133/><E71/><V45/><F54/><W8/><G8/><T77/><D111/><U52/><E133/><V89/><F66/><W130/><G123/><N who="1" m="47114" /><E76/><V135/><F70/><W33/><G33/><T127/><D127/><N who="3" m="48713" /><G113/><T36/><D36/><U116/><E116/><V115/><F115/><W112/><G112/><T12/><D1/><U28/><E35/><V128/><F128/><W41/><G79/><T69/><D69/><U126/><E87/><V132/><F10/><W74/><G74/><T85/><D77/><U90/><E91/><V59/><F59/><W34/><G81/><T94/><D78/><U37/><E126/><V48/><REACH who="2" step="1"/><F7/><REACH who="2" ten="240,320,252,178" step="2"/><W30/><G131/><T15/><D4/><U99/><E40/><V106/><AGARI ba="2,1" hai="16,21,25,42,45,48,83,86,89,98,100,106,132,135" machi="106" ten="30,18000,2" yaku="1,1,2,1,0,1,52,1,54,1,53,1" doraHai="96" doraHaiUra="20" who="2" fromWho="2" sc="240,-62,320,-62,252,196,178,-62" /><INIT seed="2,3,0,2,1,80" ten="178,258,448,116" oya="2" hai0="12,128,97,39,44,48,28,51,98,86,13,85,9" hai1="134,89,88,132,25,109,115,55,77,106,79,101,94" hai2="35,2,78,0,38,71,111,83,54,36,37,6,26" hai3="92,102,61,69,122,81,30,31,105,29,121,65,49"/><V75/><F54/><W100/><G49/><T76/><D128/><U90/><E55/><V123/><F123/><W110/><G110/><T130/><D130/><U10/><E10/><V91/><F91/><N who="1" m="34889" /><E115/><V18/><F18/><W112/><G112/><T73/><D28/><U33/><E25/><V125/><F125/><W124/><G124/><T23/><D73/><U117/><E33/><V103/><F111/><W15/><G15/><T14/><D76/><N who="1" m="29259" /><E117/><V5/><F103/><W27/><G27/><T118/><D118/><U21/><E21/><V74/><F74/><W127/><G127/><T116/><D116/><U66/><E66/><V131/><F131/><W4/><G65/><T104/><D39/><U56/><E56/><V126/><F126/><W114/><G31/><T47/><D23/><U1/><E1/><V40/><F6/><W107/><G4/><T62/><D62/><U50/><E50/><V43/><F43/><W57/><G61/><T70/><D70/><U52/><E52/><V60/><F40/><W120/><G69/><T84/><D9/><U19/><E19/><V119/><F119/><W99/><G114/><T87/><N who="0" m="21504" /><DORA hai="46" /><T59/><D59/><U42/><E42/><V53/><F53/><W58/><G58/><T16/><D16/><U68/><E68/><V3/><F5/><W45/><G57/><T72/><D72/><U24/><E24/><V34/><F26/><W93/><G121/><T113/><D113/><U63/><E63/><V11/><F11/><W32/><G120/><T41/><D104/><U22/><E109/><V20/><F20/><RYUUKYOKU ba="3,0" sc="178,15,258,-15,448,15,116,-15" hai0="12,13,14,41,44,47,48,51,97,98" hai2="0,2,3,34,35,36,37,38,60,71,75,78,83" /><INIT seed="2,4,0,1,5,47" ten="193,243,463,101" oya="2" hai0="69,124,19,108,93,77,27,39,107,115,62,33,113" hai1="110,34,61,131,89,7,82,63,54,30,48,103,23" hai2="59,134,38,73,67,53,49,104,42,122,114,105,129" hai3="25,116,132,81,15,10,11,128,20,9,3,6,35"/><V18/><F122/><W119/><G81/><T45/><D107/><U40/><E110/><V32/><F114/><W37/><G37/><T121/><D121/><U102/><E34/><V36/><F32/><W64/><G132/><T75/><D108/><U29/><E7/><V87/><F73/><W111/><G64/><T4/><D124/><U55/><E40/><V2/><F2/><W94/><G111/><T51/><D4/><U86/><E131/><V106/><F134/><W57/><G57/><T16/><D39/><U5/><E5/><V98/><F129/><W120/><G94/><T46/><D46/><U58/><E63/><V50/><F67/><W80/><G80/><T88/><D77/><U70/><E70/><V0/><F0/><W60/><G60/><T76/><D75/><U13/><E13/><V22/><F87/><W43/><G43/><T133/><D76/><U97/><E23/><V1/><F1/><W118/><G120/><T95/><D95/><U56/><REACH who="1" step="1"/><E103/><REACH who="1" ten="193,233,463,101" step="2"/><V92/><F42/><W130/><G35/><T26/><D33/><U99/><E99/><V31/><F98/><W14/><G3/><T41/><D69/><U117/><E117/><V126/><F22/><W66/><G6/><T109/><D109/><U79/><E79/><V17/><F126/><W135/><G135/><T101/><D133/><U52/><E52/><V90/><F53/><W24/><G66/><T12/><D101/><U127/><E127/><V72/><F36/><W78/><G78/><T71/><D71/><U91/><E91/><V123/><F38/><W84/><G128/><RYUUKYOKU ba="4,1" sc="193,-10,233,30,463,-10,101,-10" hai1="29,30,48,54,55,56,58,61,82,86,89,97,102" /><INIT seed="3,5,1,2,0,36" ten="183,263,453,91" oya="3" hai0="94,43,96,52,56,79,128,76,81,29,40,19,107" hai1="61,53,121,4,132,45,100,10,26,21,7,65,101" hai2="110,85,115,44,84,3,99,134,124,51,34,116,12" hai3="125,133,88,64,74,62,114,117,112,20,1,37,118"/><W54/><G74/><T70/><D70/><U129/><E121/><V22/><F116/><W106/><G106/><T57/><D128/><U92/><E129/><V72/><F72/><W17/><G1/><T48/><D107/><U63/><E132/><V35/><F110/><W135/><G37/><T80/><D29/><U90/><E53/><V77/><F3/><W16/><G54/><N who="0" m="31815" /><D19/><N who="3" m="7241" /><G125/><T105/><D105/><U87/><E45/><V66/><F12/><W9/><G9/><T73/><D73/><U93/><E93/><V39/><F115/><N who="3" m="44075" /><G20/><T102/><D81/><U31/><E4/><V75/><F22/><W5/><G5/><T97/><D97/><U23/><E23/><V104/><F39/><W130/><G130/><T28/><D28/><U89/><E89/><V109/><F75/><W24/><G24/><T18/><D18/><U122/><E122/><V123/><F123/><W42/><G42/><N who="0" m="15915" /><D80/><U60/><REACH who="1" step="1"/><E65/><REACH who="1" ten="183,253,453,91" step="2"/><V82/><F104/><W15/><G118/><T27/><D27/><U47/><E47/><V33/><F66/><W41/><G117/><T119/><D119/><U49/><E49/><AGARI ba="5,2" hai="49,52,57,76,79,94,96,102" m="15915,31815" machi="49" ten="30,8000,1" yaku="8,1,52,3,54,1" doraHai="36" who="0" fromWho="1" sc="183,115,253,-95,453,0,91,0" /><INIT seed="4,0,0,1,0,129" ten="298,158,453,91" oya="0" hai0="98,44,103,39,102,113,13,73,84,90,64,85,69" hai1="70,65,4,23,74,40,28,63,96,89,52,135,9" hai2="105,56,38,34,72,127,94,83,18,92,119,3,31" hai3="120,20,67,43,82,2,14,55,71,26,128,11,126"/><T12/><D113/><U8/><E74/><V62/><F105/><W59/><G120/><T133/><D133/><U60/><E40/><V117/><F38/><W124/><G2/><T32/><D32/><U78/><E78/><N who="2" m="44487" /><F3/><W122/><G43/><T0/><D73/><U107/><E107/><V10/><F18/><N who="3" m="12567" /><G71/><T51/><D39/><U47/><E135/><V37/><F10/><W134/><G67/><T16/><D0/><U79/><E79/><V22/><F22/><W114/><G82/><T121/><D121/><U116/><E116/><N who="2" m="44619" /><F127/><N who="3" m="48683" /><G134/><T77/><D64/><U93/><E4/><V87/><F87/><W45/><G59/><T42/><D69/><U123/><E123/><V112/><F112/><W99/><G99/><T35/><D35/><U132/><E132/><V53/><F37/><W125/><G114/><T15/><D77/><U61/><E61/><V30/><F30/><W1/><G1/><T6/><D98/><U29/><E29/><V68/><F68/><W76/><G76/><T101/><D6/><U97/><E97/><V7/><F7/><N who="3" m="3455" /><G122/><T131/><D85/><U50/><E60/><V24/><AGARI ba="0,0" hai="24,31,34,53,56,62,92,94" m="44619,44487" machi="24" ten="30,1100,0" yaku="12,1" doraHai="129" who="2" fromWho="2" sc="298,-5,158,-3,453,11,91,-3" /><INIT seed="5,0,0,5,5,7" ten="293,155,464,88" oya="1" hai0="21,95,31,119,45,61,36,86,135,66,34,68,134" hai1="28,128,103,129,96,51,19,110,93,5,102,98,113" hai2="23,105,80,106,18,101,40,62,91,87,78,26,24" hai3="54,32,59,47,108,13,94,55,90,124,100,10,57"/><U0/><E28/><V1/><F1/><W107/><G108/><T82/><D119/><U69/><E69/><V104/><F40/><W81/><G124/><T111/><D111/><U53/><E110/><V2/><F2/><W120/><G32/><T15/><D34/><U75/><E75/><V131/><F131/><N who="1" m="50249" /><E113/><V41/><F41/><W4/><G120/><T48/><D36/><U63/><E63/><V38/><F38/><W29/><G29/><T121/><D121/><U115/><E115/><V85/><F62/><W27/><G27/><T77/><D95/><U133/><E19/><V25/><REACH who="2" step="1"/><F101/><REACH who="2" ten="293,155,454,88" step="2"/><W71/><G100/><T3/><D3/><U65/><E133/><V73/><F73/><W92/><G107/><T114/><D114/><U64/><E0/><V43/><F43/><W125/><G125/><T72/><D72/><U76/><E76/><V117/><F117/><W130/><G130/><T52/><D135/><U9/><E51/><V46/><F46/><W11/><G47/><T112/><D134/><U123/><E123/><V39/><F39/><W56/><G94/><AGARI ba="0,1" hai="18,23,24,25,26,78,80,85,87,91,94,104,105,106" machi="94" ten="40,1300,0" yaku="1,1,53,0" doraHai="7" doraHaiUra="118" who="2" fromWho="3" sc="293,0,155,0,454,23,88,-13" /><INIT seed="6,0,0,0,2,22" ten="293,155,477,75" oya="2" hai0="6,18,106,47,76,55,3,115,38,82,28,5,126" hai1="91,135,80,125,11,122,66,7,93,19,134,74,97" hai2="13,113,17,78,83,86,58,75,85,44,123,124,70" hai3="27,109,2,23,37,60,103,94,73,20,30,46,63"/><V4/><F123/><W90/><G73/><T10/><D106/><U72/><E66/><V29/><F70/><W101/><G2/><T116/><D116/><U33/><E33/><V31/><F113/><W87/><G109/><T112/><D126/><U57/><E122/><V117/><F117/><W84/><G37/><T42/><D55/><U12/><E125/><V120/><F120/><W49/><G87/><T51/><D28/><U48/><E7/><V0/><F4/><W14/><G14/><T88/><D88/><U50/><E72/><V118/><F0/><W54/><REACH who="3" step="1"/><G20/><REACH who="3" ten="293,155,477,65" step="2"/><T100/><D3/><U25/><E74/><V98/><F86/><W62/><AGARI ba="0,1" hai="23,27,30,46,49,54,60,62,63,84,90,94,101,103" machi="62" ten="30,8000,1" yaku="1,1,2,1,0,1,8,1,52,1,53,0" doraHai="22" doraHaiUra="92" who="3" fromWho="3" sc="293,-20,155,-20,477,-40,65,90" /><INIT seed="7,0,0,5,0,71" ten="273,135,437,155" oya="3" hai0="135,51,75,9,88,117,111,20,118,83,47,26,84" hai1="3,123,105,112,48,76,91,35,69,95,73,116,46" hai2="124,34,5,49,29,22,8,72,56,31,61,103,21" hai3="38,97,104,109,64,130,0,63,121,52,13,17,113"/><W59/><G0/><T114/><D111/><U60/><E123/><V133/><F72/><W28/><G109/><T62/><D135/><U96/><E3/><V32/><F124/><W44/><G113/><T4/><D114/><U134/><E112/><V126/><F126/><W27/><G130/><T87/><D62/><U106/><E35/><V53/><F133/><W81/><G81/><T94/><D75/><U1/><E1/><V45/><F34/><W25/><G28/><T119/><D4/><U19/><E134/><V107/><F103/><W92/><G104/><T132/><D9/><U110/><E110/><V30/><F107/><W18/><G18/><T2/><D2/><U99/><E116/><V129/><F129/><W39/><G27/><T57/><D57/><U85/><E19/><V98/><F98/><W122/><G25/><T128/><D128/><U115/><E115/><V6/><F32/><W42/><G39/><T15/><D15/><U23/><E23/><N who="2" m="8715" /><F8/><W43/><G43/><AGARI ba="0,0" hai="5,6,29,30,31,43,45,49,53,56,61" m="8715" machi="43" ten="30,1000,0" yaku="8,1" doraHai="71" who="2" fromWho="3" sc="273,0,135,0,437,10,155,-10" owari="273,7.0,135,-36.0,447,54.0,145,-25.0" /></mjloggm>