<mjloggm ver="2.3"><GO type="169" lobby="0"/><UN n0="%E5%A4%A7%E8%94%B5%E9%81%8A%E6%98%9F" n1="%6A%61%63%6F%62%69%33%35" n2="%54%61%62%61%73%63%6F" n3="%E3%82%88%E3%81%97%E3%81%A0%E3%81%84%E3%81%9F%E3%82%8B" dan="16,17,17,18" rate="2123.69,2177.71,2179.77,2212.86" sx="F,M,M,M"/><TAIKYOKU oya="0"/><INIT seed="0,0,0,3,5,134" ten="250,250,250,250" oya="0" hai0="71,36,26,120,31,126,35,59,42,68,58,78,83" hai1="67,93,76,112,13,104,107,89,33,79,47,57,100" hai2="6,9,11,114,129,62,51,72,4,75,54,17,19" hai3="3,116,61,108,94,131,2,109,66,50,5,127,48"/><T110/><D120/><U85/><E33/><V88/><F114/><W12/><G116/><T97/><D59/><U82/><E112/><V92/><F129/><W117/><G117/><T121/><D121/><U39/><E39/><V27/><F62/><W123/><G123/><T14/><D110/><N who="3" m="42601" /><G131/><T49/><D36/><U135/><E47/><V38/><F38/><W115/><G115/><T43/><D43/><U10/><E135/><V56/><F75/><W69/><G94/><T32/><D32/><U63/><E100/><V70/><F72/><W41/><G41/><T37/><D37/><U18/><REACH who="1" step="1"/><E79/><REACH who="1" ten="250,240,250,250" step="2"/><V29/><F70/><W52/><G127/><T81/><D126/><U74/><AGARI ba="0,1" hai="10,13,18,57,63,67,74,76,82,85,89,93,104,107" machi="74" ten="20,5200,0" yaku="1,1,2,1,0,1,7,1,53,0" doraHai="134" doraHaiUra="124" who="1" fromWho="1" sc="250,-26,240,62,250,-13,250,-13" /><INIT seed="1,0,0,5,5,85" ten="224,302,237,237" oya="1" hai0="130,29,90,26,123,15,47,44,42,61,102,49,81" hai1="122,68,34,37,87,114,121,116,21,31,30,57,104" hai2="109,129,7,127,111,20,33,133,3,54,22,79,6" hai3="97,43,14,83,106,120,65,17,112,5,77,82,39"/><U99/><E114/><V60/><F79/><W108/><G120/><T58/><D130/><U103/><E116/><V38/><F38/><W46/><G112/><T48/><D123/><U100/><E37/><V40/><F40/><W28/><G108/><T64/><D102/><U11/><E68/><V88/><F33/><W96/><G28/><T78/><D15/><U131/><E34/><V89/><F129/><W32/><G5/><T51/><D47/><U8/><E131/><V125/><F60/><W110/><G110/><N who="2" m="41993" /><F54/><W1/><G1/><T94/><D81/><U41/><E41/><V24/><F133/><W95/><G83/><T73/><D78/><U119/><E119/><V134/><F134/><W45/><G65/><T93/><D93/><U53/><E100/><V18/><F22/><W128/><G128/><T86/><REACH who="0" step="1"/><D73/><REACH who="0" ten="214,302,237,237" step="2"/><U118/><E122/><V35/><F3/><W101/><G46/><T13/><D13/><U126/><E103/><V4/><F35/><AGARI ba="0,1" hai="26,29,35,42,44,48,49,51,58,61,64,86,90,94" machi="35" ten="30,3900,0" yaku="1,1,7,1,52,1,53,0" doraHai="85" doraHaiUra="74" who="0" fromWho="2" sc="214,49,302,0,237,-39,237,0" /><INIT seed="2,0,0,3,3,95" ten="263,302,198,237" oya="2" hai0="98,19,34,94,76,39,67,14,90,41,28,22,68" hai1="110,124,49,32,8,106,118,30,65,113,6,82,115" hai2="107,36,132,46,51,83,31,97,133,58,9,0,109" hai3="130,75,24,93,91,47,18,92,40,135,21,122,77"/><V80/><F36/><W70/><G135/><N who="2" m="51785" /><F31/><W43/><G130/><T78/><D39/><U64/><E118/><V16/><F58/><W33/><G122/><T105/><D41/><U101/><E65/><V26/><F0/><W84/><G70/><T104/><D34/><U23/><E64/><V61/><F61/><W74/><G33/><T56/><D68/><U50/><E50/><V5/><F5/><W45/><G77/><T114/><D114/><U87/><E49/><V127/><F127/><W2/><G2/><T81/><D28/><U134/><E32/><V62/><F62/><W128/><G128/><T12/><D78/><U59/><E59/><V69/><F69/><W48/><REACH who="3" step="1"/><G92/><REACH who="3" ten="263,302,198,227" step="2"/><T88/><D90/><U53/><E134/><V85/><F109/><W86/><G86/><N who="0" m="48423" /><D105/><U103/><E110/><V116/><F85/><W125/><G125/><T63/><D104/><U25/><E124/><V129/><F129/><W7/><G7/><T37/><D37/><AGARI ba="0,1" hai="18,21,24,37,40,43,45,47,48,74,75,84,91,93" machi="37" ten="30,2000,0" yaku="1,1,7,1,53,0" doraHai="95" doraHaiUra="100" who="3" fromWho="0" sc="263,-20,302,0,198,0,227,30" /><INIT seed="3,0,0,4,5,112" ten="243,302,198,257" oya="3" hai0="28,92,59,133,130,108,72,24,104,102,128,125,84" hai1="66,51,91,68,6,113,4,1,26,38,119,16,46" hai2="110,135,81,30,129,21,94,93,42,56,75,71,79" hai3="49,44,111,123,57,3,15,86,89,9,127,115,98"/><W32/><G115/><T37/><D72/><U88/><E113/><V52/><F71/><W87/><G123/><T27/><D37/><U117/><E38/><V126/><F110/><W78/><G3/><T83/><D104/><U25/><E66/><V134/><F126/><W43/><G32/><T103/><D108/><U10/><E68/><V61/><F42/><W45/><G127/><T109/><D109/><U85/><E6/><V31/><F129/><N who="0" m="49770" /><D125/><U39/><E39/><V33/><F33/><W60/><G44/><T54/><D133/><N who="2" m="50698" /><F21/><W122/><G122/><T73/><D73/><U74/><E74/><V55/><F55/><W5/><G111/><T77/><D92/><AGARI ba="0,0" hai="30,31,52,56,61,75,79,81,92,93,94" m="50698" machi="92" ten="30,2000,0" yaku="20,1,54,1" doraHai="112" who="2" fromWho="0" sc="243,-20,302,0,198,20,257,0" /><INIT seed="4,0,0,0,1,46" ten="223,302,218,257" oya="0" hai0="123,128,53,13,76,58,110,63,118,68,116,27,119" hai1="77,5,74,19,35,1,52,121,79,95,84,71,87" hai2="102,9,11,10,56,57,132,54,93,61,80,99,133" hai3="101,114,78,73,17,32,4,97,3,113,94,31,120"/><T134/><D13/><U130/><E71/><V55/><REACH who="2" step="1"/><F80/><REACH who="2" ten="223,302,208,257" step="2"/><N who="3" m="45135" /><G120/><T14/><D123/><U45/><E121/><V20/><F20/><W6/><G3/><T106/><D119/><U125/><E1/><V34/><F34/><W104/><G104/><T7/><D106/><U69/><E35/><V108/><F108/><W60/><G32/><T50/><D110/><U59/><E74/><V25/><F25/><W127/><G127/><T30/><D118/><U85/><E125/><V0/><F0/><W67/><G114/><T44/><D116/><U126/><E126/><V40/><F40/><W100/><G113/><T92/><D27/><U135/><E79/><V89/><F89/><W43/><G43/><T91/><D76/><U36/><E77/><V75/><F75/><W26/><G101/><T109/><D91/><U112/><E112/><V24/><F24/><W122/><G122/><T70/><D109/><U39/><E130/><V103/><F103/><W18/><G26/><T129/><D30/><U15/><E15/><V42/><F42/><W29/><G29/><T86/><D129/><U64/><E95/><V38/><F38/><W117/><G31/><T41/><D128/><U96/><E39/><V82/><F82/><W2/><G2/><T111/><D111/><U90/><E36/><V22/><F22/><W83/><G83/><T28/><D28/><U8/><E90/><V16/><F16/><N who="3" m="6251" /><G117/><T48/><D92/><U51/><E19/><V21/><F21/><W88/><G100/><T12/><D41/><U98/><E5/><V131/><F131/><W124/><G124/><RYUUKYOKU ba="0,1" sc="223,-15,302,-15,208,15,257,15" hai2="9,10,11,54,55,56,57,61,93,99,102,132,133" hai3="4,6,60,67,88,94,97" /><INIT seed="5,1,1,3,3,98" ten="208,287,223,272" oya="1" hai0="112,114,126,58,118,94,12,87,24,48,15,68,131" hai1="59,14,86,40,96,130,62,65,21,76,30,83,4" hai2="110,124,95,89,129,43,91,128,102,108,2,0,31" hai3="64,3,88,5,19,37,1,51,107,101,119,22,53"/><U39/><E130/><N who="2" m="50283" /><F31/><W50/><G37/><T44/><D131/><U77/><E39/><V111/><F43/><W56/><G119/><T6/><D68/><U104/><E40/><V133/><F124/><W82/><G5/><T18/><D118/><U38/><E38/><V122/><F122/><W100/><G107/><T29/><D58/><U117/><E117/><V135/><F102/><N who="3" m="39531" /><G64/><T36/><D36/><U33/><E96/><V78/><F78/><W55/><G3/><N who="2" m="1065" /><F95/><W41/><G1/><T52/><D126/><U67/><E33/><V11/><F11/><W121/><G41/><T60/><D94/><U23/><E104/><V81/><F81/><W32/><G32/><T132/><D29/><U84/><E30/><V80/><F80/><W70/><G70/><T74/><D6/><U123/><E123/><V49/><F49/><N who="3" m="18443" /><G56/><T45/><D48/><U97/><E67/><V35/><F35/><W69/><G69/><T26/><D74/><U127/><E127/><V71/><F71/><W34/><G34/><T109/><D109/><U113/><E65/><V27/><F27/><N who="3" m="14815" /><G121/><T72/><D72/><U47/><E59/><V75/><F75/><W116/><G116/><T99/><D44/><U105/><E47/><V79/><F79/><W10/><G10/><T17/><D45/><U103/><E77/><V63/><F63/><W66/><G66/><T57/><D60/><U134/><E62/><V85/><F85/><AGARI ba="1,1" hai="53,55,82,85,88" m="14815,18443,39531" machi="85" ten="30,8000,1" yaku="8,1,52,3,54,1" doraHai="98" who="3" fromWho="2" sc="208,0,287,0,223,-83,272,93" /><INIT seed="6,0,0,5,3,126" ten="208,287,140,365" oya="2" hai0="23,10,123,26,133,70,0,80,94,135,56,52,74" hai1="2,68,72,63,22,105,66,92,78,75,16,11,93" hai2="82,122,91,39,6,34,103,104,58,134,45,14,85" hai3="90,81,84,51,49,20,101,15,127,8,131,36,108"/><V30/><F122/><W60/><G131/><T40/><D70/><U89/><E105/><V69/><F69/><W33/><G108/><T29/><D123/><U57/><E68/><V97/><F134/><W59/><G36/><T19/><D40/><U54/><E78/><V73/><F34/><W76/><G127/><T27/><D74/><U109/><E93/><V130/><F30/><W115/><G115/><T95/><D80/><U41/><E41/><V117/><F117/><W7/><G101/><T113/><D113/><U125/><E109/><V9/><F58/><W120/><G33/><T12/><D0/><U106/><E106/><V50/><F39/><W62/><G62/><T112/><D112/><U24/><E66/><V17/><F73/><W129/><G129/><T118/><D118/><U13/><E2/><V43/><REACH who="2" step="1"/><F6/><REACH who="2" ten="208,287,130,365" step="2"/><W96/><G120/><T47/><D135/><U124/><E125/><V55/><F55/><W128/><G59/><T64/><D133/><U132/><E124/><V25/><F25/><W102/><G7/><T99/><D64/><U86/><E132/><V38/><F38/><W42/><G42/><T83/><D47/><U65/><E65/><V61/><F61/><W37/><G60/><T31/><D52/><U21/><E72/><V3/><F3/><W116/><G37/><T88/><D56/><U119/><E75/><V111/><F111/><W79/><G116/><T4/><D26/><U114/><E119/><V77/><F77/><W100/><G79/><T110/><D110/><U67/><E114/><V44/><F44/><W46/><G46/><RYUUKYOKU ba="0,1" sc="208,-10,287,-10,130,30,365,-10" hai2="9,14,17,43,45,50,82,85,91,97,103,104,130" /><INIT seed="6,1,1,3,0,14" ten="198,277,160,355" oya="2" hai0="31,117,38,89,49,54,11,120,69,121,60,0,75" hai1="65,66,6,61,129,128,78,32,100,35,1,56,124" hai2="67,37,7,70,99,24,114,80,119,9,91,48,28" hai3="82,110,116,39,53,42,101,12,10,122,40,108,20"/><V52/><F37/><W19/><G116/><T47/><D31/><U94/><E124/><V85/><F119/><W8/><G122/><T113/><D75/><U88/><E100/><V62/><F114/><W25/><G101/><T57/><D89/><U106/><E106/><V5/><F99/><W4/><G39/><T17/><D11/><N who="1" m="2511" /><E78/><V30/><F30/><W26/><G26/><T74/><D17/><U58/><E58/><V16/><F9/><W13/><G53/><T21/><D21/><U50/><E50/><V27/><F27/><W123/><G123/><T133/><D0/><U3/><E66/><V102/><F102/><W134/><G134/><T44/><D74/><U36/><E3/><V97/><F97/><W45/><G82/><T29/><D29/><U23/><E23/><V111/><F111/><W95/><G95/><T90/><D90/><U112/><E36/><V86/><F86/><W93/><G93/><T15/><D38/><U41/><E41/><V71/><F71/><W22/><G22/><T125/><D69/><U76/><E76/><V107/><F107/><W59/><G20/><T135/><D135/><U132/><E112/><V46/><F16/><W126/><G19/><T98/><D98/><N who="1" m="57671" /><E132/><V83/><F80/><W64/><G110/><T118/><D118/><U34/><E34/><AGARI ba="1,1" hai="5,7,24,28,34,46,48,52,62,67,70,83,85,91" machi="34" ten="30,2900,0" yaku="7,1,54,1" doraHai="14" who="2" fromWho="1" sc="198,0,277,-32,160,42,355,0" /><INIT seed="6,2,0,0,1,27" ten="198,245,202,355" oya="2" hai0="48,91,7,55,134,96,15,94,84,107,23,135,120" hai1="36,44,4,47,46,28,125,108,118,17,70,49,56" hai2="87,24,89,0,13,79,127,77,63,73,74,41,117" hai3="116,59,14,20,12,39,68,75,9,8,10,83,122"/><V19/><F0/><W99/><G122/><T129/><D129/><U21/><E108/><V3/><F3/><W34/><G68/><T93/><D120/><U5/><E118/><V26/><F117/><W57/><G39/><T128/><D128/><U29/><E70/><V88/><F127/><W110/><G110/><T16/><D107/><U132/><E36/><V78/><F73/><W64/><G34/><T51/><D7/><N who="1" m="2635" /><E132/><V71/><F74/><W92/><G75/><T66/><D66/><U80/><E80/><N who="2" m="49255" /><F71/><W123/><G83/><T33/><D33/><U54/><E125/><V101/><F101/><W112/><G123/><T100/><REACH who="0" step="1"/><D51/><REACH who="0" ten="188,245,202,355" step="2"/><U61/><E49/><V32/><F32/><W121/><G121/><T72/><D72/><U133/><E133/><V104/><F104/><W58/><G116/><T45/><AGARI ba="2,1" hai="15,16,23,45,48,55,84,91,93,94,96,100,134,135" machi="45" ten="30,4000,0" yaku="1,1,0,1,54,1,53,0" doraHai="27" doraHaiUra="124" who="0" fromWho="0" sc="188,56,245,-12,202,-22,355,-12" /><INIT seed="7,0,0,5,3,92" ten="244,233,180,343" oya="3" hai0="29,86,38,25,44,33,8,135,37,114,62,45,53" hai1="20,48,11,58,98,56,0,13,102,79,51,128,96" hai2="64,68,36,111,129,83,12,78,76,117,95,100,55" hai3="126,15,54,84,60,73,121,81,35,1,30,89,116"/><W105/><G105/><T4/><D135/><U16/><E128/><V49/><F111/><W112/><G126/><T122/><D122/><U113/><E113/><V118/><F36/><W77/><G1/><T69/><D44/><U39/><E79/><V97/><F129/><W80/><G121/><T21/><D114/><U6/><E39/><V52/><F78/><W2/><G2/><T66/><D45/><U14/><E0/><V24/><F68/><W50/><G112/><T26/><D86/><U75/><E75/><V10/><F64/><W70/><G35/><T123/><D53/><N who="1" m="31783" /><E102/><V72/><F24/><W46/><G30/><T17/><D123/><U108/><E108/><V91/><F100/><W134/><G134/><T41/><D41/><U99/><E51/><V94/><F94/><W40/><G15/><AGARI ba="0,0" hai="4,8,15,17,21,25,26,29,33,37,38,62,66,69" machi="15" ten="30,1000,0" yaku="7,1" doraHai="92" who="0" fromWho="3" sc="244,10,233,0,180,0,343,-10" owari="254,5.0,233,-17.0,180,-32.0,333,44.0" /></mjloggm>