<mjloggm ver="2.3"><GO type="169" lobby="0"/><UN n0="%E3%82%B3%E3%81%98%E3%81%95%E3%82%93%EF%BC%9F" n1="%73%7A%2E%64%31" n2="%E5%82%B7%E3%81%AF%E6%B5%85%E3%81%84%E3%81%86%E3%81%A1%E3%81%AB" n3="%E3%81%A1%E3%81%A3%E3%81%93%E3%82%8C%40" dan="18,16,17,16" rate="2223.93,2074.61,2232.11,2105.17" sx="M,M,M,M"/><TAIKYOKU oya="0"/><INIT seed="0,0,0,2,1,75" ten="250,250,250,250" oya="0" hai0="102,24,49,126,94,96,52,33,111,10,37,122,129" hai1="78,55,117,109,9,16,34,113,36,42,85,61,90" hai2="70,62,123,63,93,19,35,1,81,60,87,110,106" hai3="125,11,121,83,130,92,26,30,2,112,115,12,135"/><T77/><D122/><U25/><E117/><V86/><F123/><W89/><G121/><T15/><D37/><U3/><E109/><V21/><F106/><W39/><G130/><T27/><D129/><U99/><E113/><V46/><F1/><W91/><G135/><T40/><D126/><U17/><E99/><V64/><F35/><W6/><G39/><T118/><D118/><U50/><E61/><V127/><F110/><W103/><G125/><T105/><D111/><U28/><E42/><V101/><F127/><W104/><G104/><T56/><D33/><U74/><E36/><V68/><F46/><W57/><G103/><T8/><D105/><U134/><E134/><V0/><F0/><W114/><G57/><T66/><D40/><U67/><E67/><V44/><F44/><W18/><G83/><T43/><D43/><U65/><E65/><V31/><F31/><W108/><G108/><T41/><D41/><U73/><E73/><V116/><F116/><W69/><G69/><T124/><D124/><U14/><E3/><V100/><F70/><W20/><REACH who="3" step="1"/><G92/><REACH who="3" ten="250,250,250,240" step="2"/><T131/><D131/><U133/><E133/><V38/><F38/><W58/><G58/><T120/><D120/><U107/><E107/><V22/><F93/><W84/><G84/><N who="2" m="32297" /><F81/><W5/><G5/><N who="0" m="3471" /><D66/><U97/><E74/><V76/><F64/><W59/><G59/><T95/><D95/><U51/><E85/><V45/><F68/><W4/><G4/><T23/><D94/><U72/><E72/><V71/><F71/><W132/><G132/><T7/><D7/><N who="1" m="3391" /><E97/><V88/><F101/><RYUUKYOKU ba="0,1" sc="250,-10,250,-10,250,-10,240,30" hai3="2,6,11,12,18,20,26,30,89,91,112,114,115" /><INIT seed="1,1,1,4,0,45" ten="240,240,240,270" oya="1" hai0="42,41,14,61,105,48,66,57,64,31,112,5,69" hai1="63,79,10,53,108,59,43,95,107,72,113,68,114" hai2="26,124,110,101,71,56,126,19,106,104,62,74,119" hai3="97,81,30,4,40,100,28,22,9,32,78,29,86"/><U77/><E107/><V130/><F119/><W23/><G32/><T109/><D105/><N who="2" m="40554" /><F71/><W129/><G129/><T13/><D112/><U16/><E68/><V128/><F26/><W80/><G80/><T47/><D109/><U87/><E72/><V76/><F19/><W46/><G97/><T0/><D31/><U39/><E108/><V94/><F56/><W116/><G100/><T55/><D64/><U70/><E70/><V125/><F62/><W44/><G44/><T73/><D42/><U118/><E118/><V1/><F1/><W98/><G98/><T134/><D73/><U132/><E113/><V50/><F50/><W91/><G91/><T111/><D134/><U99/><E132/><V33/><F33/><W120/><G120/><T83/><D83/><N who="1" m="47599" /><E43/><V115/><F115/><W49/><REACH who="3" step="1"/><G116/><REACH who="3" ten="240,240,240,260" step="2"/><T121/><D121/><U102/><E114/><V67/><F110/><W127/><G127/><T96/><D111/><U92/><E39/><V88/><F101/><W8/><G8/><N who="0" m="2087" /><D96/><U51/><E99/><N who="2" m="57799" /><F67/><W7/><G7/><T123/><D123/><U85/><E102/><V38/><F38/><AGARI ba="1,2" hai="13,14,38,41,47,48,55,57,61,66,69" m="2087" machi="38" ten="30,2000,0" yaku="24,1,52,1" doraHai="45" who="0" fromWho="2" sc="240,43,240,0,240,-23,260,0" /><INIT seed="2,0,0,4,3,103" ten="283,240,217,260" oya="2" hai0="82,17,25,38,129,40,113,134,16,93,72,45,107" hai1="97,1,0,88,55,71,21,23,37,19,79,33,49" hai2="66,7,36,95,32,4,89,2,108,87,43,122,127" hai3="118,47,109,80,117,83,22,13,48,111,67,46,96"/><V110/><F122/><W75/><G67/><T6/><D113/><U31/><E71/><V121/><F121/><W53/><G47/><T105/><D129/><U126/><E37/><V100/><F32/><W94/><G13/><T50/><D134/><U119/><E79/><V61/><F43/><W102/><G22/><T58/><D93/><U63/><E119/><V92/><F36/><W35/><G35/><T5/><D5/><U60/><E126/><V112/><F112/><W30/><G30/><T59/><D50/><U34/><E0/><V56/><F127/><W78/><REACH who="3" step="1"/><G83/><REACH who="3" ten="283,240,217,250" step="2"/><T24/><D82/><U65/><E33/><V124/><F124/><W15/><G15/><T14/><D14/><U28/><E34/><V99/><REACH who="2" step="1"/><F2/><REACH who="2" ten="283,240,207,250" step="2"/><W91/><G91/><T76/><D38/><U26/><E1/><V128/><F128/><W115/><G115/><T39/><D39/><U8/><E88/><V114/><F114/><W101/><G101/><T133/><D40/><U62/><E65/><V86/><F86/><W73/><G73/><T9/><D72/><U130/><E130/><V98/><F98/><W104/><G104/><T116/><D107/><U84/><E97/><V131/><F131/><W77/><G77/><T123/><D76/><U10/><E84/><V3/><F3/><W44/><G44/><T68/><D45/><U52/><E55/><V27/><F27/><N who="0" m="10314" /><D105/><U57/><E31/><V74/><F74/><W81/><G81/><T29/><D123/><U132/><E132/><V120/><F120/><W135/><G135/><T42/><D133/><U18/><E28/><RYUUKYOKU ba="0,2" sc="283,-30,240,10,207,10,250,10" hai1="8,10,18,19,21,23,26,49,52,57,60,62,63" hai2="4,7,56,61,66,87,89,92,95,99,100,108,110" hai3="46,48,53,75,78,80,94,96,102,109,111,117,118" /><INIT seed="2,1,2,1,5,100" ten="253,250,217,260" oya="2" hai0="60,33,117,24,3,99,132,124,52,105,89,32,44" hai1="135,87,48,109,15,80,85,4,78,118,63,10,12" hai2="111,55,113,2,27,104,39,112,92,74,37,16,121" hai3="7,67,66,107,5,13,20,31,9,61,25,125,41"/><V76/><F2/><W72/><G125/><T122/><D122/><U79/><E118/><V73/><F121/><W70/><G72/><T120/><D120/><U6/><E109/><V83/><F74/><W75/><G75/><T29/><D3/><U108/><E108/><V115/><F111/><W123/><G123/><T110/><D110/><U91/><E135/><V34/><F104/><W88/><G41/><T1/><D1/><U127/><E127/><V17/><F55/><W56/><G70/><T68/><D124/><U42/><E63/><V128/><F128/><W38/><G38/><T43/><D132/><U71/><E71/><V84/><F34/><W23/><G23/><T103/><D117/><U116/><E116/><V106/><F106/><W14/><G107/><T57/><D89/><U64/><E64/><V51/><F51/><W65/><REACH who="3" step="1"/><G88/><REACH who="3" ten="253,250,217,250" step="2"/><T102/><D68/><U45/><E85/><V126/><F126/><W22/><G22/><T81/><D103/><U54/><E42/><V101/><F73/><W11/><AGARI ba="1,3" hai="5,7,9,11,13,14,20,25,31,56,61,65,66,67" machi="11" ten="30,8000,1" yaku="1,1,0,1,9,1,8,1,53,1" doraHai="100" doraHaiUra="26" who="3" fromWho="3" sc="253,-21,250,-21,217,-41,250,113" /><INIT seed="3,0,0,3,5,21" ten="232,229,176,363" oya="3" hai0="6,98,106,91,103,24,30,99,70,120,7,108,59" hai1="38,54,88,116,128,23,95,121,55,114,0,97,52" hai2="86,80,92,82,123,115,81,32,45,46,26,37,131" hai3="4,3,65,75,101,134,47,43,85,40,33,129,73"/><W71/><G33/><T1/><D108/><U60/><E121/><V15/><F115/><W84/><G129/><T72/><D120/><U51/><E114/><V58/><F123/><W9/><G134/><T127/><D127/><U19/><E128/><V107/><F107/><W18/><G101/><T17/><D72/><U50/><E0/><V77/><F131/><W125/><G125/><T105/><D70/><U78/><E116/><V96/><F37/><W112/><G112/><T89/><D17/><U44/><E78/><V25/><F32/><W132/><G132/><T8/><D7/><U111/><E111/><V39/><F39/><W64/><G43/><T2/><D2/><U62/><E38/><V28/><F28/><W110/><G110/><T90/><D59/><U118/><E118/><V5/><F86/><W57/><G71/><T83/><D99/><U126/><E126/><V130/><F77/><W27/><G73/><T22/><REACH who="0" step="1"/><D105/><REACH who="0" ten="222,229,176,363" step="2"/><U13/><E55/><V42/><F58/><AGARI ba="0,1" hai="13,19,23,44,50,51,52,54,58,60,62,88,95,97" machi="58" ten="30,7700,0" yaku="7,1,8,1,54,2" doraHai="21" who="1" fromWho="2" sc="222,0,229,87,176,-77,363,0" /><INIT seed="4,0,0,4,5,77" ten="222,316,99,363" oya="0" hai0="35,60,33,92,78,15,28,3,13,59,18,80,52" hai1="81,25,91,43,50,29,64,67,126,120,30,41,99" hai2="72,24,62,116,63,96,40,2,134,42,57,65,102" hai3="76,95,129,84,16,39,75,36,5,87,1,69,66"/><T45/><D3/><U121/><E126/><V114/><F2/><W101/><G129/><T132/><D132/><U103/><E103/><V37/><F134/><W117/><G117/><T23/><D28/><U55/><E99/><V94/><F114/><W32/><G32/><T26/><D92/><U107/><E107/><V70/><F37/><W61/><G75/><T53/><D33/><U46/><E120/><V49/><F49/><W12/><G5/><T88/><D35/><U8/><E121/><V125/><F116/><W85/><G1/><T104/><D104/><U48/><E8/><V44/><F44/><W90/><G101/><T115/><D115/><U111/><E111/><V71/><F125/><W127/><G127/><T100/><D100/><U17/><E17/><V97/><F97/><W118/><G118/><T82/><D88/><U110/><E110/><V124/><F124/><W19/><G19/><T38/><D38/><U6/><E6/><V68/><F63/><W31/><G31/><T109/><D109/><U122/><E122/><V83/><REACH who="2" step="1"/><F24/><REACH who="2" ten="222,316,89,363" step="2"/><W56/><G39/><T47/><D45/><U89/><E25/><V98/><F98/><W22/><G36/><T54/><D47/><U34/><E46/><V14/><F14/><N who="0" m="5130" /><D78/><AGARI ba="0,1" hai="40,42,57,62,65,68,70,71,72,78,83,94,96,102" machi="78" ten="40,2600,0" yaku="1,1,52,1,53,0" doraHai="77" doraHaiUra="51" who="2" fromWho="0" sc="222,-26,316,0,89,36,363,0" /><INIT seed="5,0,0,1,5,14" ten="196,316,125,363" oya="1" hai0="84,33,108,88,27,43,17,41,118,124,131,77,65" hai1="56,25,79,4,67,13,121,97,86,73,125,95,31" hai2="115,135,102,54,111,70,52,35,21,45,127,134,63" hai3="133,122,69,99,105,120,53,64,62,126,87,32,83"/><U75/><E121/><V42/><F35/><W36/><G133/><N who="2" m="50697" /><F102/><W81/><G126/><T90/><D108/><U15/><E125/><V101/><F127/><W94/><G105/><T12/><D118/><U39/><E39/><V9/><F101/><W100/><G36/><T129/><D124/><U22/><E73/><V16/><F111/><W104/><G32/><T18/><D65/><U28/><E75/><V71/><F9/><W2/><G2/><T19/><D12/><U72/><E72/><V117/><F115/><W40/><G40/><N who="0" m="15435" /><D77/><U119/><E31/><V61/><F117/><W106/><G106/><T132/><D132/><U116/><E4/><V114/><F114/><W98/><G53/><N who="2" m="20585" /><F71/><W6/><G6/><T78/><D33/><U112/><E112/><V55/><N who="2" m="20593" /><V130/><DORA hai="23" /><F130/><N who="0" m="49674" /><D27/><U66/><E116/><V47/><F70/><W107/><G69/><T110/><D110/><U58/><E119/><V10/><F10/><W68/><G68/><T48/><D48/><U3/><E13/><N who="2" m="9359" /><F47/><W46/><G46/><T91/><D78/><U85/><E79/><V103/><F103/><W44/><G100/><T82/><AGARI ba="0,0" hai="17,18,19,82,84,88,90,91" m="49674,15435" machi="82" ten="40,8000,1" yaku="19,1,52,3,54,1" doraHai="14,23" who="0" fromWho="0" sc="196,80,316,-40,125,-20,363,-20" /><INIT seed="6,0,0,1,4,62" ten="276,276,105,343" oya="2" hai0="61,31,104,77,113,124,102,16,65,27,122,83,76" hai1="85,133,12,119,32,18,48,67,108,58,45,84,25" hai2="110,66,7,112,35,117,1,14,33,96,34,6,88" hai3="3,115,52,101,44,11,127,30,26,100,98,132,21"/><V78/><F78/><W60/><G132/><T107/><D122/><U105/><E133/><V0/><F66/><W93/><G127/><T128/><D124/><U59/><E105/><V91/><F96/><W24/><G115/><T64/><D113/><U57/><E108/><V116/><F112/><W40/><G24/><T29/><D128/><U71/><E119/><N who="2" m="45643" /><F14/><W90/><G3/><N who="2" m="1097" /><F110/><W114/><G114/><T9/><D102/><U120/><E71/><V56/><F56/><N who="3" m="34823" /><G11/><T15/><D104/><U23/><E120/><V54/><F54/><W131/><G131/><T106/><D106/><U37/><E37/><V47/><F47/><W53/><G40/><T87/><D107/><U94/><E32/><V46/><F46/><W73/><G73/><T28/><D77/><U55/><E12/><V8/><F8/><W75/><G75/><T2/><D2/><U111/><E111/><V42/><F42/><W36/><G36/><T135/><D135/><U80/><E94/><V81/><F81/><W5/><G5/><AGARI ba="0,0" hai="5,6,7,33,34,35,88,91" m="1097,45643" machi="5" ten="40,7700,0" yaku="28,2,54,1" doraHai="62" who="2" fromWho="3" sc="276,0,276,0,105,77,343,-77" /><INIT seed="6,1,0,5,2,36" ten="276,276,182,266" oya="2" hai0="125,131,132,67,24,47,26,48,4,11,63,106,12" hai1="95,135,78,23,93,75,18,98,99,76,118,97,37" hai2="80,40,121,69,54,0,27,8,16,2,50,82,52" hai3="39,117,9,130,51,44,84,56,30,28,58,115,6"/><V101/><F121/><W86/><G117/><T19/><D125/><U41/><E135/><V120/><F120/><W17/><G39/><T42/><D131/><U94/><E118/><V122/><F69/><W32/><G32/><T15/><D132/><U112/><E112/><V66/><F66/><W134/><G134/><T127/><D106/><U111/><E111/><V59/><F122/><W25/><G130/><T13/><D127/><U113/><E113/><V21/><F101/><W79/><G115/><T100/><D100/><U49/><E37/><V62/><F40/><N who="3" m="24967" /><G6/><T7/><D7/><U90/><E75/><V103/><F103/><W96/><G96/><T77/><D77/><U74/><E74/><V73/><F73/><W65/><G84/><T31/><D31/><N who="3" m="11817" /><G65/><T60/><D60/><U85/><E85/><V5/><REACH who="2" step="1"/><F0/><REACH who="2" ten="276,276,172,266" step="2"/><W43/><G43/><T88/><D67/><U45/><E90/><V14/><F14/><AGARI ba="1,1" hai="14,18,23,41,45,49,76,78,93,94,95,97,98,99" machi="14" ten="40,2600,0" yaku="8,1,52,1" doraHai="36" who="1" fromWho="2" sc="276,0,276,39,172,-29,266,0" /><INIT seed="7,0,0,4,1,133" ten="276,315,143,266" oya="3" hai0="51,15,60,123,78,61,135,6,98,87,33,1,75" hai1="36,59,79,130,105,119,68,30,92,99,134,35,31" hai2="131,86,95,66,13,48,54,37,112,89,49,7,81" hai3="110,50,128,122,82,3,124,107,17,39,80,72,46"/><W8/><G122/><T34/><D123/><U117/><E68/><V63/><F112/><W132/><G132/><T101/><D135/><U126/><E134/><V38/><F131/><W77/><G110/><T97/><D1/><U127/><E36/><V100/><F38/><W47/><G128/><T57/><D75/><U21/><E105/><V104/><F37/><W65/><G65/><T19/><D6/><U115/><E115/><V29/><F29/><N who="1" m="10761" /><E35/><V10/><F104/><W74/><G107/><T88/><D78/><U20/><E79/><V93/><F49/><W9/><G77/><T32/><D51/><U55/><E130/><V103/><F100/><W120/><G39/><T85/><D85/><U62/><E20/><V58/><REACH who="2" step="1"/><F103/><REACH who="2" ten="276,315,133,266" step="2"/><W25/><G50/><T43/><D101/><N who="1" m="60647" /><E21/><V84/><F84/><W106/><G106/><T96/><D87/><U23/><E23/><V18/><F18/><W12/><G17/><T73/><D19/><U28/><E28/><V90/><F90/><W24/><G74/><T116/><D88/><U76/><E76/><V0/><F0/><W71/><G3/><T121/><D73/><U67/><E119/><V111/><F111/><W125/><G72/><T83/><D116/><U5/><E117/><V129/><F129/><W53/><G120/><T44/><D121/><U45/><E45/><AGARI ba="0,1" hai="7,10,13,45,48,54,58,63,66,81,86,89,93,95" machi="45" ten="30,3900,0" yaku="1,1,7,1,8,1,53,0" doraHai="133" doraHaiUra="69" who="2" fromWho="1" sc="276,0,315,-39,133,49,266,0" /><INIT seed="8,0,0,3,3,64" ten="276,276,182,266" oya="0" hai0="106,52,26,84,122,17,28,129,10,119,132,48,69" hai1="83,14,15,108,73,57,98,55,79,37,126,13,53" hai2="78,62,19,12,36,51,91,20,97,34,95,16,133" hai3="9,93,113,92,21,74,11,25,103,100,94,101,125"/><T7/><D122/><U46/><E126/><V60/><F133/><W135/><G113/><T72/><D72/><U2/><E108/><V56/><F36/><W0/><G135/><T24/><D106/><U4/><E98/><V80/><F34/><W30/><G125/><T23/><D132/><U82/><E83/><V27/><F51/><W31/><G74/><T109/><D109/><U123/><E57/><V42/><F42/><W40/><G0/><T8/><D119/><U45/><E45/><V89/><F89/><W38/><G38/><T71/><D129/><U104/><E104/><V6/><F6/><W99/><G40/><T76/><D84/><U121/><E123/><V112/><F112/><W32/><G32/><T115/><D76/><U111/><E111/><V54/><F62/><W61/><G31/><T47/><D10/><N who="3" m="3593" /><G61/><T86/><D86/><U58/><E121/><V134/><F134/><W39/><G39/><T88/><D88/><AGARI ba="0,0" hai="21,25,30,88,92,93,94,99,100,101,103" m="3593" machi="88" ten="30,2000,0" yaku="8,1,54,1" doraHai="64" who="3" fromWho="0" sc="276,-20,276,0,182,0,266,20" /><INIT seed="9,0,0,4,4,78" ten="256,276,182,286" oya="1" hai0="101,131,5,75,107,106,56,34,71,128,35,96,74" hai1="63,73,81,126,102,95,116,22,64,104,28,27,122" hai2="17,66,46,103,19,135,88,7,38,44,82,9,133" hai3="37,67,12,129,0,61,57,40,99,112,97,43,54"/><U29/><E122/><V80/><F103/><W33/><G0/><T89/><D71/><U51/><E116/><V23/><F66/><W15/><G112/><T47/><D106/><U130/><E126/><V30/><F30/><W84/><G33/><T105/><D105/><U109/><E130/><N who="0" m="49705" /><D5/><U100/><E109/><V117/><F117/><W39/><G129/><T59/><D47/><N who="2" m="17962" /><F38/><W69/><G39/><T24/><D89/><U120/><E51/><V41/><F41/><N who="3" m="15947" /><G69/><T121/><D121/><U111/><E120/><V26/><F19/><W25/><G25/><T10/><D10/><U124/><E111/><V86/><F9/><W48/><G37/><T93/><D107/><U85/><E124/><V98/><F98/><N who="3" m="37387" /><G67/><T127/><D127/><U110/><E104/><V42/><F7/><W91/><G61/><T92/><D92/><AGARI ba="0,0" hai="12,15,48,54,57,84,91,92" m="37387,15947" machi="92" ten="30,1000,0" yaku="8,1" doraHai="78" who="3" fromWho="0" sc="256,-10,276,0,182,0,286,10" /><INIT seed="10,0,0,0,5,112" ten="246,276,182,296" oya="2" hai0="118,34,117,25,62,55,96,124,15,13,37,114,94" hai1="107,18,16,64,115,22,104,70,132,43,99,59,32" hai2="91,36,89,88,68,38,8,33,86,4,29,42,3" hai3="76,119,123,130,45,82,131,65,21,35,77,81,1"/><V0/><F3/><W113/><G119/><N who="0" m="45579" /><D114/><U110/><E115/><V105/><F68/><W24/><G113/><T75/><D37/><U47/><E32/><V58/><F105/><W125/><G123/><T98/><D75/><U49/><E132/><V2/><F0/><W28/><G1/><T72/><D72/><U93/><E70/><V101/><F101/><W52/><G125/><T87/><D87/><U39/><E18/><V46/><F58/><W10/><G65/><T31/><D124/><U50/><E39/><V40/><F42/><W85/><G35/><T92/><D92/><U51/><E110/><V12/><F12/><N who="0" m="4682" /><D94/><U14/><E107/><V108/><F108/><W84/><G10/><T5/><D5/><U116/><E104/><V30/><F30/><W7/><G7/><T100/><D100/><N who="1" m="60527" /><E116/><V41/><F29/><W23/><G23/><T60/><D55/><U66/><E66/><V109/><F33/><W11/><G11/><T120/><D120/><U44/><E47/><V133/><F109/><W127/><G127/><T26/><D25/><U6/><E6/><V71/><F133/><W103/><G103/><T20/><D34/><U73/><E73/><V17/><F17/><W122/><G122/><T19/><D19/><U90/><E90/><V95/><REACH who="2" step="1"/><F71/><REACH who="2" ten="246,276,172,296" step="2"/><W63/><G63/><AGARI ba="0,1" hai="20,26,31,60,62,63,96,98" m="4682,45579" machi="63" ten="30,8000,1" yaku="16,1,12,1,52,3" doraHai="112" who="0" fromWho="3" sc="246,90,276,0,172,0,296,-80" /><AGARI ba="0,0" hai="14,16,22,43,44,49,50,51,59,63,64" m="60527" machi="63" ten="30,2000,0" yaku="8,1,54,1" doraHai="112" who="1" fromWho="3" sc="336,0,276,20,172,0,216,-20" owari="336,43.0,296,10.0,172,-33.0,196,-20.0" /></mjloggm>