<mjloggm ver="2.3"><GO type="169" lobby="0"/><UN n0="%E7%9F%9B%E7%9B%BE" n1="%E3%81%AA%E3%82%8B%E3%81%9B%E3%81%A7%E3%81%99" n2="%EF%BC%88%E3%83%BB%EF%BC%88%E3%83%B1%EF%BC%89%E3%83%BB%EF%BC%89" n3="%74%61%6B%65%2D%79%6F%75" dan="16,16,16,17" rate="2076.69,2122.53,2091.99,2214.88" sx="M,M,M,M"/><TAIKYOKU oya="0"/><INIT seed="0,0,0,1,2,95" ten="250,250,250,250" oya="0" hai0="128,96,43,21,114,17,129,9,37,13,2,100,83" hai1="116,4,99,56,87,75,60,54,10,80,44,92,88" hai2="61,23,34,59,113,7,53,90,131,39,102,40,74" hai3="48,106,120,125,3,52,115,26,12,71,33,104,93"/><T62/><D114/><U121/><E121/><V42/><F113/><W0/><G115/><T22/><D2/><U38/><E116/><V112/><F112/><W47/><G71/><T8/><D62/><U18/><E18/><V25/><F131/><N who="0" m="50250" /><D83/><U14/><E75/><V79/><F34/><W133/><G120/><T103/><D103/><U86/><REACH who="1" step="1"/><E80/><REACH who="1" ten="250,240,250,250" step="2"/><V119/><F119/><W135/><G135/><T55/><D9/><U5/><E5/><V98/><F7/><W109/><G133/><T50/><D43/><AGARI ba="0,1" hai="4,10,14,38,43,44,54,56,60,86,87,88,92,99" machi="43" ten="40,5200,0" yaku="1,1,52,1,54,1,53,0" doraHai="95" doraHaiUra="28" who="1" fromWho="0" sc="250,-52,240,62,250,0,250,0" /><INIT seed="1,0,0,2,2,45" ten="198,302,250,250" oya="1" hai0="36,87,118,54,76,77,38,57,21,124,2,96,94" hai1="93,32,19,131,24,85,20,123,92,58,119,17,84" hai2="16,62,128,83,35,86,10,66,6,47,64,44,102" hai3="34,75,68,26,88,3,78,49,42,112,73,130,55"/><U100/><E119/><V79/><F128/><W80/><G112/><T30/><D124/><U28/><E123/><V104/><F35/><W59/><G3/><T105/><D2/><U97/><E131/><V22/><F104/><W99/><G68/><T12/><D105/><U50/><E92/><V110/><F102/><W7/><G130/><T18/><D30/><U81/><E32/><V134/><F110/><W5/><G73/><T98/><D38/><U43/><E84/><V126/><F134/><W127/><G127/><T46/><D46/><N who="1" m="25951" /><E58/><V120/><F120/><W1/><G1/><T8/><D36/><U65/><E65/><V41/><F126/><W115/><G115/><T27/><D118/><U31/><E31/><V90/><F90/><AGARI ba="0,0" hai="17,19,20,24,28,81,85,90,93,97,100" m="25951" machi="90" ten="30,2900,0" yaku="8,1,52,1" doraHai="45" who="1" fromWho="2" sc="198,0,302,29,250,-29,250,0" /><INIT seed="1,1,0,5,4,127" ten="198,331,221,250" oya="1" hai0="7,76,68,53,100,34,3,63,111,119,13,38,90" hai1="85,36,11,66,56,60,103,41,55,62,8,89,4" hai2="98,33,72,118,45,122,120,57,52,46,51,134,109" hai3="79,30,0,135,97,17,22,59,14,92,73,91,54"/><U24/><E103/><V105/><F109/><W121/><G121/><T74/><D111/><U49/><E62/><V116/><F72/><W102/><G0/><T77/><D13/><U129/><E129/><V115/><F105/><W28/><G135/><T50/><D53/><U86/><E86/><V23/><F98/><W37/><G37/><T16/><D50/><U48/><E48/><V93/><F93/><W131/><G131/><T47/><D16/><U125/><E125/><V5/><F23/><W31/><G73/><T9/><D47/><N who="2" m="17930" /><F5/><W101/><REACH who="3" step="1"/><G79/><REACH who="3" ten="198,331,221,240" step="2"/><T69/><D38/><U21/><E36/><V80/><F134/><W27/><G27/><T35/><D77/><U82/><E41/><V65/><F122/><W108/><G108/><T84/><D76/><U88/><E4/><V95/><F120/><W114/><G114/><T104/><D7/><U107/><E107/><V117/><F115/><W75/><G75/><T43/><D104/><U81/><E81/><V96/><F80/><W126/><G126/><T42/><D74/><U1/><E1/><V83/><F83/><W70/><G70/><T58/><D3/><U99/><E89/><V106/><F106/><W130/><G130/><T12/><D90/><U10/><E88/><V61/><F117/><W39/><G39/><T87/><D69/><U67/><E82/><V18/><F118/><W29/><N who="3" m="7168" /><DORA hai="15" /><W113/><G113/><T71/><D68/><U64/><E24/><V132/><F132/><W6/><G6/><T78/><D71/><U20/><E85/><V26/><F116/><W110/><G110/><RYUUKYOKU ba="1,1" sc="198,-10,331,-10,221,-10,240,30" hai3="14,17,22,54,59,91,92,97,101,102" /><INIT seed="2,2,1,2,3,121" ten="188,321,211,270" oya="2" hai0="36,80,12,49,51,60,135,100,97,66,37,44,93" hai1="30,118,112,13,43,20,125,128,24,102,104,21,22" hai2="23,45,15,77,41,16,27,28,59,108,67,85,34" hai3="126,70,86,134,1,57,25,39,83,42,19,91,17"/><V113/><F113/><W10/><G70/><T76/><D135/><U101/><E118/><V132/><F132/><W84/><G134/><T114/><D114/><U7/><E112/><V74/><F74/><W69/><G69/><T88/><D100/><U53/><E43/><V124/><F124/><W115/><G115/><T111/><D111/><U63/><E125/><V56/><F108/><W82/><G126/><T131/><D131/><U61/><E128/><V96/><F96/><W62/><G25/><T64/><D51/><U81/><E104/><V75/><F75/><W129/><G129/><T18/><D12/><U8/><E81/><V79/><F85/><W90/><G42/><T52/><D18/><U46/><E63/><V119/><F119/><W54/><REACH who="3" step="1"/><G39/><REACH who="3" ten="188,321,211,260" step="2"/><T116/><D116/><U122/><E122/><V92/><F67/><W9/><G9/><T94/><D66/><U107/><E24/><V78/><REACH who="2" step="1"/><F92/><REACH who="2" ten="188,321,201,260" step="2"/><W72/><G72/><T38/><D94/><U33/><E107/><V123/><F123/><W130/><G130/><T110/><D110/><U0/><E102/><V103/><F103/><W71/><G71/><T11/><D93/><U105/><E105/><V2/><F2/><W35/><G35/><T109/><D109/><U47/><E33/><V40/><F40/><W117/><G117/><T58/><D37/><AGARI ba="2,3" hai="15,16,23,27,28,34,37,41,45,56,59,77,78,79" machi="37" ten="40,3900,0" yaku="1,1,54,1,53,0" doraHai="121" doraHaiUra="3" who="2" fromWho="0" sc="188,-45,321,0,201,75,260,0" /><INIT seed="2,3,0,5,0,79" ten="143,321,276,260" oya="2" hai0="42,44,81,43,21,96,29,3,93,57,22,77,91" hai1="35,51,89,127,114,85,18,134,69,128,8,39,111" hai2="20,62,33,52,113,131,58,84,14,132,78,82,130" hai3="59,65,74,120,47,13,49,76,0,19,97,10,67"/><V101/><F33/><W86/><G120/><T66/><D3/><U41/><E39/><V88/><F113/><W34/><G74/><T118/><D118/><U53/><E69/><V12/><F132/><W32/><G0/><T117/><D117/><U109/><E35/><V116/><F116/><W95/><G34/><T28/><D43/><U45/><E134/><V7/><F101/><W61/><G32/><T104/><D104/><U108/><E114/><V24/><F78/><W56/><G56/><T73/><D29/><U68/><E68/><V125/><F125/><W54/><G76/><T4/><D28/><U37/><E128/><N who="2" m="49195" /><F7/><W31/><G31/><AGARI ba="3,0" hai="12,14,20,24,31,52,58,62,82,84,88" m="49195" machi="31" ten="30,11600,0" yaku="19,1,52,1,54,2" doraHai="79" who="2" fromWho="3" sc="143,0,321,0,276,125,260,-125" /><INIT seed="2,4,0,2,2,87" ten="143,321,401,135" oya="2" hai0="49,30,108,75,96,25,33,85,107,57,111,95,29" hai1="22,135,60,62,81,38,53,110,84,50,5,86,126" hai2="76,114,2,115,37,106,79,15,21,9,66,14,118" hai3="73,123,48,44,42,130,58,4,91,28,18,104,10"/><V116/><F106/><W26/><G123/><T69/><D75/><U64/><E38/><V23/><F37/><W51/><G73/><T46/><D69/><U103/><E135/><V105/><F105/><W117/><G117/><T119/><D119/><U13/><E110/><N who="0" m="42025" /><D57/><U39/><E39/><V3/><REACH who="2" step="1"/><F9/><REACH who="2" ten="143,321,391,135" step="2"/><W89/><G104/><T74/><D107/><U80/><E126/><V43/><F43/><W125/><G125/><T17/><D74/><U67/><E81/><V97/><F97/><W45/><G42/><N who="0" m="24791" /><D96/><U63/><E80/><V122/><F122/><W32/><G10/><T59/><D95/><U19/><E84/><V61/><F61/><W120/><G120/><T94/><D94/><U72/><E86/><V36/><F36/><W65/><G51/><T1/><D85/><U134/><E72/><V6/><F6/><W121/><G4/><T109/><D109/><U56/><E134/><V100/><F100/><W92/><G48/><T24/><D1/><U7/><E103/><V70/><F70/><W11/><G11/><T129/><D129/><U128/><E128/><V99/><F99/><W54/><G92/><T127/><D127/><U12/><E7/><V0/><F0/><W90/><G130/><T35/><D59/><U112/><E5/><V31/><F31/><W101/><G121/><T77/><D77/><U71/><E71/><V132/><F132/><W131/><G131/><T34/><D30/><U93/><E93/><V124/><F124/><W20/><G101/><T55/><D29/><U16/><E56/><V52/><F52/><W47/><G54/><RYUUKYOKU ba="4,1" sc="143,-10,321,-10,391,30,135,-10" hai2="2,3,14,15,21,23,66,76,79,114,115,116,118" /><INIT seed="2,5,1,0,4,11" ten="133,311,421,125" oya="2" hai0="112,100,49,45,70,54,103,66,76,2,47,121,51" hai1="134,62,129,46,90,55,21,69,125,115,56,26,126" hai2="38,36,86,102,28,14,22,43,5,37,133,4,7" hai3="119,59,88,67,65,131,52,94,6,15,71,30,99"/><V35/><F35/><W20/><G119/><T116/><D116/><U104/><E134/><V29/><F133/><W72/><G72/><T106/><D112/><U128/><E115/><V89/><F102/><W83/><G131/><N who="1" m="50250" /><E104/><V101/><F101/><W33/><G71/><T122/><D76/><U79/><E79/><V31/><F43/><W48/><G33/><T82/><D82/><U80/><E69/><V19/><REACH who="2" step="1"/><F4/><REACH who="2" ten="133,311,411,125" step="2"/><W58/><G6/><T132/><D132/><U75/><E126/><V96/><F96/><W53/><G99/><T130/><D100/><U60/><E125/><V34/><F34/><W68/><G68/><T93/><D103/><U13/><E75/><V87/><F87/><W98/><G98/><T61/><D70/><U39/><E90/><V97/><F97/><W12/><G88/><T84/><D121/><U118/><E118/><V25/><F25/><N who="3" m="16679" /><G83/><AGARI ba="5,2" hai="5,7,14,19,22,28,29,31,36,37,38,83,86,89" machi="83" ten="50,4800,0" yaku="1,1,52,1,53,0" doraHai="11" doraHaiUra="114" who="2" fromWho="3" sc="133,0,311,0,411,83,125,-63" /><INIT seed="2,6,0,1,0,109" ten="133,311,494,62" oya="2" hai0="71,59,124,63,87,66,121,97,73,24,55,83,78" hai1="33,38,133,99,111,74,120,28,11,43,85,47,122" hai2="79,102,84,118,12,62,2,93,68,80,123,95,0" hai3="41,81,16,65,77,52,101,8,64,19,132,17,92"/><V48/><F118/><W98/><G132/><T20/><D124/><U23/><E111/><V108/><F123/><W82/><G41/><T50/><D121/><U104/><E133/><V129/><F108/><W110/><G110/><T105/><D105/><U44/><E74/><V6/><F129/><W51/><G8/><T128/><D128/><U69/><E69/><V112/><F112/><W7/><G7/><T100/><D100/><U53/><E33/><V119/><F119/><W130/><G130/><T9/><D9/><U103/><E11/><V3/><F48/><W117/><G117/><T60/><D97/><U56/><E47/><V14/><F102/><W57/><REACH who="3" step="1"/><G82/><REACH who="3" ten="133,311,494,52" step="2"/><T15/><D15/><U46/><E120/><V42/><F42/><W32/><G32/><T22/><D73/><AGARI ba="6,1" hai="16,17,19,51,52,57,64,65,73,77,81,92,98,101" machi="73" ten="40,5200,0" yaku="1,1,54,2,53,0" doraHai="109" doraHaiUra="25" who="3" fromWho="0" sc="133,-70,311,0,494,0,52,80" /><INIT seed="3,0,0,2,2,43" ten="63,311,494,132" oya="3" hai0="72,94,81,39,57,135,44,98,37,132,128,74,130" hai1="116,36,111,118,45,21,92,67,104,59,18,134,106" hai2="53,60,119,38,80,103,105,78,84,129,90,50,91" hai3="28,16,1,33,62,99,79,73,17,5,30,63,58"/><W15/><G99/><T86/><D57/><U4/><E4/><V40/><F129/><N who="0" m="49770" /><D44/><U71/><E71/><V112/><F112/><W68/><G68/><T123/><D39/><U126/><E126/><V124/><F124/><W7/><G73/><N who="0" m="28267" /><D37/><U14/><E134/><N who="0" m="51241" /><D123/><U51/><E36/><V121/><F60/><W100/><G58/><T102/><D86/><U12/><E59/><V82/><F40/><W76/><G62/><T131/><N who="0" m="49778" /><T23/><DORA hai="110" /><D23/><U19/><E67/><V89/><F38/><W10/><G63/><T87/><D87/><U46/><E51/><V54/><F121/><W133/><G133/><T29/><D29/><U32/><E21/><V113/><F54/><W13/><G30/><T101/><D81/><U24/><E24/><V8/><F53/><W11/><G28/><T52/><D102/><U117/><E117/><V125/><F119/><W41/><G100/><T108/><D52/><U96/><E14/><V6/><F103/><W61/><G61/><T66/><D66/><U127/><E12/><V49/><F84/><W88/><G13/><T34/><D34/><U85/><E32/><V122/><F50/><W2/><G33/><T27/><D27/><U114/><E85/><V107/><F49/><W0/><G15/><T83/><D83/><U26/><E118/><V42/><F82/><W77/><G41/><T3/><D3/><U22/><E116/><V95/><F80/><W64/><G64/><T65/><D65/><U31/><E46/><V56/><F122/><W97/><G1/><T48/><D48/><U47/><E45/><RYUUKYOKU ba="0,0" sc="63,15,311,-15,494,-15,132,15" hai0="94,98,101,108" hai3="0,2,5,7,10,11,16,17,76,77,79,88,97" /><INIT seed="3,1,0,5,5,7" ten="78,296,479,147" oya="3" hai0="115,74,96,25,85,50,94,91,69,130,87,10,62" hai1="15,44,46,98,73,81,105,97,107,108,6,99,58" hai2="109,64,14,27,12,8,124,78,126,13,100,114,52" hai3="65,34,23,71,103,36,93,61,121,89,133,22,30"/><W120/><G36/><T55/><D130/><U70/><E70/><V42/><F114/><W43/><G133/><T19/><D115/><U29/><E108/><V123/><F109/><W56/><G43/><T80/><D74/><U134/><E134/><V92/><F123/><W51/><G103/><T0/><D0/><U16/><E6/><V135/><F64/><W26/><G71/><T45/><D69/><U39/><E29/><V82/><F27/><W102/><G51/><T54/><D80/><U18/><E39/><V122/><F42/><W127/><G102/><T9/><D85/><U79/><E58/><V75/><F92/><W60/><G60/><T32/><D87/><U59/><E59/><V31/><F31/><W4/><G4/><T48/><D32/><U84/><E73/><V35/><F35/><W88/><G127/><N who="2" m="48681" /><F100/><W24/><G34/><T17/><D17/><U63/><E18/><V113/><F122/><W53/><G65/><T125/><D125/><U33/><E63/><V101/><F101/><W66/><G66/><T110/><D110/><U86/><E86/><V116/><F116/><W119/><G119/><T111/><D111/><U132/><E132/><V41/><F41/><W106/><G106/><T104/><D104/><N who="1" m="40011" /><E33/><V129/><F129/><W2/><G2/><T11/><D62/><U38/><E38/><V76/><F113/><W77/><G120/><T28/><D28/><U49/><E49/><N who="0" m="19049" /><D45/><U1/><E1/><V20/><F75/><W128/><G128/><T90/><D90/><U72/><E72/><V40/><F135/><W21/><G121/><RYUUKYOKU ba="1,0" sc="78,15,296,15,479,-15,147,-15" hai0="9,10,11,19,25,54,55,91,94,96" hai1="15,16,44,46,79,81,84,97,98,99" /><INIT seed="4,2,0,4,3,23" ten="93,311,464,132" oya="0" hai0="22,123,89,9,4,52,55,25,118,53,70,134,98" hai1="132,60,97,102,125,88,119,133,100,0,93,57,11" hai2="83,91,19,126,112,114,120,62,81,58,34,80,35" hai3="111,7,39,104,41,3,128,64,87,67,31,51,10"/><T28/><D118/><U86/><E119/><V48/><F120/><W47/><G111/><T32/><D123/><U63/><E125/><V36/><F36/><W38/><G104/><T77/><D134/><N who="1" m="51819" /><E102/><V129/><F129/><W12/><G128/><T127/><D127/><U117/><E117/><V45/><F19/><W21/><G39/><T8/><D70/><U37/><E37/><V72/><F91/><W5/><G38/><T107/><D77/><U20/><E20/><V108/><F72/><W106/><G106/><T122/><D122/><U24/><E24/><V69/><F108/><W43/><G43/><T13/><D9/><U33/><E33/><V17/><F17/><W116/><G116/><T115/><D115/><N who="2" m="44074" /><F69/><W110/><G110/><T68/><D68/><U103/><E103/><V54/><F126/><W27/><REACH who="3" step="1"/><G87/><REACH who="3" ten="93,311,464,122" step="2"/><T113/><D113/><U26/><E86/><V85/><F85/><W61/><G61/><T90/><REACH who="0" step="1"/><D32/><REACH who="0" ten="83,311,464,122" step="2"/><U44/><E11/><AGARI ba="2,2" hai="3,5,7,10,11,12,21,27,31,41,47,51,64,67" machi="11" ten="40,2600,0" yaku="1,1,52,1,53,0" doraHai="23" doraHaiUra="124" who="3" fromWho="1" sc="83,0,311,-32,464,0,122,52" /><INIT seed="5,0,0,5,0,40" ten="83,279,464,174" oya="1" hai0="93,76,35,46,11,121,48,102,67,131,123,69,120" hai1="112,20,6,113,111,116,125,98,119,86,128,15,100" hai2="49,118,80,77,9,28,109,63,107,50,95,26,36" hai3="126,88,66,55,23,103,22,104,70,54,89,43,41"/><U64/><E64/><V52/><F118/><W51/><G126/><T58/><D35/><U27/><E86/><V62/><F107/><W105/><G66/><T130/><D76/><U110/><E98/><V1/><F36/><W5/><G51/><T29/><D29/><N who="1" m="17639" /><E125/><V57/><F109/><N who="1" m="41481" /><E100/><V106/><F106/><W124/><G124/><T133/><D11/><N who="1" m="4599" /><E128/><N who="0" m="49193" /><D93/><U13/><E13/><V33/><F95/><W117/><G103/><T71/><D102/><U68/><E68/><N who="0" m="26185" /><D133/><U56/><E56/><V16/><F50/><W18/><G70/><T90/><D90/><U17/><E17/><V47/><F16/><W53/><G18/><T4/><D4/><U94/><E94/><V45/><F80/><W21/><G5/><T81/><D81/><U37/><E37/><V99/><F77/><W19/><G19/><T30/><D30/><U132/><E132/><V61/><F99/><W7/><G7/><T59/><D67/><U84/><E84/><V97/><F97/><W114/><G104/><T129/><N who="0" m="49201" /><T101/><DORA hai="92" /><D101/><U91/><E91/><N who="3" m="34890" /><G105/><T42/><AGARI ba="0,0" hai="42,46,48,58,59,120,121,123" m="26185,49201" machi="42" ten="50,8000,1" yaku="13,1,19,1,34,2,52,1" doraHai="40,92" who="0" fromWho="0" sc="83,80,279,-40,464,-20,174,-20" /><INIT seed="6,0,0,0,2,26" ten="163,239,444,154" oya="2" hai0="21,2,122,16,125,27,55,9,118,57,76,128,133" hai1="22,111,18,80,84,14,74,20,120,52,103,78,65" hai2="29,108,30,72,132,75,93,11,54,134,42,53,33" hai3="23,66,4,67,77,85,107,45,86,7,8,90,124"/><V61/><F33/><W121/><G121/><T98/><D122/><U24/><E111/><V46/><F108/><W123/><G123/><T64/><D64/><U0/><E0/><V40/><F93/><W135/><G107/><T15/><D76/><U34/><E120/><V58/><F11/><W89/><G135/><N who="2" m="51753" /><F54/><W19/><G124/><T83/><D83/><U110/><E110/><V119/><F119/><W1/><G7/><T82/><D82/><U109/><E109/><V94/><F94/><W62/><G45/><T88/><D133/><U3/><E3/><V96/><F96/><W114/><G114/><T126/><D128/><U39/><E39/><N who="2" m="21791" /><F42/><W60/><G67/><T112/><D112/><U105/><E65/><V101/><F101/><W106/><G66/><T50/><D118/><U38/><E38/><V87/><F87/><W47/><G86/><T36/><D36/><U79/><E34/><V73/><AGARI ba="0,0" hai="29,30,53,58,61,72,73,75" m="21791,51753" machi="73" ten="40,7800,0" yaku="20,1,52,2" doraHai="26" who="2" fromWho="2" sc="163,-26,239,-26,444,78,154,-26" /><INIT seed="6,1,0,4,4,87" ten="137,213,522,128" oya="2" hai0="11,19,113,8,102,103,114,82,74,133,55,14,106" hai1="20,39,36,99,88,119,28,41,85,47,49,63,92" hai2="59,25,45,60,91,4,90,70,76,46,100,127,22" hai3="18,29,0,24,66,37,109,33,42,83,128,129,12"/><V38/><F127/><W78/><G109/><T134/><D106/><U54/><E119/><V131/><F70/><W105/><G105/><T23/><D55/><U67/><E28/><V56/><F131/><N who="3" m="50251" /><G66/><T15/><D82/><U126/><E126/><V5/><F100/><W34/><G0/><T16/><REACH who="0" step="1"/><D23/><REACH who="0" ten="127,213,522,128" step="2"/><U121/><E20/><V58/><F76/><W108/><G108/><T77/><D77/><U111/><E111/><V10/><F60/><W52/><G52/><T79/><D79/><U31/><E121/><V17/><F38/><W69/><G34/><T122/><D122/><U75/><E39/><V1/><REACH who="2" step="1"/><F4/><REACH who="2" ten="127,213,512,128" step="2"/><W26/><G37/><T35/><D35/><U95/><E36/><V97/><F97/><W110/><G78/><T132/><D132/><U62/><E99/><V48/><F48/><W117/><G33/><T32/><D32/><U13/><E49/><V86/><F86/><W2/><G110/><T9/><D9/><U30/><E85/><V6/><F6/><W101/><G117/><T43/><D43/><U104/><E63/><V124/><F124/><W40/><G40/><T57/><D57/><U96/><E62/><V130/><F130/><W3/><G42/><T112/><D112/><U125/><E125/><V51/><F51/><W72/><G69/><T123/><D123/><U89/><E96/><V120/><F120/><W65/><G65/><T94/><D94/><U81/><E95/><V7/><F7/><W71/><G71/><T27/><D27/><U107/><E92/><V64/><F64/><W80/><G24/><T68/><D68/><RYUUKYOKU ba="1,2" sc="127,15,213,-15,512,15,128,-15" hai0="8,11,14,15,16,19,74,102,103,113,114,133,134" hai2="1,5,10,17,22,25,45,46,56,58,59,90,91" /><INIT seed="6,2,2,0,5,35" ten="142,198,527,113" oya="2" hai0="116,30,105,48,102,109,42,108,130,104,125,76,1" hai1="45,65,13,127,58,78,114,21,97,132,11,64,56" hai2="106,54,5,43,133,72,82,46,17,98,16,60,93" hai3="15,67,122,49,29,91,134,18,51,33,81,110,89"/><V86/><F133/><W126/><G122/><T101/><D30/><U70/><E132/><V88/><F106/><W84/><G134/><T135/><D48/><N who="3" m="18505" /><G33/><T10/><D42/><U57/><E127/><V14/><F72/><W131/><G110/><T96/><D135/><U113/><E45/><V31/><F31/><W63/><G126/><T24/><D125/><U61/><E78/><V80/><F80/><W44/><G131/><T128/><D24/><U55/><E21/><V74/><F74/><W12/><G29/><T94/><D116/><U47/><E47/><V112/><F112/><N who="1" m="43113" /><E97/><V53/><F5/><W19/><G44/><T121/><D121/><U37/><E37/><V41/><F17/><N who="3" m="6155" /><G91/><T90/><D1/><U118/><E118/><V111/><F111/><N who="0" m="42570" /><D10/><U25/><E25/><V7/><F7/><W100/><G100/><N who="0" m="38507" /><D76/><U120/><E120/><V68/><F68/><W0/><G0/><T34/><D34/><U23/><E23/><V28/><F28/><W62/><G67/><N who="1" m="25674" /><E70/><V3/><F3/><W124/><G124/><T50/><D50/><U8/><E8/><N who="2" m="6215" /><F46/><W71/><G71/><T40/><D40/><N who="2" m="15434" /><F60/><AGARI ba="2,2" hai="12,15,60,62,63,81,84,89" m="6155,18505" machi="60" ten="30,1000,0" yaku="8,1" doraHai="35" who="3" fromWho="2" sc="142,0,198,0,527,-16,113,36" /><INIT seed="7,0,0,1,3,76" ten="142,198,511,149" oya="3" hai0="11,125,86,22,19,48,40,18,62,99,39,38,7" hai1="31,74,9,102,8,83,89,103,0,29,37,67,104" hai2="4,107,49,105,124,52,126,119,12,51,118,114,61" hai3="70,123,91,46,110,81,14,32,129,45,2,44,10"/><W68/><G123/><T25/><D125/><N who="2" m="48234" /><F114/><W58/><G32/><T33/><D33/><U54/><E37/><V47/><F4/><W28/><G2/><T135/><D135/><U50/><E67/><V41/><F12/><W79/><G129/><T64/><D99/><U92/><E74/><V117/><F61/><W60/><G28/><N who="1" m="10826" /><E83/><V134/><F134/><W66/><G91/><T1/><D19/><U23/><E23/><V63/><F63/><W65/><G65/><T97/><D97/><N who="1" m="57487" /><E104/><V15/><F15/><W16/><REACH who="3" step="1"/><G110/><REACH who="3" ten="142,198,511,139" step="2"/><T24/><D24/><U106/><E0/><V98/><F98/><W6/><G6/><T112/><D112/><U77/><E77/><V26/><F26/><W59/><G59/><AGARI ba="0,1" hai="41,47,49,51,52,59,105,107,117,118,119" m="48234" machi="59" ten="40,2600,0" yaku="18,1,54,1" doraHai="76" who="2" fromWho="3" sc="142,0,198,0,511,36,139,-26" owari="142,-26.0,198,0.0,547,65.0,113,-39.0" /></mjloggm>