<mjloggm ver="2.3"><GO type="185" lobby="0"/><UN n0="%28%C2%B4%E3%81%B8%CE%B5%E3%81%B8%60%29" n1="%4D%45%42%49%55%53" n2="%70%61%77%61%66%75%31" n3="" dan="20,17,19,0" rate="2234.70,2229.38,2394.73,1500.00" sx="M,F,M,C"/><TAIKYOKU oya="0"/><INIT seed="0,0,0,2,3,45" ten="350,350,350,0" oya="0" hai0="61,81,55,122,103,43,123,107,95,112,124,33,115" hai1="82,72,111,78,96,134,77,105,50,3,110,74,63" hai2="42,73,32,36,83,126,71,120,132,87,116,57,59" hai3=""/><T127/><N who="0" m="31264" /><T60/><N who="0" m="31520" /><T119/><D33/><U92/><E3/><V130/><N who="2" m="30752" /><V46/><F32/><T54/><D107/><U91/><E63/><N who="0" m="24137" /><D81/><U101/><E50/><V79/><F73/><T99/><D119/><U106/><E134/><V65/><F132/><T70/><D43/><U89/><E105/><V0/><F0/><T47/><D70/><U69/><E69/><V48/><F116/><T68/><D68/><U125/><E91/><V75/><F75/><T58/><D47/><U128/><E77/><V66/><F71/><T113/><D58/><U131/><E74/><V34/><F83/><T135/><D135/><U85/><REACH who="1" step="1"/><E125/><AGARI ba="0,0" hai="54,55,95,99,103,112,113,115,124,125,127" m="24137,31520,31264" machi="125" ten="40,7700,0" yaku="18,1,52,2" doraHai="45" who="0" fromWho="1" sc="350,77,350,-77,350,0,0,0" /><INIT seed="0,1,0,5,3,66" ten="427,273,350,0" oya="0" hai0="135,71,75,46,68,99,41,60,131,125,121,100,94" hai1="40,103,119,91,57,110,118,50,113,67,42,87,81" hai2="83,70,69,48,106,62,89,126,78,51,82,34,52" hai3=""/><T56/><N who="0" m="31008" /><T88/><D75/><U72/><E110/><V92/><F106/><T109/><D131/><U102/><E113/><V64/><F34/><T45/><D109/><U65/><E72/><V115/><F115/><T96/><D135/><U101/><E67/><V55/><F126/><T47/><D125/><U38/><E38/><V32/><F32/><T95/><REACH who="0" step="1"/><D41/><REACH who="0" ten="417,273,350,0" step="2"/><U49/><E40/><V74/><F82/><T37/><D37/><U76/><E42/><V3/><F3/><T59/><D59/><U39/><E39/><V120/><N who="2" m="30752" /><V123/><N who="2" m="31520" /><V80/><F83/><T97/><D97/><U43/><E43/><V116/><F116/><T85/><D85/><U63/><E119/><V61/><F80/><T107/><D107/><U58/><E118/><V108/><F74/><T128/><D128/><U53/><E76/><V35/><F35/><T114/><D114/><U112/><E112/><V105/><F105/><T54/><AGARI ba="1,1" hai="45,46,47,54,56,60,68,71,88,94,95,96,99,100" m="31008" machi="54" ten="30,12000,2" yaku="1,1,0,1,52,3,54,1,53,0" doraHai="66" doraHaiUra="130" who="0" fromWho="0" sc="417,132,273,-61,350,-61,0,0" /><INIT seed="0,2,0,0,0,79" ten="549,212,289,0" oya="0" hai0="80,119,108,55,2,113,33,52,112,110,91,98,107" hai1="62,133,124,73,101,81,117,76,50,34,51,86,74" hai2="104,82,38,116,37,53,120,41,72,126,129,115,97" hai3=""/><T85/><D33/><U93/><E117/><V118/><N who="2" m="30752" /><V67/><F115/><T130/><D2/><U89/><E34/><V32/><F32/><T77/><D119/><N who="2" m="45610" /><F53/><T66/><D130/><U1/><E1/><V58/><F41/><T125/><D125/><U49/><E124/><V36/><F126/><T105/><D66/><U69/><E133/><V59/><F129/><T121/><N who="0" m="31008" /><T123/><N who="0" m="31520" /><T54/><D105/><U78/><E101/><V0/><F0/><T3/><D3/><U45/><E62/><V63/><F58/><T47/><D47/><U46/><REACH who="1" step="1"/><E69/><REACH who="1" ten="549,202,289,0" step="2"/><V96/><F104/><T75/><D112/><U44/><E44/><V102/><F102/><T109/><D113/><U131/><E131/><V61/><F63/><T65/><D107/><U43/><E43/><V122/><N who="2" m="31264" /><V99/><F36/><T114/><D114/><U70/><E70/><V56/><F59/><T128/><D128/><U40/><E40/><V71/><F71/><T35/><D35/><U42/><E42/><V64/><F67/><T94/><REACH who="0" step="1"/><D65/><REACH who="0" ten="539,202,289,0" step="2"/><U134/><E134/><V48/><F64/><T90/><D90/><U103/><E103/><V87/><F56/><T106/><D106/><U60/><E60/><RYUUKYOKU ba="2,2" sc="539,10,202,10,289,-20,0,0" hai0="52,54,55,75,77,80,85,91,94,98,108,109,110" hai1="45,46,49,50,51,73,74,76,78,81,86,89,93" /><INIT seed="0,3,2,3,2,51" ten="549,212,269,0" oya="0" hai0="106,3,110,114,124,52,76,47,94,55,38,123,103" hai1="62,125,34,78,0,49,80,60,105,95,53,37,100" hai2="2,73,54,130,44,69,87,98,97,99,59,39,82" hai3=""/><T90/><N who="0" m="31520" /><T127/><D114/><U116/><E116/><V68/><F2/><T104/><D3/><U96/><E0/><V134/><F73/><T79/><D110/><U40/><E34/><V48/><F130/><T71/><D71/><U1/><E1/><V133/><F39/><T129/><D129/><U61/><E125/><N who="0" m="48201" /><D103/><U75/><E37/><V45/><F45/><T32/><D32/><U119/><E119/><V85/><F44/><T132/><D132/><U41/><REACH who="1" step="1"/><E105/><REACH who="1" ten="549,202,269,0" step="2"/><N who="0" m="40553" /><D38/><U91/><E91/><V33/><F33/><T92/><D90/><U135/><E135/><V70/><F134/><T65/><D76/><U86/><E86/><V67/><F133/><T43/><D79/><U63/><N who="1" m="15360" /><DORA hai="118" /><U121/><N who="1" m="31008" /><U83/><E83/><V84/><REACH who="2" step="1"/><F67/><REACH who="2" ten="549,202,259,0" step="2"/><T57/><D65/><U126/><E126/><V117/><F117/><T113/><D113/><U112/><E112/><V107/><F107/><T122/><D122/><U111/><E111/><V77/><AGARI ba="3,4" hai="48,54,59,68,69,70,77,82,84,85,87,97,98,99" machi="77" ten="40,6000,1" yaku="1,1,0,1,52,1,53,1" doraHai="51,118" doraHaiUra="120,72" who="2" fromWho="2" sc="549,-43,202,-23,259,106,0,0" /><INIT seed="1,0,0,5,1,32" ten="506,179,365,0" oya="1" hai0="53,57,128,65,67,60,86,54,50,94,93,103,108" hai1="129,88,71,81,96,115,89,58,51,97,99,127,87" hai2="46,95,104,134,45,2,44,76,119,123,101,55,48" hai3=""/><U102/><E115/><V85/><N who="2" m="31520" /><V34/><F34/><T64/><D108/><U49/><E71/><V70/><F119/><T59/><D128/><U43/><E129/><V110/><F70/><T56/><D103/><U121/><N who="1" m="31008" /><U63/><E127/><V41/><F110/><T126/><D126/><U79/><E102/><V83/><F104/><T69/><D69/><U90/><REACH who="1" step="1"/><E43/><REACH who="1" ten="506,169,365,0" step="2"/><V47/><F41/><T131/><D131/><U80/><E80/><V135/><F135/><T105/><D105/><U1/><E1/><V39/><F134/><T106/><D106/><U3/><E3/><V36/><F2/><T114/><D114/><U107/><E107/><V77/><F36/><T38/><D38/><U84/><E84/><V111/><F39/><T75/><D86/><U113/><E113/><V98/><F111/><T40/><D40/><U35/><E35/><V52/><REACH who="2" step="1"/><F55/><AGARI ba="0,1" hai="49,51,55,58,63,79,81,87,88,89,90,96,97,99" m="31008" machi="55" ten="40,12000,1" yaku="1,1,8,1,52,1,54,1,53,1" doraHai="32" doraHaiUra="118" who="1" fromWho="2" sc="506,0,169,130,365,-120,0,0" /><INIT seed="1,1,0,0,1,95" ten="506,299,245,0" oya="1" hai0="79,108,133,88,52,82,69,1,85,128,37,3,36" hai1="102,131,43,94,35,39,121,64,34,55,63,115,103" hai2="106,86,51,105,44,47,124,129,66,110,119,117,76" hai3=""/><U38/><N who="1" m="31008" /><U33/><E115/><V96/><F110/><T40/><D69/><U80/><E131/><V118/><F129/><T65/><D128/><U126/><E126/><V113/><F124/><T130/><D130/><U83/><E55/><V111/><F111/><T123/><N who="0" m="31520" /><T120/><N who="0" m="30752" /><T78/><D108/><U62/><E43/><V107/><F113/><T67/><D133/><U99/><E103/><V84/><F66/><T48/><D3/><U72/><E63/><V50/><F76/><T116/><D1/><U42/><E72/><V54/><F96/><T89/><D116/><U122/><N who="1" m="31264" /><U98/><E99/><V32/><F32/><T68/><D40/><U75/><E75/><V56/><F56/><T93/><D68/><U49/><E49/><V114/><F114/><T74/><D74/><U58/><REACH who="1" step="1"/><E42/><REACH who="1" ten="506,289,245,0" step="2"/><V41/><AGARI ba="1,1" hai="41,44,47,50,51,54,84,86,105,106,107,117,118,119" machi="41" ten="40,1100,0" yaku="0,1" doraHai="95" who="2" fromWho="2" sc="506,-5,289,-8,245,23,0,0" /><INIT seed="2,0,0,3,1,95" ten="501,281,268,0" oya="2" hai0="88,105,33,70,51,132,43,124,47,77,91,97,122" hai1="116,40,94,117,34,2,83,107,121,74,44,39,112" hai2="49,86,134,75,131,113,126,37,65,60,110,104,118" hai3=""/><V81/><RYUUKYOKU type="yao9" ba="0,0" sc="501,0,281,0,268,0,0,0" hai2="37,49,60,65,75,81,86,104,110,113,118,126,131,134" /><INIT seed="2,1,0,0,5,46" ten="501,281,268,0" oya="2" hai0="118,49,64,102,41,50,125,86,1,45,108,70,36" hai1="123,75,89,88,33,66,135,39,103,2,116,37,32" hai2="128,59,74,107,65,68,85,94,115,120,105,124,83" hai3=""/><V111/><F68/><T100/><D1/><U42/><N who="1" m="31520" /><U79/><E135/><V110/><N who="2" m="30752" /><V43/><F115/><T129/><D118/><U133/><E133/><V106/><F124/><T53/><D125/><U114/><E103/><V0/><F0/><T56/><D108/><N who="2" m="41514" /><F43/><T117/><D117/><U134/><E134/><V69/><F69/><T3/><D3/><U48/><E116/><V84/><F128/><T62/><D129/><U55/><E2/><V101/><F65/><T109/><D109/><U97/><E66/><V95/><F59/><T38/><D38/><U119/><E42/><V71/><F71/><T57/><D86/><N who="2" m="33386" /><F101/><T93/><D100/><U72/><E37/><V47/><F47/><T92/><D102/><U67/><E39/><V80/><F74/><T58/><D57/><U40/><E72/><V96/><F96/><T77/><D58/><U113/><E75/><V61/><F61/><T131/><D131/><U90/><E114/><V98/><F98/><T51/><D70/><U54/><E113/><V121/><N who="2" m="31008" /><V73/><F73/><T35/><D64/><U126/><E67/><V127/><F127/><T130/><D130/><U44/><E126/><V99/><F99/><T82/><D41/><RYUUKYOKU ba="1,0" sc="501,-10,281,-10,268,20,0,0" hai2="80,83,94,95,105,106,107" /><INIT seed="2,2,0,4,1,70" ten="491,271,288,0" oya="2" hai0="1,104,69,43,53,47,77,32,90,106,61,110,121" hai1="39,115,48,85,96,0,107,97,103,94,46,49,133" hai2="87,65,62,135,124,128,119,130,34,72,54,35,78" hai3=""/><V102/><F119/><T51/><N who="0" m="31008" /><T66/><D32/><U120/><N who="1" m="30752" /><U83/><E115/><V3/><F3/><T36/><D1/><U98/><E133/><V55/><F72/><T79/><D110/><U64/><E0/><V37/><F135/><T71/><D71/><U82/><E64/><V134/><F134/><T100/><D90/><U80/><E85/><V126/><F102/><T68/><D68/><U44/><E39/><V84/><F62/><T99/><REACH who="0" step="1"/><D106/><REACH who="0" ten="481,271,288,0" step="2"/><U42/><REACH who="1" step="1"/><E107/><REACH who="1" ten="481,261,288,0" step="2"/><V74/><F34/><T33/><D33/><U108/><E108/><V116/><F35/><T45/><AGARI ba="2,2" hai="36,43,45,47,51,53,61,66,69,77,79,99,100,104" m="31008" machi="45" ten="20,9000,2" yaku="1,1,0,1,7,1,52,2,53,1" doraHai="70" doraHaiUra="59" who="0" fromWho="0" sc="481,114,261,-32,288,-62,0,0" /><INIT seed="4,0,0,5,5,39" ten="595,229,226,0" oya="0" hai0="120,119,109,66,85,82,48,0,105,110,100,102,32" hai1="106,97,61,133,128,1,98,58,54,86,113,127,70" hai2="101,57,67,103,47,78,96,51,68,62,130,126,49" hai3=""/><T99/><N who="0" m="30752" /><T42/><D32/><U132/><E1/><V124/><F130/><T87/><D0/><U71/><E128/><V118/><F78/><T65/><D119/><U34/><E34/><V55/><F118/><T60/><D102/><U56/><E127/><V83/><F83/><T38/><D38/><U117/><E117/><V3/><F101/><T112/><D112/><U116/><E116/><V36/><F3/><T46/><D87/><U107/><E86/><V94/><REACH who="2" step="1"/><F49/><REACH who="2" ten="595,229,216,0" step="2"/><T114/><D48/><U81/><E81/><V44/><F44/><T35/><D35/><U72/><E113/><V111/><F111/><T50/><D114/><U92/><E72/><V37/><F37/><T90/><REACH who="0" step="1"/><D66/><REACH who="0" ten="585,229,216,0" step="2"/><U77/><E133/><V52/><F52/><T134/><D134/><U93/><E132/><V89/><F89/><T135/><D135/><U40/><E54/><V33/><F33/><T64/><D64/><U53/><E53/><V131/><F131/><T122/><N who="0" m="31264" /><T115/><D115/><U43/><E77/><V63/><F63/><AGARI ba="0,2" hai="40,43,56,58,61,63,70,71,92,93,97,98,106,107" machi="63" ten="25,6400,0" yaku="22,2,52,2" doraHai="39" who="1" fromWho="2" sc="585,0,229,84,216,-64,0,0" /><INIT seed="5,0,0,0,1,100" ten="585,313,152,0" oya="1" hai0="132,73,88,101,93,48,80,83,45,33,90,41,87" hai1="51,32,54,52,55,124,105,119,70,127,112,46,76" hai2="122,84,96,95,113,89,121,111,71,69,123,107,79" hai3=""/><U108/><E119/><V40/><N who="2" m="31008" /><V92/><N who="2" m="31264" /><V39/><N who="2" m="31520" /><V74/><F111/><T117/><D33/><U86/><E32/><V135/><F135/><T62/><D132/><U66/><E108/><V78/><F113/><T99/><D117/><U131/><E112/><V60/><F39/><T109/><D109/><U82/><E131/><V130/><F40/><T81/><D73/><U104/><E66/><V37/><F37/><T59/><D90/><U98/><E70/><V67/><F130/><T3/><D3/><U53/><REACH who="1" step="1"/><E98/><REACH who="1" ten="585,303,152,0" step="2"/><V102/><F69/><T85/><D85/><U133/><E133/><V120/><N who="2" m="30752" /><V64/><F74/><T134/><D134/><U72/><E72/><V110/><F110/><T35/><D35/><U42/><E42/><V38/><F67/><AGARI ba="0,1" hai="41,45,48,59,62,67,80,81,83,87,88,93,99,101" machi="67" ten="30,3900,0" yaku="7,1,8,1,54,1" doraHai="100" who="0" fromWho="2" sc="585,49,303,0,152,-39,0,0" /><INIT seed="6,0,0,4,2,106" ten="634,303,113,0" oya="2" hai0="56,114,90,37,60,127,58,67,44,96,93,108,120" hai1="103,125,65,49,111,115,3,80,102,72,95,121,35" hai2="117,110,133,105,53,107,51,88,70,123,119,89,45" hai3=""/><V109/><N who="2" m="31520" /><V39/><F70/><T86/><D108/><N who="2" m="41578" /><F39/><T43/><D127/><U79/><N who="1" m="31008" /><U83/><E111/><V75/><F133/><T47/><N who="0" m="30752" /><T61/><D47/><U40/><E3/><V73/><F105/><T33/><D114/><U116/><E35/><V87/><F89/><T74/><D33/><U94/><E125/><V77/><F77/><T71/><D71/><U99/><E115/><V104/><F104/><T81/><D74/><U97/><E116/><N who="2" m="44619" /><F107/><T64/><D81/><AGARI ba="0,0" hai="45,51,53,73,75,81,87,88" m="44619,41578,31520" machi="81" ten="30,12000,1" yaku="10,1,52,3,54,1" doraHai="106" who="2" fromWho="0" sc="634,-120,303,0,113,120,0,0" /><INIT seed="6,1,0,3,2,65" ten="514,303,233,0" oya="2" hai0="118,58,109,75,132,32,125,115,37,51,104,89,39" hai1="127,79,130,77,52,106,67,38,103,108,72,80,33" hai2="35,66,91,83,86,62,93,57,85,63,48,114,68" hai3=""/><V116/><F35/><T92/><RYUUKYOKU type="yao9" ba="1,0" sc="514,0,303,0,233,0,0,0" hai0="32,37,39,51,58,75,89,92,104,109,115,118,125,132" /><INIT seed="6,2,0,1,3,32" ten="514,303,233,0" oya="2" hai0="122,113,89,68,101,55,98,76,79,50,92,133,34" hai1="114,0,67,46,104,95,126,115,123,85,97,65,111" hai2="3,105,107,91,121,110,37,64,33,72,42,62,1" hai3=""/><V44/><N who="2" m="31008" /><V119/><F33/><T83/><N who="0" m="31264" /><T88/><D34/><U47/><N who="1" m="31520" /><U118/><E111/><V86/><F119/><T131/><D68/><U39/><E0/><V36/><F72/><T69/><D69/><U132/><E118/><V96/><F110/><T125/><D131/><U117/><E117/><V99/><F36/><T108/><D108/><U130/><E130/><V135/><F135/><T75/><D125/><U116/><E116/><V84/><F84/><T51/><D113/><N who="1" m="43019" /><E132/><V56/><F99/><T48/><D133/><U90/><E126/><V41/><F42/><T109/><D109/><U45/><E39/><V106/><REACH who="2" step="1"/><F96/><REACH who="2" ten="514,303,223,0" step="2"/><T73/><D73/><U53/><E97/><V77/><F77/><T58/><REACH who="0" step="1"/><D76/><REACH who="0" ten="504,303,223,0" step="2"/><U63/><E104/><V127/><F127/><T71/><D71/><U128/><E128/><V120/><N who="2" m="30752" /><V35/><F35/><T93/><D93/><AGARI ba="2,2" hai="1,3,37,41,44,56,62,64,86,91,93,105,106,107" m="30752,31008" machi="93" ten="40,12000,1" yaku="1,1,52,4,53,0" doraHai="32" doraHaiUra="66" who="2" fromWho="0" sc="504,-124,303,0,223,144,0,0" /><INIT seed="6,3,0,0,3,108" ten="380,303,367,0" oya="2" hai0="96,61,127,102,81,47,1,100,32,43,110,126,50" hai1="99,65,105,121,88,118,109,98,92,76,123,132,73" hai2="93,124,111,33,104,37,82,101,42,44,77,83,133" hai3=""/><V112/><F33/><T106/><D110/><U46/><N who="1" m="31008" /><U39/><N who="1" m="31520" /><U48/><E109/><V66/><F111/><T59/><D32/><U45/><E132/><V3/><F3/><T120/><N who="0" m="30752" /><T36/><D1/><U35/><E35/><V97/><F124/><N who="0" m="47658" /><D100/><U130/><E130/><V84/><F133/><T64/><D81/><U57/><E118/><V119/><F119/><T85/><D85/><U51/><E39/><AGARI ba="3,0" hai="36,39,43,47,50,59,61,64,96,102,106" m="47658,30752" machi="39" ten="30,2000,0" yaku="18,1,52,1" doraHai="108" who="0" fromWho="1" sc="380,26,303,-26,367,0,0,0" owari="406,35.0,277,-32.0,367,-3.0,0,0.0" /></mjloggm>