<mjloggm ver="2.3"><GO type="185" lobby="0"/><UN n0="%E8%90%AC%E6%81%8B%E6%AC%A1%E9%83%8E" n1="%79%61%73%73%61%6E" n2="%74%2E%6F%2E%6F%2E%73" n3="" dan="17,16,17,0" rate="2285.10,2188.23,2212.26,1500.00" sx="M,M,M,C"/><TAIKYOKU oya="0"/><INIT seed="0,0,0,5,5,85" ten="350,350,350,0" oya="0" hai0="46,113,66,96,33,61,132,42,49,98,72,67,112" hai1="84,70,68,43,44,78,74,41,69,135,104,99,107" hai2="101,127,87,120,77,100,129,38,134,103,76,64,81" hai3=""/><T45/><D33/><U117/><E117/><V37/><N who="2" m="30752" /><V115/><F115/><T34/><D34/><U36/><E135/><V110/><F110/><T124/><D132/><U83/><E99/><V88/><F134/><T40/><D72/><U62/><E43/><V122/><N who="2" m="31264" /><V71/><F129/><T86/><D124/><U109/><E109/><V73/><F127/><T3/><D3/><U1/><E1/><V97/><F97/><T53/><D86/><U90/><REACH who="1" step="1"/><E62/><REACH who="1" ten="350,340,350,0" step="2"/><V35/><F35/><T121/><N who="0" m="31008" /><T131/><D61/><U95/><AGARI ba="0,1" hai="36,41,44,68,69,70,74,78,83,84,90,95,104,107" machi="95" ten="30,3000,0" yaku="1,1,0,1,52,1,53,0" doraHai="85" doraHaiUra="54" who="1" fromWho="1" sc="350,-20,340,40,350,-10,0,0" /><INIT seed="1,0,0,2,2,109" ten="330,380,340,0" oya="1" hai0="41,53,85,73,116,2,45,87,54,134,32,86,83" hai1="0,122,34,76,89,105,46,43,95,71,130,96,67" hai2="35,81,74,128,36,51,48,117,58,114,66,127,90" hai3=""/><U1/><N who="1" m="31264" /><U115/><E34/><V121/><N who="2" m="31008" /><V56/><F117/><T70/><D32/><U93/><E105/><V98/><F35/><T126/><D2/><U91/><E76/><V79/><F36/><T101/><D116/><U111/><E130/><V92/><F128/><T44/><D126/><U65/><E111/><V129/><F129/><T131/><D131/><U110/><E110/><V37/><F37/><T64/><D134/><U88/><E115/><V50/><F127/><T80/><D101/><U68/><E46/><V62/><REACH who="2" step="1"/><F114/><REACH who="2" ten="330,380,330,0" step="2"/><T103/><D83/><U52/><E1/><V97/><F97/><T135/><D80/><U133/><E0/><V82/><F82/><T40/><D86/><U102/><E133/><V124/><F124/><T59/><D135/><U104/><E43/><V125/><F125/><T63/><D40/><U112/><E112/><V39/><F39/><T106/><D41/><U72/><E72/><V49/><F49/><T118/><D73/><U100/><E96/><V107/><F107/><T75/><D75/><U3/><E3/><V120/><N who="2" m="30752" /><V69/><AGARI ba="0,1" hai="48,50,51,56,58,62,66,69,74,79,81,90,92,98" m="30752,31008" machi="69" ten="30,9000,2" yaku="1,1,4,1,0,1,52,2,53,1" doraHai="109" doraHaiUra="61" who="2" fromWho="2" sc="330,-30,380,-60,330,100,0,0" /><INIT seed="2,0,0,2,4,130" ten="300,320,430,0" oya="2" hai0="3,106,79,83,90,52,80,77,101,48,85,111,125" hai1="126,75,110,95,59,128,57,62,34,61,99,94,46" hai2="70,45,86,118,50,131,53,81,1,47,67,56,54" hai3=""/><V60/><F131/><T68/><D3/><U63/><E34/><V117/><F1/><T116/><D116/><U113/><E128/><V107/><F107/><T129/><D129/><U74/><E113/><V2/><F2/><T37/><D125/><U82/><E126/><V109/><F109/><T39/><D111/><U87/><E110/><V43/><F86/><T0/><D68/><U93/><E99/><V42/><F81/><T133/><D0/><U122/><N who="1" m="31264" /><U36/><E46/><V78/><F78/><T102/><D90/><U103/><E36/><V100/><F100/><T121/><N who="0" m="31008" /><T49/><D106/><U91/><REACH who="1" step="1"/><E103/><REACH who="1" ten="300,310,430,0" step="2"/><V119/><REACH who="2" step="1"/><F45/><REACH who="2" ten="300,310,420,0" step="2"/><T92/><D102/><U55/><E55/><V66/><F66/><T114/><D101/><U32/><E32/><V108/><F108/><T71/><D52/><U33/><E33/><V135/><F135/><T105/><D133/><U64/><E64/><V69/><F69/><T115/><D71/><U132/><E132/><V76/><F76/><T89/><D105/><U44/><E44/><V73/><F73/><AGARI ba="0,2" hai="57,59,61,62,63,73,74,75,82,87,91,93,94,95" m="31264" machi="73" ten="50,3200,0" yaku="1,1,52,1,53,0" doraHai="130" doraHaiUra="38" who="1" fromWho="2" sc="300,0,310,52,420,-32,0,0" /><INIT seed="4,0,0,0,4,111" ten="300,362,388,0" oya="0" hai0="82,77,125,106,32,49,42,113,59,135,114,64,48" hai1="93,2,71,90,62,102,55,51,41,95,119,70,47" hai2="118,50,109,129,108,104,1,67,33,43,97,68,105" hai3=""/><T117/><D32/><U78/><E119/><V133/><F33/><T80/><D117/><U44/><E2/><V128/><F118/><T85/><D125/><U63/><E78/><V35/><F35/><T103/><D135/><U83/><E102/><V60/><F1/><T98/><D82/><U56/><E83/><V132/><F43/><T131/><D131/><N who="2" m="50250" /><F50/><T130/><D130/><U39/><E93/><V127/><F97/><T36/><D64/><U112/><E90/><V52/><F52/><T0/><D0/><U96/><E95/><V99/><F99/><T120/><N who="0" m="30752" /><T87/><D85/><U122/><N who="1" m="31264" /><U76/><E76/><V101/><F101/><T124/><D124/><U89/><E89/><V107/><F127/><T91/><D91/><U134/><E96/><V92/><F92/><T37/><D49/><U84/><E84/><V66/><F66/><T100/><D103/><U88/><E88/><V3/><F3/><T74/><D87/><U79/><E79/><V86/><F86/><T75/><D74/><U40/><E134/><AGARI ba="0,0" hai="60,67,68,104,105,107,108,109,132,133,134" m="50250" machi="134" ten="40,5200,0" yaku="20,1,19,1,23,1" doraHai="111" who="2" fromWho="1" sc="300,0,362,-52,388,52,0,0" /><INIT seed="5,0,0,3,5,130" ten="300,310,440,0" oya="1" hai0="55,74,127,39,121,64,115,93,70,128,72,52,83" hai1="32,84,71,110,111,114,45,116,68,101,36,95,96" hai2="104,35,78,1,123,49,85,102,34,125,109,38,51" hai3=""/><U69/><E32/><V53/><N who="2" m="31520" /><V134/><F1/><T75/><N who="0" m="31008" /><T107/><D107/><U108/><E116/><V40/><F38/><T81/><D128/><U66/><E114/><V105/><F109/><T60/><D115/><U86/><REACH who="1" step="1"/><E66/><REACH who="1" ten="300,300,440,0" step="2"/><V50/><F34/><T65/><D64/><U126/><E126/><V90/><F35/><T135/><D127/><U131/><E131/><V103/><F125/><T117/><D117/><U92/><E92/><V46/><F105/><T94/><D93/><U41/><AGARI ba="0,1" hai="36,41,45,68,69,71,84,86,95,96,101,108,110,111" machi="41" ten="40,5200,0" yaku="1,1,0,1,10,1,53,0" doraHai="130" doraHaiUra="63" who="1" fromWho="1" sc="300,-26,300,62,440,-26,0,0" /><INIT seed="5,1,0,0,2,37" ten="274,362,414,0" oya="1" hai0="115,91,103,45,104,78,113,73,57,123,86,52,46" hai1="40,62,51,75,134,39,71,69,34,96,36,97,92" hai2="131,2,99,61,94,127,118,70,49,82,117,120,95" hai3=""/><U128/><E34/><V1/><N who="2" m="30752" /><V109/><F109/><T74/><N who="0" m="31520" /><T88/><D103/><U84/><E75/><V100/><F131/><T85/><D78/><U64/><E69/><V65/><F127/><T98/><D98/><U125/><E125/><V60/><F60/><T105/><D57/><U54/><E134/><V56/><F94/><T102/><D102/><U77/><E128/><V58/><F82/><T48/><D48/><U111/><E111/><V50/><F70/><T59/><D59/><U41/><E36/><V130/><F130/><T124/><D124/><U93/><E39/><V63/><F49/><T42/><D42/><U101/><E96/><V76/><F50/><T0/><D0/><U66/><E64/><V114/><F76/><T135/><D135/><U116/><E116/><V112/><F117/><T3/><D3/><U89/><REACH who="1" step="1"/><E77/><REACH who="1" ten="274,352,414,0" step="2"/><V53/><F118/><T55/><AGARI ba="1,1" hai="45,46,52,55,73,74,85,86,88,91,104,105,113,115" m="31520" machi="55" ten="25,9000,2" yaku="0,1,22,2,52,1,54,2" doraHai="37" who="0" fromWho="0" sc="274,102,352,-61,414,-31,0,0" /><INIT seed="6,0,0,4,4,128" ten="376,291,383,0" oya="2" hai0="130,75,78,92,41,37,88,79,68,70,94,0,63" hai1="98,51,90,58,43,89,127,110,126,129,122,133,97" hai2="118,116,85,135,77,95,123,57,49,56,2,38,93" hai3=""/><V76/><N who="2" m="31520" /><V96/><F2/><T59/><D0/><U35/><N who="1" m="31264" /><U60/><E129/><V54/><F38/><T55/><D130/><U3/><E3/><V84/><F135/><T106/><D106/><U111/><E35/><V73/><F73/><T119/><D119/><U99/><E51/><V36/><F36/><T50/><D94/><N who="2" m="35850" /><F118/><T72/><D75/><U82/><E43/><V108/><F116/><T86/><D72/><U45/><E45/><V42/><F42/><T34/><D34/><U74/><E133/><V109/><F96/><T80/><D92/><U102/><E102/><V81/><F108/><N who="1" m="41513" /><E74/><V131/><F109/><T101/><D101/><U52/><E82/><V114/><F131/><T62/><D70/><U113/><E113/><V71/><F71/><T112/><D112/><U87/><E87/><N who="2" m="33355" /><F114/><T103/><D103/><U53/><E53/><V91/><F57/><T47/><D63/><U125/><AGARI ba="0,0" hai="52,58,60,89,90,97,98,99,125,126,127" m="41513,31264" machi="125" ten="40,3900,0" yaku="18,1,52,1,54,1" doraHai="128" who="1" fromWho="1" sc="376,-13,291,39,383,-26,0,0" /><INIT seed="8,0,0,1,0,124" ten="363,330,357,0" oya="0" hai0="43,79,55,102,86,44,83,39,38,77,58,64,100" hai1="74,75,2,134,45,52,56,101,81,135,32,68,114" hai2="37,116,109,113,103,35,59,57,50,106,117,128,122" hai3=""/><T87/><D64/><U93/><E68/><V70/><RYUUKYOKU type="yao9" ba="0,0" sc="363,0,330,0,357,0,0,0" hai2="35,37,50,57,59,70,103,106,109,113,116,117,122,128" /><INIT seed="8,1,0,0,4,72" ten="363,330,357,0" oya="0" hai0="74,34,54,99,37,62,97,3,94,56,58,128,42" hai1="69,44,80,124,118,133,129,95,85,76,77,55,59" hai2="111,83,100,81,48,68,134,79,39,65,88,104,57" hai3=""/><T91/><D3/><U132/><E118/><V96/><F111/><T84/><D34/><U106/><E106/><V36/><F68/><T92/><D128/><U33/><E69/><V75/><F134/><N who="1" m="51817" /><E33/><V40/><F40/><T35/><D35/><U89/><E129/><V98/><F48/><T123/><N who="0" m="31520" /><T49/><D74/><U61/><E124/><V116/><F116/><T47/><REACH who="0" step="1"/><D94/><REACH who="0" ten="353,330,357,0" step="2"/><U50/><E95/><V86/><REACH who="2" step="1"/><F96/><REACH who="2" ten="353,330,347,0" step="2"/><T131/><D131/><U41/><AGARI ba="1,2" hai="41,44,50,55,59,61,76,77,80,85,89" m="51817" machi="41" ten="30,3000,0" yaku="20,1,52,2" doraHai="72" who="1" fromWho="1" sc="353,-21,330,52,347,-11,0,0" /><INIT seed="9,0,0,3,0,107" ten="332,382,336,0" oya="1" hai0="130,109,90,0,63,37,112,125,105,72,81,52,127" hai1="55,36,68,89,133,70,111,56,88,79,67,84,121" hai2="80,123,75,101,99,122,77,104,126,47,86,62,69" hai3=""/><U96/><N who="1" m="31008" /><U78/><E36/><V87/><N who="2" m="31264" /><V113/><N who="2" m="31520" /><V45/><F126/><N who="0" m="48138" /><D0/><U60/><E133/><V76/><F113/><T38/><D112/><U73/><E73/><V59/><F69/><T82/><D109/><U94/><E111/><V64/><F75/><T120/><N who="0" m="30752" /><T83/><D130/><U106/><E68/><V135/><F135/><T66/><D105/><U50/><E106/><V117/><F117/><T102/><D102/><U115/><E115/><V34/><F34/><T51/><D90/><U114/><E114/><V129/><F129/><T3/><D3/><U108/><E108/><V74/><F74/><T57/><D72/><U49/><E49/><V65/><F65/><T71/><AGARI ba="0,0" hai="37,38,51,52,57,63,66,71,81,82,83" m="30752,48138" machi="71" ten="30,3000,0" yaku="18,1,52,1,54,1" doraHai="107" who="0" fromWho="0" sc="332,30,382,-20,336,-10,0,0" /><INIT seed="10,0,0,1,5,70" ten="362,362,326,0" oya="2" hai0="42,131,89,57,107,61,108,120,104,62,85,117,47" hai1="82,122,63,93,125,134,59,58,106,100,0,68,71" hai2="69,1,110,83,78,51,123,129,90,81,124,118,38" hai3=""/><V116/><N who="2" m="31520" /><V80/><F1/><T65/><N who="0" m="30752" /><T66/><D108/><U2/><N who="1" m="31264" /><U91/><E125/><V113/><F113/><T87/><D117/><N who="2" m="45162" /><F69/><T79/><D79/><U88/><E106/><V52/><F124/><T45/><D131/><U54/><E134/><V97/><F129/><T49/><D47/><U73/><E100/><V50/><F110/><T102/><D102/><U75/><E54/><V111/><F111/><T46/><D46/><U3/><E3/><V74/><F38/><T35/><D35/><U43/><E93/><V103/><F90/><T39/><D39/><U76/><E63/><V41/><F41/><T53/><D42/><U121/><N who="1" m="31008" /><U92/><E92/><V115/><F115/><T36/><D36/><U135/><E135/><V105/><F50/><T48/><D49/><U94/><E94/><V133/><F133/><T119/><D119/><U128/><E43/><V132/><F132/><T99/><D104/><U96/><E128/><V127/><F127/><T55/><D107/><U32/><E76/><V114/><F114/><T64/><D62/><U77/><E77/><V84/><F74/><T95/><AGARI ba="0,0" hai="45,48,53,55,57,61,64,65,66,85,87,89,95,99" m="30752" machi="95" ten="30,3000,0" yaku="0,1,8,1,52,1" doraHai="70" who="0" fromWho="0" sc="362,30,362,-10,326,-20,0,0" owari="392,34.0,352,-5.0,306,-29.0,0,0.0" /></mjloggm>