<mjloggm ver="2.3"><GO type="169" lobby="0"/><UN n0="%E4%B8%83%E3%83%84%E6%98%9F%E3%83%9B%E3%82%AF%E3%82%B5%E3%82%A4" n1="%E3%82%AD%E3%83%AA%E3%83%8E%40%E6%84%9B" n2="%E3%83%9E%E3%82%A4%E3%82%B3%E3%83%B3" n3="%E3%81%BF%E3%82%84%E3%81%B3%40%E6%9D%B1%E9%A2%A8" dan="17,16,17,16" rate="2165.79,2049.89,2216.35,2112.01" sx="M,F,M,M"/><TAIKYOKU oya="0"/><INIT seed="0,0,0,3,4,40" ten="250,250,250,250" oya="0" hai0="41,127,103,22,83,52,51,73,59,123,1,15,4" hai1="46,49,20,28,87,98,134,105,99,35,21,74,25" hai2="29,78,10,24,43,96,109,71,126,76,37,131,50" hai3="124,33,85,90,67,44,45,120,111,26,130,69,27"/><T135/><D123/><U116/><E74/><V12/><F71/><W121/><G111/><T95/><D135/><U42/><E134/><V62/><F109/><W17/><G130/><T117/><D117/><U77/><E116/><V14/><F37/><W55/><G124/><T48/><D127/><U38/><E105/><V3/><F3/><W125/><G125/><T132/><D1/><U129/><E129/><V56/><F14/><W81/><G55/><T19/><D132/><U2/><E2/><V128/><F96/><W13/><G33/><T30/><D4/><U88/><E38/><V97/><F97/><W84/><G69/><T23/><D73/><U86/><E87/><V108/><F108/><W92/><G67/><T80/><D95/><U18/><E77/><V8/><F8/><W65/><G65/><T91/><D103/><U101/><E101/><V63/><F63/><W11/><G121/><T104/><D104/><U58/><E58/><V31/><F31/><W75/><G75/><T5/><D5/><U94/><E35/><V32/><F126/><W0/><G0/><T79/><D91/><U100/><E100/><V93/><F93/><W68/><G68/><T112/><D112/><U6/><E6/><V66/><F131/><W53/><G120/><T107/><D107/><U64/><E64/><V106/><F106/><W54/><G54/><T122/><D122/><U36/><E36/><V47/><F128/><W89/><G53/><T113/><D113/><U57/><E57/><V102/><F102/><W110/><G110/><T60/><D59/><U7/><E7/><AGARI ba="0,0" hai="7,10,12,24,29,32,43,47,50,56,62,66,76,78" machi="7" ten="30,3900,0" yaku="6,1,7,1,52,1" doraHai="40" who="2" fromWho="1" sc="250,0,250,-39,250,39,250,0" /><INIT seed="1,0,0,0,1,18" ten="250,211,289,250" oya="1" hai0="118,52,6,19,42,13,125,90,115,23,10,114,109" hai1="1,128,44,100,56,49,84,4,132,33,17,98,88" hai2="110,7,60,97,48,50,75,126,127,116,131,46,85" hai3="82,41,36,9,54,123,62,124,66,95,94,43,65"/><U87/><E33/><V121/><F85/><W92/><G123/><T134/><D118/><U73/><E73/><V91/><F91/><W77/><G124/><T59/><D125/><U31/><E31/><V16/><F97/><W40/><G36/><T51/><D109/><U105/><E84/><V113/><F60/><W117/><G117/><T63/><D134/><U27/><E128/><V80/><F80/><W34/><G34/><T53/><D42/><U64/><E132/><V35/><F46/><W29/><G29/><T21/><D90/><U71/><E71/><V69/><F50/><W58/><REACH who="3" step="1"/><G9/><REACH who="3" ten="250,211,289,240" step="2"/><T122/><D122/><U108/><E108/><V107/><F69/><W2/><G2/><T79/><D79/><U30/><E1/><V111/><F35/><W81/><G81/><T96/><D96/><U70/><E98/><V14/><F121/><W8/><G8/><T39/><D39/><U20/><E105/><V101/><F116/><W67/><G67/><T83/><D83/><N who="1" m="49279" /><E100/><V112/><F101/><W32/><G32/><T28/><D28/><U0/><E0/><V130/><F107/><W78/><G78/><T86/><D86/><AGARI ba="0,1" hai="40,41,43,54,58,62,65,66,77,82,86,92,94,95" machi="86" ten="40,5200,0" yaku="1,1,8,1,53,1" doraHai="18" doraHaiUra="74" who="3" fromWho="0" sc="250,-52,211,0,289,0,240,62" /><INIT seed="2,0,0,4,5,103" ten="198,211,289,302" oya="2" hai0="38,94,135,41,119,59,105,25,77,11,113,12,126" hai1="118,29,65,13,32,33,14,7,9,133,64,35,60" hai2="62,67,8,49,80,125,0,120,16,81,111,43,53" hai3="10,54,90,61,69,91,134,88,24,3,46,55,76"/><V42/><F120/><W124/><G134/><T108/><D77/><U19/><E118/><V66/><F125/><W117/><G117/><T101/><D94/><U36/><E36/><V23/><F8/><W48/><G124/><T17/><D126/><U79/><E79/><V110/><F0/><W52/><G76/><T20/><D119/><U104/><E104/><V116/><F43/><W129/><G129/><T50/><D113/><U5/><E133/><V130/><F42/><W72/><G72/><T122/><D135/><U71/><E64/><V2/><F2/><W82/><G24/><T87/><D122/><U128/><E128/><V40/><F40/><W4/><REACH who="3" step="1"/><G82/><REACH who="3" ten="198,211,289,292" step="2"/><T95/><D25/><U121/><E121/><V70/><F130/><W75/><G75/><T28/><D108/><N who="2" m="41514" /><F67/><AGARI ba="0,1" hai="3,4,10,46,48,52,54,55,61,67,69,88,90,91" machi="67" ten="40,5200,0" yaku="1,1,54,2,53,0" doraHai="103" doraHaiUra="92" who="3" fromWho="2" sc="198,0,211,0,289,-52,292,62" /><INIT seed="3,0,0,2,2,86" ten="198,211,237,354" oya="3" hai0="10,97,12,85,104,41,49,134,44,111,103,106,61" hai1="107,87,72,125,14,27,118,89,113,96,114,5,105" hai2="15,98,73,132,62,50,28,112,100,52,81,29,99" hai3="124,26,38,63,94,93,77,48,22,8,115,74,3"/><W11/><G115/><N who="1" m="44042" /><E27/><V56/><F112/><W7/><G124/><T102/><D111/><U71/><E71/><V6/><F132/><W65/><G38/><T39/><D134/><U30/><E30/><V123/><F123/><W25/><G11/><T24/><D24/><U4/><E14/><V119/><F99/><W122/><G26/><T75/><D75/><U20/><E20/><V91/><F119/><W128/><G128/><T78/><D61/><U31/><E31/><V116/><F116/><W127/><G122/><T67/><D67/><U36/><E36/><V92/><F73/><W16/><G127/><T58/><D39/><U2/><E2/><V66/><F81/><W17/><G17/><T126/><D58/><U130/><E4/><V121/><F100/><W109/><G109/><T13/><D126/><U54/><E5/><V35/><F35/><W83/><REACH who="3" step="1"/><G48/><REACH who="3" ten="198,211,237,344" step="2"/><T37/><D37/><U110/><E110/><V45/><F121/><W1/><G1/><T131/><D131/><U60/><E130/><V76/><F76/><W47/><G47/><T117/><D117/><U57/><E118/><V69/><F69/><AGARI ba="0,1" hai="3,7,8,16,22,25,63,65,69,74,77,83,93,94" machi="69" ten="30,5800,0" yaku="1,1,7,1,54,1,53,0" doraHai="86" doraHaiUra="80" who="3" fromWho="2" sc="198,0,211,0,237,-58,344,68" /><INIT seed="3,1,0,1,3,2" ten="198,211,179,412" oya="3" hai0="11,117,42,84,43,126,134,70,21,33,4,45,103" hai1="54,98,25,78,111,129,128,44,92,105,102,53,56" hai2="79,16,24,35,15,63,71,41,94,130,52,67,8" hai3="77,119,107,32,74,85,110,118,13,112,125,1,0"/><W62/><G85/><T22/><D117/><U82/><E111/><V61/><F130/><N who="1" m="50281" /><E44/><V131/><F131/><W57/><G13/><T18/><D33/><U64/><E25/><V36/><F79/><W12/><G12/><T123/><D70/><U66/><E105/><V65/><F41/><W100/><G32/><T68/><D68/><U90/><E102/><V14/><F36/><W83/><G110/><T124/><D123/><U6/><E6/><V122/><F122/><W87/><G112/><T39/><D103/><U17/><E17/><V46/><F94/><W27/><G27/><T30/><D30/><U135/><E135/><V89/><F89/><W104/><G104/><T115/><D43/><U38/><E38/><V49/><F35/><W7/><G0/><N who="0" m="391" /><D134/><U97/><E97/><V29/><F29/><W113/><G113/><T60/><D115/><U133/><E133/><V114/><F114/><W109/><G109/><T10/><D60/><N who="2" m="23114" /><F71/><W76/><G119/><T99/><D99/><U9/><E9/><N who="2" m="6223" /><F24/><W116/><G116/><T5/><D18/><AGARI ba="1,0" hai="8,15,18,46,49,52,65,67" m="6223,23114" machi="18" ten="30,3900,0" yaku="8,1,54,2" doraHai="2" who="2" fromWho="0" sc="198,-42,211,0,179,42,412,0" /><INIT seed="4,0,0,4,0,73" ten="156,211,221,412" oya="0" hai0="17,117,95,111,1,113,15,92,23,70,80,72,106" hai1="19,101,59,62,129,60,83,74,85,22,81,54,39" hai2="42,0,9,123,13,63,75,52,58,56,3,49,87" hai3="128,99,88,115,14,21,16,107,96,38,90,51,36"/><T26/><D117/><U61/><E39/><V126/><F75/><W50/><G115/><T127/><D113/><U6/><E6/><V109/><F126/><W66/><G128/><T132/><D127/><U98/><E129/><V65/><F109/><W131/><G131/><T118/><D118/><U114/><E74/><V82/><F123/><W43/><G66/><T116/><D116/><U32/><E32/><V64/><F42/><W24/><G36/><T104/><D111/><U7/><E7/><V120/><F65/><W84/><G38/><T2/><D70/><U30/><E30/><V76/><REACH who="2" step="1"/><F120/><REACH who="2" ten="156,211,211,412" step="2"/><W4/><G43/><T35/><D132/><U94/><E114/><V57/><F57/><W5/><G107/><T11/><D106/><U10/><E10/><V121/><F121/><W12/><G4/><AGARI ba="0,1" hai="0,3,4,9,13,49,52,56,58,63,64,76,82,87" machi="4" ten="30,8000,1" yaku="1,1,7,1,52,1,54,1,53,1" doraHai="73" doraHaiUra="77" who="2" fromWho="3" sc="156,0,211,0,211,90,412,-80" /><INIT seed="5,0,0,1,2,115" ten="156,211,301,332" oya="1" hai0="27,122,8,26,82,39,47,4,105,92,95,59,41" hai1="84,73,18,135,87,36,77,6,3,106,48,11,67" hai2="0,101,60,38,69,2,46,121,102,109,130,62,88" hai3="14,112,108,86,42,127,80,128,98,5,40,110,124"/><U94/><E106/><V28/><F28/><W103/><G112/><T107/><D122/><U21/><E36/><V71/><F38/><W125/><G128/><T20/><D107/><U93/><E67/><V91/><F46/><W97/><G5/><T61/><D105/><U1/><E1/><V54/><F54/><W123/><G14/><T57/><D82/><U134/><E73/><V126/><F126/><W129/><G129/><T24/><D20/><U81/><E48/><V70/><F130/><W17/><G17/><T30/><D30/><U45/><E45/><V113/><F113/><W74/><G74/><T119/><D119/><U120/><E120/><V131/><F131/><W64/><G64/><T65/><REACH who="0" step="1"/><D59/><REACH who="0" ten="146,211,301,332" step="2"/><U68/><E68/><V133/><F71/><W22/><G123/><T50/><D50/><U104/><E104/><V7/><F121/><W12/><G22/><T52/><D52/><U23/><E23/><V31/><F31/><W114/><G114/><T75/><D75/><U111/><E111/><V78/><F109/><W35/><G110/><T32/><D32/><U63/><E94/><V33/><F33/><W72/><G35/><T16/><D16/><U83/><E93/><V76/><F7/><W34/><G34/><T25/><N who="0" m="6144" /><DORA hai="15" /><T9/><D9/><U44/><E18/><V37/><F37/><W51/><G108/><T96/><D96/><U29/><E21/><V13/><F13/><AGARI ba="0,1" hai="4,8,13,39,41,47,57,61,65,92,95" m="6144" machi="13" ten="50,3200,0" yaku="1,1,53,1" doraHai="115,15" doraHaiUra="132,10" who="0" fromWho="2" sc="146,42,211,0,301,-32,332,0" /><INIT seed="6,0,0,2,5,27" ten="188,211,269,332" oya="2" hai0="133,61,57,115,7,71,25,59,119,35,101,80,62" hai1="53,75,87,109,31,77,28,17,91,112,20,96,67" hai2="4,24,48,14,106,47,85,32,23,128,84,130,3" hai3="79,90,30,88,89,134,100,6,116,132,73,58,113"/><V98/><F106/><W63/><G116/><T120/><D120/><U66/><E75/><V1/><F98/><W102/><G6/><T107/><D115/><U129/><E109/><V9/><F85/><W93/><G113/><T42/><D133/><N who="3" m="51305" /><G93/><T52/><D119/><U74/><E74/><V15/><F84/><W19/><G19/><T69/><D42/><U95/><E129/><V86/><F86/><W29/><G79/><T121/><D121/><U64/><E112/><V122/><F122/><W8/><G8/><T36/><D36/><U114/><E114/><V104/><F104/><W125/><G125/><T54/><D80/><N who="1" m="47503" /><E53/><V34/><F48/><W40/><G40/><T103/><D7/><U33/><E33/><N who="2" m="12907" /><F3/><W111/><G111/><T26/><D35/><U135/><E135/><V60/><F60/><W76/><G76/><T78/><D78/><U83/><E83/><V123/><F47/><W10/><G10/><T11/><D11/><U2/><E2/><V56/><F56/><W117/><G73/><T49/><D107/><U55/><E55/><V110/><F123/><W45/><G45/><T51/><AGARI ba="0,0" hai="25,26,49,51,52,54,57,59,61,62,69,71,101,103" machi="51" ten="25,6400,0" yaku="0,1,22,2,54,1" doraHai="27" who="0" fromWho="0" sc="188,64,211,-16,269,-32,332,-16" /><INIT seed="7,0,0,5,3,68" ten="252,195,237,316" oya="3" hai0="7,98,27,95,41,91,43,125,54,107,46,0,50" hai1="119,120,89,20,42,67,13,112,69,33,6,75,114" hai2="135,118,8,9,99,58,105,83,81,97,133,80,19" hai3="131,66,123,93,14,17,108,31,115,85,22,94,52"/><W101/><G115/><N who="1" m="44074" /><E75/><V29/><F58/><W106/><G123/><T109/><D109/><U55/><E33/><V103/><F118/><W129/><G108/><T47/><D125/><U111/><E111/><V86/><F29/><W102/><G66/><T84/><D0/><U32/><E32/><V60/><F60/><W36/><G36/><T56/><D7/><U113/><N who="1" m="44082" /><U79/><DORA hai="24" /><E120/><V88/><F19/><W34/><G52/><T12/><D12/><U35/><E35/><V5/><F9/><W59/><G59/><T76/><D27/><U30/><E79/><V61/><F61/><W37/><G34/><T1/><D1/><U15/><E119/><V65/><F65/><W122/><G122/><T11/><D11/><U100/><E100/><N who="2" m="62607" /><F8/><W130/><G102/><T57/><D76/><U110/><E69/><V53/><F53/><W74/><G101/><T26/><D54/><U3/><E67/><V21/><F21/><W96/><G22/><T121/><D121/><U40/><E55/><V78/><F5/><W18/><G14/><N who="1" m="5130" /><E110/><V134/><F78/><W62/><G131/><T82/><D56/><U126/><E126/><V4/><F4/><W72/><G130/><T28/><D57/><U10/><E89/><V87/><F87/><W25/><G85/><T104/><D84/><U23/><E23/><V44/><F44/><W51/><G129/><T117/><D117/><U38/><E38/><V70/><F70/><W116/><G37/><T132/><D46/><U16/><E30/><V90/><F86/><W71/><G116/><T124/><D28/><RYUUKYOKU ba="0,0" sc="252,-15,195,15,237,15,316,-15" hai1="3,6,10,16,20,40,42" hai2="80,81,83,88,90,99,103,133,134,135" owari="237,-16.0,210,-29.0,252,5.0,301,40.0" /></mjloggm>