<mjloggm ver="2.3"><GO type="169" lobby="0"/><UN n0="%E3%82%82%E3%81%93%E3%81%BF" n1="%E6%96%87%E5%9B%9B%E9%83%8E" n2="%E3%83%97%E3%83%AC%E3%82%B9%E3%83%97" n3="%E8%87%B3%E5%AE%9D%E3%81%99%E3%81%8E" dan="16,17,17,17" rate="2088.03,2151.07,2194.37,2199.91" sx="M,M,M,M"/><TAIKYOKU oya="0"/><INIT seed="0,0,0,5,0,43" ten="250,250,250,250" oya="0" hai0="39,84,92,99,133,3,4,60,40,57,95,12,100" hai1="87,36,70,117,38,23,129,101,58,135,110,33,134" hai2="120,114,29,68,56,2,75,98,9,55,76,10,41" hai3="18,128,53,126,7,48,32,73,59,116,17,52,86"/><T88/><D133/><N who="1" m="50699" /><E117/><V96/><F120/><W103/><G126/><T27/><D3/><U72/><E33/><V49/><F114/><W90/><G128/><T109/><D109/><U44/><E72/><V89/><F68/><W51/><G73/><T119/><D119/><U107/><E70/><V94/><F29/><W64/><G64/><T25/><D39/><N who="1" m="14891" /><E110/><V93/><F41/><W105/><G32/><T1/><D1/><U83/><E129/><V80/><REACH who="2" step="1"/><F2/><REACH who="2" ten="250,250,240,250" step="2"/><W74/><G116/><T123/><D40/><U108/><E108/><V8/><F8/><W82/><G74/><T0/><D0/><U54/><E23/><V79/><F79/><W21/><G21/><T19/><D123/><U65/><E107/><V112/><F112/><W35/><G35/><T34/><D34/><U47/><E101/><AGARI ba="0,1" hai="9,10,49,55,56,75,76,80,89,93,94,96,98,101" machi="101" ten="30,3900,0" yaku="1,1,7,1,53,1" doraHai="43" doraHaiUra="46" who="2" fromWho="1" sc="250,0,250,-39,240,49,250,0" /><INIT seed="1,0,0,4,5,104" ten="250,211,289,250" oya="1" hai0="39,49,45,33,22,32,74,119,129,134,30,16,100" hai1="135,17,125,112,0,109,115,92,35,1,124,95,40" hai2="62,15,64,66,97,98,3,41,7,122,106,81,93" hai3="38,71,76,108,96,117,24,75,27,67,52,8,4"/><U79/><E35/><V128/><F122/><W101/><G108/><T130/><D119/><U42/><E135/><V53/><F128/><N who="0" m="49258" /><D134/><U21/><E79/><V61/><F3/><W120/><G38/><T70/><D70/><U13/><E109/><V55/><F41/><W44/><G120/><T80/><D39/><U9/><E21/><V2/><F2/><W94/><G67/><T77/><D30/><U82/><E82/><V118/><F106/><W73/><G71/><T59/><D59/><U47/><E47/><V54/><F81/><W110/><G110/><T78/><D78/><U131/><E131/><V89/><F118/><W48/><G117/><T34/><D100/><U20/><E20/><V85/><F7/><W31/><G76/><T99/><D99/><N who="2" m="37898" /><F15/><W6/><G27/><N who="0" m="14791" /><D34/><U103/><E103/><V46/><F46/><W14/><G4/><T132/><D132/><U37/><E37/><V5/><F5/><W51/><G51/><T10/><D10/><U43/><E1/><V50/><F50/><W126/><G126/><N who="1" m="48746" /><E0/><V123/><F123/><W113/><G113/><AGARI ba="0,0" hai="9,13,17,40,42,43,92,95,112,113,115" m="48746" machi="113" ten="40,2000,0" yaku="18,1" doraHai="104" who="1" fromWho="3" sc="250,0,211,20,289,0,250,-20" /><INIT seed="1,1,0,3,1,43" ten="250,231,289,230" oya="1" hai0="26,52,14,66,9,20,44,36,93,24,1,88,7" hai1="115,51,71,86,120,89,5,59,107,18,4,10,39" hai2="68,28,38,60,30,126,48,45,61,94,129,132,72" hai3="96,15,58,90,95,40,34,73,27,105,49,16,12"/><U2/><E115/><V106/><F106/><W53/><G73/><T56/><D66/><U119/><E120/><V123/><F72/><W114/><G114/><T74/><D74/><U25/><E119/><V57/><F123/><W111/><G111/><T121/><D121/><U100/><E71/><V47/><F132/><W78/><G78/><T85/><D36/><U97/><E39/><V65/><F129/><W113/><G113/><T134/><D134/><U62/><E5/><V125/><F94/><W35/><G105/><T103/><D103/><U63/><E51/><V84/><F84/><W23/><REACH who="3" step="1"/><G40/><REACH who="3" ten="250,231,289,220" step="2"/><T131/><D131/><U64/><E63/><V124/><F61/><W11/><G11/><T70/><D70/><U69/><E69/><V55/><F45/><W92/><G92/><T118/><D44/><U50/><E50/><V87/><F87/><W37/><G37/><T130/><D130/><U99/><E107/><V98/><F98/><W32/><AGARI ba="1,1" hai="12,15,16,23,27,32,34,35,49,53,58,90,95,96" machi="32" ten="30,4000,0" yaku="1,1,0,1,54,1,53,0" doraHai="43" doraHaiUra="82" who="3" fromWho="3" sc="250,-11,231,-21,289,-11,220,53" /><INIT seed="2,0,0,3,0,4" ten="239,210,278,273" oya="2" hai0="45,19,39,132,41,79,3,115,53,131,44,55,89" hai1="17,31,123,24,99,33,108,105,81,67,113,106,111" hai2="70,35,91,134,120,75,124,36,77,121,95,13,76" hai3="90,128,83,112,84,56,1,10,110,2,107,74,28"/><V126/><F70/><W15/><G110/><N who="1" m="42026" /><E113/><V51/><F36/><W114/><G128/><T69/><D115/><N who="3" m="44073" /><G107/><T9/><D132/><U87/><E67/><V58/><F35/><W118/><G118/><T98/><D131/><U101/><E123/><N who="2" m="47179" /><F13/><W135/><G135/><T60/><D79/><N who="2" m="30282" /><F51/><W27/><G74/><T0/><D0/><U85/><E106/><V116/><F58/><W52/><G27/><T23/><D44/><U96/><E99/><N who="2" m="57855" /><F134/><W125/><G125/><N who="2" m="48233" /><F116/><W119/><G28/><T30/><D30/><U46/><E46/><V6/><F6/><N who="3" m="3543" /><G119/><T82/><D69/><U11/><E81/><V86/><F86/><W43/><G43/><T50/><D60/><AGARI ba="0,0" hai="1,2,52,56,60,83,84,90" m="3543,44073" machi="60" ten="30,3900,0" yaku="11,1,52,1,54,1" doraHai="4" who="3" fromWho="0" sc="239,-39,210,0,278,0,273,39" /><INIT seed="3,0,0,1,5,94" ten="200,210,278,312" oya="3" hai0="6,46,64,20,128,75,48,54,79,67,13,56,3" hai1="87,100,52,104,80,129,69,97,12,114,71,51,68" hai2="16,9,38,57,60,91,119,11,63,102,123,132,118" hai3="98,58,135,76,49,7,96,61,65,22,30,10,115"/><W78/><G135/><T35/><D128/><U62/><E114/><V99/><F123/><W18/><G30/><T131/><D131/><U31/><E31/><V32/><F132/><W5/><G115/><T55/><D35/><U50/><E129/><V44/><F32/><W127/><G127/><T40/><D3/><U4/><E62/><V113/><F113/><W106/><G106/><T25/><D75/><U116/><E116/><V108/><F108/><W37/><G37/><T28/><D79/><N who="3" m="30249" /><G49/><N who="0" m="30831" /><D40/><U107/><E104/><V34/><F34/><W133/><G133/><T45/><D45/><U83/><E51/><V19/><F91/><W95/><G95/><T117/><D117/><U103/><E100/><V101/><F44/><W66/><G65/><T36/><D36/><U17/><E4/><N who="3" m="1610" /><G10/><AGARI ba="0,0" hai="6,10,13,20,25,28,46,48,54,64,67" m="30831" machi="10" ten="30,1000,0" yaku="8,1" doraHai="94" who="0" fromWho="3" sc="200,10,210,0,278,0,312,-10" /><INIT seed="4,0,0,2,2,28" ten="210,210,278,302" oya="0" hai0="102,2,68,122,19,73,72,60,84,134,103,63,57" hai1="42,44,32,61,55,108,125,67,31,46,127,117,50" hai2="16,14,34,71,59,116,15,120,11,33,107,0,23" hai3="90,58,52,113,36,91,78,85,115,106,109,112,105"/><T13/><D134/><U123/><E108/><V70/><F107/><N who="3" m="40971" /><G36/><T100/><D2/><U121/><E117/><V30/><F120/><N who="1" m="46153" /><E31/><V111/><F111/><W49/><G109/><T128/><D128/><U77/><E77/><V114/><F116/><W65/><G65/><T92/><D122/><U51/><E32/><N who="2" m="12395" /><F59/><AGARI ba="0,0" hai="42,44,46,50,51,55,59,61,67,125,127" m="46153" machi="59" ten="30,2000,0" yaku="34,2" doraHai="28" who="1" fromWho="2" sc="210,0,210,20,278,-20,302,0" /><INIT seed="5,0,0,1,1,45" ten="210,230,258,302" oya="1" hai0="63,134,36,62,100,47,129,10,32,117,40,109,30" hai1="86,41,37,89,39,8,65,64,5,24,42,83,80" hai2="26,88,91,57,126,54,25,53,104,44,77,84,52" hai3="0,70,13,108,49,87,73,4,11,18,110,98,66"/><U9/><E24/><N who="2" m="9323" /><F104/><W120/><G120/><T38/><D109/><U128/><E128/><V133/><F133/><W132/><G132/><T82/><D134/><U122/><E122/><V79/><F126/><W20/><G73/><T48/><D117/><U103/><E103/><V51/><F91/><W101/><G87/><T1/><D129/><U114/><E114/><V27/><N who="2" m="9331" /><V90/><DORA hai="75" /><F90/><W34/><G34/><T69/><D30/><U59/><E59/><V105/><F105/><W106/><G49/><T135/><D100/><U99/><E99/><V58/><F58/><W6/><REACH who="3" step="1"/><G4/><REACH who="3" ten="210,230,258,292" step="2"/><T14/><D32/><U131/><E131/><V124/><F124/><W72/><G72/><T115/><D135/><U56/><E5/><V17/><F17/><W92/><G92/><T35/><D35/><U130/><E130/><V123/><F123/><W111/><G111/><T43/><D38/><U33/><E33/><V71/><F71/><W29/><G29/><T113/><D69/><U76/><E39/><V94/><F57/><W96/><G96/><T107/><D107/><U15/><E37/><V116/><F116/><W7/><G7/><T31/><D31/><U46/><E56/><V23/><F23/><W22/><G22/><T112/><D82/><U118/><E118/><V125/><F125/><W97/><G97/><T67/><D67/><U3/><E65/><V55/><AGARI ba="0,1" hai="44,51,52,53,54,55,77,79,84,88,94" m="9331" machi="55" ten="40,12000,2" yaku="8,1,52,3,54,2" doraHai="45,75" who="2" fromWho="2" sc="210,-30,230,-60,258,130,292,-30" /><INIT seed="6,0,0,5,0,135" ten="180,170,388,262" oya="2" hai0="51,65,113,66,17,128,42,52,97,50,25,108,13" hai1="118,39,46,102,38,60,92,28,34,83,129,73,15" hai2="31,23,48,18,68,54,7,27,91,9,75,86,0" hai3="121,59,44,43,81,36,103,115,95,111,90,14,87"/><V109/><F109/><W104/><G111/><T32/><D113/><U12/><E118/><V37/><F75/><W55/><G115/><T3/><D3/><U47/><E129/><V88/><F37/><W122/><G104/><T84/><D128/><U21/><E34/><V74/><F74/><W26/><G26/><T116/><D108/><U29/><E60/><V132/><F68/><W123/><G14/><T124/><D116/><U33/><E33/><V24/><F86/><W85/><G103/><T79/><D97/><U63/><E63/><V2/><F0/><W112/><G112/><T93/><D32/><U22/><E102/><V106/><F106/><W80/><REACH who="3" step="1"/><G85/><REACH who="3" ten="180,170,388,252" step="2"/><T40/><D25/><U94/><E73/><V99/><F27/><W77/><G77/><T70/><D79/><U19/><E83/><V41/><F24/><W20/><G20/><T131/><D131/><U30/><E30/><V78/><F23/><W96/><G96/><T114/><D84/><U100/><E100/><V107/><F107/><W119/><G119/><T6/><D13/><U5/><E19/><V49/><F18/><W110/><G110/><T125/><D17/><U133/><E5/><V134/><F7/><W117/><G117/><T120/><D6/><U72/><E72/><V61/><F78/><W67/><G67/><T45/><D93/><U98/><E98/><V35/><F35/><W10/><G10/><T71/><D114/><U89/><E89/><V58/><F88/><W76/><G76/><T64/><D64/><U127/><E133/><V8/><F132/><W16/><G16/><RYUUKYOKU ba="0,1" sc="180,-15,170,15,388,-15,252,15" hai1="12,15,21,22,28,29,38,39,46,47,92,94,127" hai3="36,43,44,55,59,80,81,87,90,95,121,122,123" /><INIT seed="7,1,1,4,1,68" ten="165,185,373,267" oya="3" hai0="54,69,83,89,46,13,3,118,79,74,78,29,32" hai1="35,26,59,72,44,61,109,76,56,128,101,105,80" hai2="81,55,52,122,97,132,103,116,66,82,130,111,135" hai3="134,16,63,102,15,98,94,91,33,125,124,127,37"/><W20/><G134/><N who="2" m="51241" /><F116/><W45/><G33/><T112/><D118/><U62/><E109/><V58/><F111/><W19/><G63/><T4/><D69/><U31/><E128/><V123/><F130/><W126/><N who="3" m="31744" /><DORA hai="120" /><W11/><G45/><T18/><D112/><U2/><E2/><V51/><F66/><W114/><G114/><T47/><D79/><U48/><E62/><V90/><F55/><W113/><G113/><T24/><D89/><U107/><E101/><V28/><F28/><W84/><G37/><T25/><D25/><U119/><E119/><V115/><F115/><W71/><G71/><T7/><D7/><U38/><E38/><V39/><F39/><W22/><REACH who="3" step="1"/><G19/><REACH who="3" ten="165,185,373,257" step="2"/><T1/><D54/><U133/><E133/><V93/><F122/><W106/><AGARI ba="1,2" hai="11,15,16,20,22,84,91,94,98,102,106" m="31744" machi="106" ten="60,18000,2" yaku="1,1,2,1,0,1,18,1,54,1,53,1" doraHai="68,120" doraHaiUra="75,14" who="3" fromWho="3" sc="165,-61,185,-61,373,-61,257,203" owari="104,-40.0,124,-28.0,312,11.0,460,57.0" /></mjloggm>