<mjloggm ver="2.3"><GO type="169" lobby="0"/><UN n0="%66%69%63%74%69%6F%6E" n1="%E3%83%81%E3%83%A7%E3%82%B3%E3%83%AD%E3%83%9C%E5%90%9B" n2="%E7%8C%BF%2D%53%61%72%75%2D" n3="%6A%61%63%6F%62%69%33%35" dan="16,17,17,17" rate="2032.18,2170.14,2247.68,2194.74" sx="M,M,M,M"/><TAIKYOKU oya="0"/><INIT seed="0,0,0,5,2,103" ten="250,250,250,250" oya="0" hai0="125,90,115,71,104,33,117,83,40,96,88,51,2" hai1="108,74,55,77,32,41,134,65,46,85,52,119,135" hai2="131,76,98,92,20,56,81,19,1,30,79,78,59" hai3="93,130,126,94,18,121,36,16,61,15,106,84,114"/><T99/><D115/><U11/><E32/><V58/><F131/><W23/><G114/><T45/><D117/><U95/><E119/><V123/><F123/><W44/><G130/><T57/><D71/><U29/><E29/><V39/><F39/><W67/><G126/><T22/><D33/><U129/><E129/><V31/><F1/><W133/><G133/><N who="1" m="50698" /><E108/><V43/><F43/><W9/><G121/><T66/><D2/><U102/><E74/><V48/><F81/><W8/><G106/><T73/><D125/><U54/><E65/><V34/><F48/><W13/><G23/><T7/><D7/><U97/><E11/><V110/><F110/><W107/><G107/><T26/><D73/><U5/><E5/><V127/><F34/><W113/><G113/><T42/><D42/><U105/><E77/><V3/><F3/><W38/><G44/><T118/><D118/><U14/><E14/><N who="2" m="9335" /><F127/><W63/><G67/><T91/><D83/><U116/><E116/><V25/><F25/><W28/><REACH who="3" step="1"/><G84/><REACH who="3" ten="250,250,250,240" step="2"/><T112/><D112/><U86/><E105/><V64/><F64/><W101/><G101/><AGARI ba="0,1" hai="30,31,56,58,59,76,78,79,92,98,101" m="9335" machi="101" ten="30,1000,0" yaku="8,1" doraHai="103" who="2" fromWho="3" sc="250,0,250,0,250,20,240,-10" /><INIT seed="1,0,0,1,0,51" ten="250,250,270,230" oya="1" hai0="68,134,4,106,62,13,2,21,92,84,70,132,23" hai1="114,50,60,34,100,6,25,113,126,128,135,65,1" hai2="63,96,94,88,69,80,99,58,110,44,31,85,24" hai3="7,83,76,98,45,19,14,12,36,49,78,111,116"/><U10/><E126/><V46/><F110/><W42/><G111/><T3/><D106/><U41/><E128/><V125/><F125/><W81/><G116/><T121/><D121/><U90/><E135/><V47/><F69/><W127/><G127/><T109/><D109/><U61/><E61/><V53/><REACH who="2" step="1"/><F80/><REACH who="2" ten="250,250,260,230" step="2"/><W104/><G83/><T133/><D68/><U59/><E113/><V74/><F74/><W87/><G81/><T27/><D70/><U29/><E114/><V97/><F97/><W72/><G98/><T77/><D133/><U82/><E100/><V129/><F129/><W33/><G72/><T103/><D103/><U79/><E90/><V43/><F43/><W93/><G87/><T91/><D134/><U86/><E41/><V9/><F9/><W48/><G42/><T118/><D132/><U102/><E102/><V130/><F130/><W120/><G120/><T15/><D84/><U131/><E131/><V39/><F39/><W107/><G36/><T123/><D123/><U0/><REACH who="1" step="1"/><E50/><REACH who="1" ten="250,240,260,230" step="2"/><V32/><AGARI ba="0,2" hai="24,31,32,44,46,47,53,58,63,85,88,94,96,99" machi="32" ten="30,7900,0" yaku="1,1,0,1,52,1,54,1,53,0" doraHai="51" doraHaiUra="75" who="2" fromWho="2" sc="250,-20,240,-39,260,99,230,-20" /><INIT seed="2,0,0,5,2,54" ten="230,201,359,210" oya="2" hai0="129,7,5,18,120,135,97,115,86,25,50,11,61" hai1="121,60,49,51,89,40,32,0,102,42,111,1,74" hai2="3,93,103,83,108,16,79,30,109,76,24,133,106" hai3="6,28,77,64,48,96,70,2,27,91,98,20,34"/><V81/><F3/><W46/><G77/><T37/><D37/><U90/><E32/><V118/><F118/><W123/><G123/><T117/><D115/><U29/><E121/><V134/><F106/><W52/><G20/><T130/><D120/><U110/><E60/><V36/><F36/><W124/><G124/><T82/><D135/><N who="2" m="51722" /><F30/><W62/><REACH who="3" step="1"/><G91/><REACH who="3" ten="230,201,359,200" step="2"/><T43/><D117/><U131/><E89/><V31/><F79/><W8/><AGARI ba="0,1" hai="2,6,8,27,28,34,46,48,52,62,64,70,96,98" machi="8" ten="30,8000,1" yaku="1,1,2,1,0,1,54,1,53,1" doraHai="54" doraHaiUra="57" who="3" fromWho="3" sc="230,-20,201,-20,359,-40,200,90" /><INIT seed="3,0,0,2,3,124" ten="210,181,319,290" oya="3" hai0="118,133,13,53,10,30,61,101,57,4,78,14,5" hai1="11,6,62,41,72,34,79,37,22,97,12,71,126" hai2="66,20,64,82,31,90,122,46,85,104,19,111,63" hai3="43,54,73,116,108,17,112,51,18,24,70,105,77"/><W123/><G112/><T115/><D133/><U87/><E34/><V40/><F111/><W88/><G116/><T15/><D118/><U117/><E126/><V48/><F104/><W23/><G123/><T121/><D121/><U8/><E72/><V9/><F122/><W134/><G134/><T84/><D115/><U91/><E37/><V103/><F103/><W93/><G105/><T42/><D101/><U107/><E41/><V80/><F31/><W55/><G70/><T47/><D30/><U131/><E79/><V94/><F9/><W120/><G120/><T96/><D96/><U28/><E97/><V106/><F106/><W102/><G102/><T38/><REACH who="0" step="1"/><D10/><REACH who="0" ten="200,181,319,290" step="2"/><U44/><E11/><V27/><REACH who="2" step="1"/><F66/><REACH who="2" ten="200,181,309,290" step="2"/><W125/><G125/><T128/><D128/><U89/><E131/><V129/><F129/><W39/><G108/><T52/><D52/><U86/><E117/><V29/><F29/><W0/><G55/><T25/><D25/><U127/><E28/><V75/><F75/><W56/><G73/><T92/><D92/><U58/><E107/><V7/><F7/><W65/><G65/><T36/><D36/><U69/><E127/><V35/><F35/><W98/><G39/><T3/><D3/><U95/><E8/><V49/><F49/><W109/><G0/><T2/><D2/><U76/><E6/><V26/><F26/><W59/><G109/><T45/><D45/><U114/><E44/><V135/><F135/><W130/><G130/><T132/><D132/><U68/><E114/><V50/><F50/><W119/><G119/><T33/><D33/><RYUUKYOKU ba="0,2" sc="200,15,181,-15,309,15,290,-15" hai0="4,5,13,14,15,38,42,47,53,57,61,78,84" hai2="19,20,27,40,46,48,63,64,80,82,85,90,94" /><INIT seed="4,1,2,0,0,61" ten="215,166,324,275" oya="0" hai0="45,98,48,120,62,101,60,54,71,26,65,82,66" hai1="69,123,81,121,92,47,50,68,16,6,91,58,130" hai2="8,32,114,85,74,39,52,43,106,132,19,27,127" hai3="134,102,44,122,128,79,115,34,124,24,17,119,135"/><T33/><D120/><U89/><E6/><V22/><F74/><W116/><G102/><T36/><D82/><U113/><E130/><V95/><F106/><W86/><G79/><T133/><D133/><U31/><E31/><V35/><F132/><N who="3" m="50731" /><G86/><T94/><D36/><U63/><E113/><V87/><F114/><W9/><G115/><T37/><D37/><U99/><E69/><V108/><F108/><W21/><G44/><T57/><REACH who="0" step="1"/><D26/><REACH who="0" ten="205,166,324,275" step="2"/><U125/><E81/><V53/><F27/><W76/><G122/><T126/><D126/><U0/><E125/><V11/><F39/><W49/><G124/><T59/><D59/><U77/><E58/><V129/><F127/><W3/><G119/><T14/><D14/><U15/><E15/><V83/><F83/><W29/><G116/><T28/><D28/><U109/><E121/><V88/><F129/><W97/><G128/><T30/><D30/><U7/><E123/><V70/><F70/><W93/><G29/><T111/><D111/><U5/><E68/><V84/><F35/><AGARI ba="1,3" hai="33,35,45,48,54,57,60,62,65,66,71,94,98,101" machi="35" ten="40,7700,0" yaku="1,1,52,2,53,0" doraHai="61" doraHaiUra="110" who="0" fromWho="2" sc="205,110,166,0,324,-80,275,0" /><INIT seed="4,2,0,3,3,57" ten="315,166,244,275" oya="0" hai0="24,39,53,30,110,107,17,42,115,100,81,3,118" hai1="68,130,67,75,32,105,45,43,121,5,7,117,27" hai2="23,41,14,58,129,92,65,40,2,95,93,96,35" hai3="86,83,111,123,89,44,82,38,64,51,132,79,124"/><T34/><D118/><U16/><E75/><V101/><F129/><W15/><G111/><T125/><D125/><U63/><E121/><V74/><F74/><W6/><G124/><T84/><D110/><U116/><E130/><V108/><F2/><W102/><G132/><T19/><D115/><U1/><E105/><V21/><F35/><W90/><G38/><T91/><D3/><U22/><E32/><V4/><F108/><W106/><G106/><T20/><D42/><U28/><E28/><V59/><F59/><W103/><G64/><T9/><D39/><U8/><REACH who="1" step="1"/><E7/><REACH who="1" ten="315,156,244,275" step="2"/><V127/><F127/><W134/><G123/><T104/><D104/><U76/><E76/><V66/><F4/><W55/><G134/><T113/><D34/><U37/><AGARI ba="2,1" hai="1,5,8,16,22,27,37,43,45,63,67,68,116,117" machi="37" ten="20,12000,2" yaku="1,1,0,1,7,1,52,1,54,1,53,1" doraHai="57" doraHaiUra="18" who="1" fromWho="1" sc="315,-62,156,136,244,-32,275,-32" /><INIT seed="5,0,0,1,0,88" ten="253,292,212,243" oya="1" hai0="26,59,14,65,75,16,131,12,85,114,7,18,103" hai1="135,115,111,79,109,119,92,33,89,19,22,42,45" hai2="97,66,120,35,86,125,37,25,133,84,51,31,60" hai3="34,63,130,81,126,23,121,47,128,129,43,76,61"/><U69/><E69/><V46/><F120/><W44/><G121/><T10/><D75/><U95/><E119/><V117/><F117/><W64/><G34/><T80/><D131/><U105/><E105/><V52/><F133/><W39/><G126/><T68/><D114/><U123/><E33/><V58/><F125/><W127/><G127/><T15/><D68/><U74/><E123/><V49/><F37/><W91/><G44/><T62/><D103/><U2/><E2/><V57/><REACH who="2" step="1"/><F97/><REACH who="2" ten="253,292,202,243" step="2"/><W9/><G128/><T27/><D27/><U8/><E135/><V20/><F20/><W32/><G32/><T99/><D99/><U55/><E22/><V124/><F124/><W107/><G23/><T4/><D26/><U132/><E132/><V54/><AGARI ba="0,1" hai="25,31,35,46,49,51,52,54,57,58,60,66,84,86" machi="54" ten="20,5200,0" yaku="1,1,0,1,7,1,54,1,53,0" doraHai="88" doraHaiUra="6" who="2" fromWho="2" sc="253,-13,292,-26,202,62,243,-13" /><INIT seed="6,0,0,4,4,117" ten="240,266,264,230" oya="2" hai0="8,107,109,97,89,10,50,9,75,37,65,95,132" hai1="88,64,106,71,32,112,79,111,51,69,83,116,33" hai2="2,6,53,85,22,54,48,126,122,134,14,26,133" hai3="94,42,93,82,80,70,47,114,119,67,120,62,123"/><V3/><F126/><W55/><G119/><T131/><D109/><U1/><E106/><V36/><F36/><W17/><G114/><T40/><D131/><U113/><E1/><V66/><F66/><W96/><G55/><T23/><D132/><N who="2" m="50794" /><F54/><W15/><G82/><T101/><D37/><U56/><E111/><V28/><F122/><W38/><G80/><T100/><D75/><U43/><E116/><V58/><F85/><W63/><G63/><T87/><D65/><U30/><E79/><V52/><F53/><W124/><G94/><T5/><D101/><U24/><E33/><V18/><F6/><W34/><G34/><AGARI ba="0,0" hai="2,3,14,18,22,26,28,34,48,52,58" m="50794" machi="34" ten="30,2900,0" yaku="20,1,54,1" doraHai="117" who="2" fromWho="3" sc="240,0,266,0,264,29,230,-29" /><INIT seed="6,1,0,5,5,107" ten="240,266,293,201" oya="2" hai0="134,63,2,10,114,40,51,26,14,111,25,80,18" hai1="45,123,34,28,57,106,83,58,29,98,75,20,124" hai2="118,68,53,21,91,23,59,129,85,108,50,121,84" hai3="49,65,115,6,74,100,92,0,103,8,131,95,120"/><V102/><F118/><W76/><G120/><T33/><D111/><U5/><E34/><V132/><F121/><W125/><G125/><T116/><D63/><U70/><E70/><V104/><F68/><W128/><G65/><T22/><D116/><U39/><E20/><V82/><F132/><W77/><G49/><T99/><D134/><U90/><E5/><V87/><F129/><N who="3" m="49739" /><G8/><T97/><D114/><U35/><E35/><V93/><F104/><W122/><G0/><T113/><D113/><U71/><E71/><V43/><F108/><W61/><G61/><T16/><D2/><U30/><E124/><V31/><F43/><W105/><G6/><T52/><D40/><U54/><E106/><V60/><F50/><W112/><G122/><T130/><D130/><U48/><E48/><V4/><F4/><W86/><G77/><T46/><REACH who="0" step="1"/><D80/><REACH who="0" ten="230,266,293,201" step="2"/><U27/><E83/><V55/><F55/><W101/><G105/><T44/><D44/><U127/><E45/><V42/><F42/><W69/><G69/><T36/><D36/><U62/><E39/><V133/><F133/><W12/><G95/><T78/><D78/><U67/><E54/><V72/><F53/><W135/><G135/><T38/><D38/><U24/><E123/><V126/><F126/><W3/><G3/><T119/><D119/><U11/><E127/><V110/><F60/><W37/><G37/><T56/><D56/><U47/><E58/><V88/><F59/><W96/><G115/><T64/><D64/><U32/><E67/><V89/><F110/><W7/><G92/><T109/><D109/><RYUUKYOKU ba="1,1" sc="230,30,266,-10,293,-10,201,-10" hai0="10,14,16,18,22,25,26,33,46,51,52,97,99" /><INIT seed="7,2,1,4,0,39" ten="260,256,283,191" oya="3" hai0="77,81,91,130,112,58,128,106,43,49,52,108,65" hai1="125,75,4,111,18,21,27,10,45,36,66,55,46" hai2="1,92,48,34,73,67,94,80,86,97,6,30,51" hai3="57,9,98,37,101,88,64,62,123,117,135,107,11"/><W35/><G135/><T90/><D106/><U71/><E111/><V2/><F73/><W32/><G123/><T8/><D108/><U72/><E46/><V103/><F67/><W68/><G117/><T54/><D65/><U60/><E125/><V38/><F38/><W116/><G116/><T13/><D112/><U0/><REACH who="1" step="1"/><E55/><REACH who="1" ten="260,246,283,191" step="2"/><V59/><F2/><W96/><G37/><T16/><D54/><U29/><E29/><V69/><F30/><W31/><G57/><T133/><D133/><U93/><E93/><V115/><F94/><N who="3" m="56391" /><G35/><T23/><D130/><U95/><E95/><V127/><F127/><W126/><G126/><T5/><D128/><U22/><E22/><V61/><F34/><W78/><G78/><T113/><D113/><U87/><E87/><V26/><F115/><W12/><G12/><N who="0" m="5135" /><D43/><AGARI ba="2,2" hai="0,4,10,18,21,27,36,43,45,60,66,71,72,75" machi="43" ten="40,5200,0" yaku="1,1,52,1,53,1" doraHai="39" doraHaiUra="17" who="1" fromWho="0" sc="260,-58,246,78,283,0,191,0" owari="202,-20.0,324,43.0,283,8.0,191,-31.0" /></mjloggm>