<mjloggm ver="2.3"><GO type="185" lobby="0"/><UN n0="%E3%83%9D%E3%82%B1%E3%83%83%E3%83%88" n1="%28%C2%B4%E3%81%B8%CE%B5%E3%81%B8%60%29" n2="%E3%81%A0%E3%81%83" n3="" dan="17,20,16,0" rate="2217.93,2240.68,2146.20,1500.00" sx="M,M,M,C"/><TAIKYOKU oya="0"/><INIT seed="0,0,0,0,4,115" ten="350,350,350,0" oya="0" hai0="49,42,104,95,2,74,60,51,130,103,119,129,65" hai1="124,63,93,81,101,99,108,73,34,106,46,112,111" hai2="50,48,110,61,96,121,77,80,1,54,45,32,123" hai3=""/><T76/><D104/><U68/><E34/><V69/><N who="2" m="31008" /><V135/><N who="2" m="31520" /><V72/><F32/><T57/><D2/><U78/><E112/><V122/><N who="2" m="31264" /><V70/><F1/><T33/><D33/><U134/><E134/><V3/><F3/><T84/><D74/><U0/><E0/><V133/><F110/><N who="1" m="42025" /><E46/><V37/><F37/><T113/><D113/><U55/><E124/><V40/><F96/><T71/><D42/><U88/><E55/><V131/><F131/><T118/><D71/><U125/><E125/><V128/><F128/><N who="0" m="49258" /><D103/><U52/><E68/><V107/><F107/><T89/><D76/><U86/><E52/><V82/><F69/><T67/><D67/><U102/><E63/><V43/><F61/><T38/><D38/><U120/><N who="1" m="30752" /><U114/><E114/><V105/><F70/><T98/><D98/><U116/><E101/><V36/><F36/><T92/><D92/><U97/><E116/><AGARI ba="0,0" hai="49,51,57,60,65,84,89,95,116,118,119" m="49258" machi="116" ten="30,11600,0" yaku="19,1,52,3" doraHai="115" who="0" fromWho="1" sc="350,116,350,-116,350,0,0,0" /><INIT seed="0,1,0,2,5,38" ten="466,234,350,0" oya="0" hai0="134,87,43,46,57,92,91,53,49,131,37,122,99" hai1="36,85,66,111,116,102,45,76,79,103,130,2,97" hai2="69,73,61,3,72,77,106,101,55,39,63,124,127" hai3=""/><T110/><N who="0" m="31264" /><T67/><D134/><U114/><E2/><V58/><F3/><T42/><D131/><U32/><E32/><V93/><F106/><T129/><D129/><U65/><E116/><V56/><F69/><T34/><D34/><U50/><E130/><V59/><F39/><T78/><D110/><U86/><E36/><V44/><F77/><T112/><D112/><U125/><E111/><V70/><F70/><T121/><N who="0" m="31008" /><T64/><REACH who="0" step="1"/><D42/><REACH who="0" ten="456,234,350,0" step="2"/><U35/><E35/><V54/><F124/><T1/><D1/><U119/><E114/><V88/><F127/><T47/><D47/><U117/><E125/><V48/><F58/><T82/><AGARI ba="1,1" hai="37,43,46,49,53,57,64,67,78,82,87,91,92,99" m="31008,31264" machi="82" ten="30,8000,1" yaku="1,1,0,1,52,3,53,0" doraHai="38" doraHaiUra="96" who="0" fromWho="0" sc="456,92,234,-41,350,-41,0,0" /><INIT seed="0,2,0,4,4,95" ten="548,193,309,0" oya="0" hai0="115,41,46,0,52,109,38,112,122,119,69,72,62" hai1="39,58,51,54,53,126,34,84,40,48,106,59,132" hai2="47,107,89,57,80,129,125,118,63,83,93,123,124" hai3=""/><T37/><N who="0" m="31264" /><T133/><D72/><U2/><E2/><V36/><N who="2" m="31520" /><V130/><F107/><T42/><D0/><U77/><E34/><V65/><F47/><T96/><D119/><U68/><E106/><V67/><F36/><T55/><D133/><U3/><E3/><V35/><F35/><T43/><D96/><U44/><E77/><V32/><F32/><T99/><D99/><U108/><E84/><V76/><F67/><T105/><D105/><U1/><E1/><V86/><F118/><T66/><D109/><U103/><E103/><V64/><F64/><T87/><D87/><U97/><E97/><V120/><N who="2" m="30752" /><V92/><F93/><T33/><D33/><U98/><E98/><V82/><F76/><T60/><D55/><U73/><E73/><V81/><N who="2" m="20992" /><DORA hai="70" /><V134/><REACH who="2" step="1"/><F134/><REACH who="2" ten="548,193,299,0" step="2"/><T78/><D78/><U116/><E132/><V117/><F117/><T79/><D79/><U101/><E116/><V102/><F102/><T75/><D75/><U49/><E101/><V104/><F104/><T56/><D46/><U128/><E44/><V50/><F50/><T111/><D37/><U74/><E39/><V127/><AGARI ba="2,1" hai="57,63,65,86,89,92,124,125,127,129,130" m="20992,30752,31520" machi="127" ten="50,9000,2" yaku="1,1,0,1,18,1,52,2,53,1" doraHai="95,70" doraHaiUra="61,114" who="2" fromWho="2" sc="548,-62,193,-32,299,104,0,0" /><INIT seed="1,0,0,3,3,115" ten="486,161,403,0" oya="1" hai0="100,54,50,44,35,51,82,53,63,55,132,41,47" hai1="134,84,125,79,48,78,76,60,124,129,108,73,98" hai2="119,58,99,66,95,39,74,40,81,77,103,70,83" hai3=""/><U130/><E48/><V135/><F70/><T49/><D35/><U117/><E60/><V38/><F119/><T37/><D100/><U46/><E46/><V52/><F66/><T93/><D93/><U110/><E73/><V64/><F135/><T88/><D132/><U128/><E134/><V101/><F64/><T86/><REACH who="0" step="1"/><D63/><REACH who="0" ten="476,161,403,0" step="2"/><U65/><E65/><V2/><F103/><T45/><AGARI ba="0,1" hai="37,41,44,45,47,49,50,51,53,54,55,82,86,88" machi="45" ten="40,6000,1" yaku="1,1,2,1,0,1,54,1,53,0" doraHai="115" doraHaiUra="96" who="0" fromWho="0" sc="476,70,161,-40,403,-20,0,0" /><INIT seed="2,0,0,2,5,128" ten="546,121,383,0" oya="2" hai0="93,96,70,79,88,94,105,53,97,76,34,98,77" hai1="102,3,119,112,91,95,122,55,40,2,50,38,130" hai2="121,52,54,114,84,71,101,106,72,39,83,75,104" hai3=""/><V133/><N who="2" m="31008" /><V90/><F71/><T86/><D70/><U32/><N who="1" m="31264" /><U60/><E32/><V100/><F39/><T57/><D34/><U117/><E112/><V108/><F114/><T46/><D46/><U82/><E130/><V129/><F129/><T33/><D33/><U115/><E115/><V135/><F108/><T110/><D110/><U47/><E102/><N who="2" m="39531" /><F52/><T132/><D105/><N who="2" m="40554" /><F54/><T131/><D131/><U61/><E61/><V51/><F51/><T66/><D66/><U1/><E82/><V67/><F67/><T62/><REACH who="0" step="1"/><D132/><AGARI ba="0,0" hai="72,75,83,84,90,132,133,135" m="40554,39531,31008" machi="132" ten="30,18000,2" yaku="20,1,34,2,52,4" doraHai="128" who="2" fromWho="0" sc="546,-180,121,0,383,180,0,0" /><INIT seed="2,1,0,3,4,68" ten="366,121,563,0" oya="2" hai0="57,90,0,33,113,100,70,80,102,103,85,60,126" hai1="117,86,66,42,115,123,81,32,46,96,110,53,135" hai2="107,131,112,47,134,44,121,98,49,120,65,97,116" hai3=""/><V94/><N who="2" m="30752" /><V41/><N who="2" m="31008" /><V129/><F116/><T128/><D0/><U88/><N who="1" m="31520" /><U111/><E32/><V91/><F112/><T83/><D33/><U108/><E115/><V56/><F134/><T104/><D113/><U125/><E135/><V101/><F65/><T62/><D128/><U54/><E117/><V130/><F56/><T109/><D109/><U77/><E66/><V95/><F47/><T119/><D119/><U99/><E125/><V72/><F72/><T71/><D104/><AGARI ba="1,0" hai="41,44,49,91,94,95,97,98,101,104,107,129,130,131" m="31008,30752" machi="104" ten="40,7700,0" yaku="19,1,52,2" doraHai="68" who="2" fromWho="0" sc="366,-79,121,0,563,79,0,0" /><INIT seed="2,2,0,4,1,44" ten="287,121,642,0" oya="2" hai0="98,116,134,54,104,37,91,94,83,115,75,99,78" hai1="41,32,108,34,130,47,57,114,69,89,87,61,2" hai2="56,52,40,76,101,86,36,1,128,66,64,92,38" hai3=""/><V113/><F113/><T120/><N who="0" m="30752" /><T33/><D33/><U88/><E2/><V62/><F1/><T35/><D35/><U42/><E114/><V122/><N who="2" m="31264" /><V82/><F128/><T53/><D115/><U105/><E105/><V81/><F40/><T50/><D37/><U46/><E130/><V55/><F66/><T80/><D116/><U123/><N who="1" m="31520" /><U102/><E69/><V93/><F55/><T71/><D71/><U131/><E131/><V97/><F93/><T77/><D134/><U90/><E102/><V0/><F0/><T48/><D104/><U74/><E74/><V110/><F110/><T96/><D53/><U117/><E117/><V100/><F100/><T3/><D3/><U119/><E119/><V125/><F125/><T72/><D54/><U60/><E108/><V103/><F103/><T112/><D112/><U129/><E129/><V49/><REACH who="2" step="1"/><F82/><REACH who="2" ten="287,121,632,0" step="2"/><T135/><REACH who="0" step="1"/><D135/><REACH who="0" ten="277,121,632,0" step="2"/><U58/><E32/><V124/><F124/><T111/><D111/><U67/><E34/><V85/><F85/><AGARI ba="2,2" hai="48,50,72,75,77,78,80,83,85,91,94,96,98,99" m="30752" machi="85" ten="40,8000,1" yaku="1,1,9,1,52,3,53,0" doraHai="44" doraHaiUra="51" who="0" fromWho="2" sc="277,104,121,0,632,-84,0,0" /><INIT seed="4,0,0,2,3,104" ten="381,121,548,0" oya="0" hai0="94,96,120,123,121,118,43,53,91,69,38,85,61" hai1="114,116,68,109,112,122,46,79,77,32,99,74,119" hai2="76,49,134,95,87,45,90,135,93,81,47,65,56" hai3=""/><T59/><N who="0" m="30752" /><T55/><N who="0" m="31008" /><T58/><N who="0" m="31520" /><T101/><D118/><N who="1" m="45099" /><E46/><V41/><F47/><T92/><D69/><U57/><N who="1" m="31264" /><U62/><E32/><V103/><F103/><T125/><D125/><U129/><E68/><V72/><F95/><T84/><D38/><U35/><E35/><V3/><F3/><T113/><D43/><U37/><E37/><V54/><REACH who="2" step="1"/><F65/><REACH who="2" ten="381,121,538,0" step="2"/><T60/><D113/><U124/><E112/><V82/><F82/><T80/><REACH who="0" step="1"/><D84/><REACH who="0" ten="371,121,538,0" step="2"/><U117/><N who="1" m="45107" /><U1/><DORA hai="48" /><E114/><V42/><F42/><T33/><D33/><U128/><E1/><V71/><F71/><T44/><D44/><U131/><E131/><V107/><F107/><AGARI ba="0,2" hai="53,55,58,59,60,61,80,85,91,92,94,96,101,107" m="31520,31008,30752" machi="107" ten="30,24000,3" yaku="1,1,7,1,9,1,52,5,53,0" doraHai="104,48" doraHaiUra="40,75" who="0" fromWho="2" sc="371,260,121,0,538,-240,0,0" /><INIT seed="4,1,0,0,1,128" ten="631,121,298,0" oya="0" hai0="1,42,72,109,71,53,133,39,79,51,97,33,120" hai1="67,3,89,112,82,78,41,95,118,80,60,73,104" hai2="116,100,40,129,107,125,90,98,119,123,135,130,50" hai3=""/><T121/><N who="0" m="30752" /><T44/><N who="0" m="31008" /><T55/><D1/><U114/><E3/><V56/><N who="2" m="31520" /><V62/><F50/><T32/><D109/><U105/><E41/><V124/><F40/><T59/><D71/><U99/><E118/><N who="2" m="45099" /><F62/><T54/><D97/><U69/><REACH who="1" step="1"/><E82/><REACH who="1" ten="631,111,298,0" step="2"/><V81/><F130/><T83/><D42/><U86/><E86/><V108/><F129/><T115/><D83/><U96/><E96/><V87/><F108/><T70/><D32/><U64/><E64/><V117/><F117/><T122/><D33/><U74/><E74/><V48/><F135/><T127/><D133/><U47/><E47/><V61/><F48/><T52/><D51/><U93/><E93/><V46/><F46/><T34/><D44/><U102/><E102/><V103/><F100/><T134/><D134/><U77/><E77/><V37/><F37/><T49/><D79/><U88/><E88/><V35/><F35/><T58/><D34/><U84/><E84/><V36/><F36/><T45/><D39/><U65/><E65/><AGARI ba="1,1" hai="56,61,65,81,87,90,98,103,107,124,125" m="45099,31520" machi="65" ten="30,2000,0" yaku="12,1,52,1" doraHai="128" who="2" fromWho="1" sc="631,0,111,-22,298,32,0,0" /><INIT seed="5,0,0,2,0,81" ten="631,89,330,0" oya="1" hai0="123,92,113,118,85,39,51,91,82,107,46,89,38" hai1="36,108,111,66,130,45,79,65,2,37,135,71,132" hai2="47,127,34,41,131,75,80,122,61,112,67,95,116" hai3=""/><U78/><E2/><V42/><N who="2" m="31264" /><V57/><F116/><T114/><N who="0" m="31520" /><T110/><D107/><U119/><E119/><V121/><N who="2" m="31008" /><V73/><F34/><T72/><D110/><N who="1" m="42027" /><E130/><V54/><F112/><N who="0" m="43114" /><D118/><U58/><E71/><V93/><F131/><T133/><D133/><N who="1" m="51275" /><E58/><V49/><F127/><T50/><D72/><U120/><N who="1" m="30752" /><U128/><E128/><V0/><F0/><T43/><D38/><N who="1" m="14955" /><E45/><V96/><F42/><T101/><D101/><U76/><AGARI ba="0,0" hai="65,66,76,78,79" m="14955,30752,51275,42027" machi="76" ten="40,8000,1" yaku="28,2,10,1,20,1,52,1" doraHai="81" who="1" fromWho="1" sc="631,-40,89,80,330,-40,0,0" /><INIT seed="5,1,0,4,4,95" ten="591,169,290,0" oya="1" hai0="51,81,96,103,108,35,77,89,33,128,122,83,124" hai1="135,60,132,111,110,87,70,65,45,55,109,74,98" hai2="105,94,127,78,61,72,134,58,52,57,34,120,116" hai3=""/><U114/><E74/><V49/><N who="2" m="30752" /><V56/><F105/><T130/><N who="0" m="31264" /><T76/><D108/><U91/><E114/><V36/><F116/><T73/><D51/><U106/><E55/><V32/><F36/><T133/><D89/><U39/><E45/><V115/><F134/><N who="1" m="51241" /><E39/><V54/><F127/><T63/><D124/><U86/><E91/><V93/><F115/><T68/><D133/><U112/><E112/><V1/><F1/><T97/><D73/><U121/><N who="1" m="31008" /><U62/><E60/><V43/><F57/><T41/><D63/><U118/><E118/><V82/><REACH who="2" step="1"/><F43/><REACH who="2" ten="591,169,280,0" step="2"/><T100/><D41/><U102/><AGARI ba="1,1" hai="62,65,70,86,87,98,102,106,109,110,111" m="31008,51241" machi="102" ten="40,8000,1" yaku="10,1,20,1,52,2" doraHai="95" who="1" fromWho="1" sc="591,-41,169,92,280,-41,0,0" /><INIT seed="5,2,0,4,0,111" ten="550,261,239,0" oya="1" hai0="32,42,45,41,90,37,93,130,92,127,1,98,84" hai1="97,108,63,75,109,34,58,129,121,51,134,55,71" hai2="114,128,59,89,115,43,2,86,82,46,81,96,124" hai3=""/><U57/><N who="1" m="31008" /><U110/><E34/><V53/><F2/><T62/><D32/><U54/><E75/><V61/><F128/><T60/><D127/><U65/><E97/><V85/><F96/><T103/><D1/><U132/><E129/><V95/><F124/><T47/><D130/><U39/><E39/><AGARI ba="2,0" hai="37,39,41,42,45,47,60,62,84,90,92,93,98,103" machi="39" ten="30,2000,0" yaku="7,1,9,1" doraHai="111" who="0" fromWho="1" sc="550,24,261,-24,239,0,0,0" /><INIT seed="6,0,0,5,1,69" ten="574,237,239,0" oya="2" hai0="111,121,48,110,105,87,102,33,127,60,62,65,85" hai1="63,96,49,3,64,57,107,83,109,76,101,36,98" hai2="67,78,40,115,116,51,108,35,54,53,1,131,66" hai3=""/><V95/><F116/><T93/><N who="0" m="31008" /><T97/><D33/><U88/><E109/><V70/><F108/><T74/><D74/><U132/><E36/><V44/><F35/><T72/><D72/><U59/><E3/><V71/><F1/><T124/><D60/><U43/><E132/><V50/><F78/><T128/><D48/><U89/><E98/><V84/><F115/><T46/><D46/><U58/><E43/><V80/><F131/><T38/><D38/><U52/><E58/><V103/><F80/><T135/><D135/><U73/><AGARI ba="0,0" hai="49,52,57,59,63,64,73,76,83,88,89,96,101,107" machi="73" ten="20,3900,0" yaku="0,1,7,1,54,2" doraHai="69" who="1" fromWho="1" sc="574,-13,237,39,239,-26,0,0" owari="561,51.0,276,-12.0,213,-39.0,0,0.0" /></mjloggm>