<mjloggm ver="2.3"><GO type="185" lobby="0"/><UN n0="%E4%B8%83%E7%80%AC%E6%82%A0%E6%9C%88" n1="%73%74%72%65%67%69%73" n2="%6E%65%6F%E3%82%BD%E3%83%83%E3%82%AF%E3%82%B9%E2%99%AA" n3="" dan="17,17,18,0" rate="2272.35,2223.60,2252.48,1500.00" sx="F,M,M,C"/><TAIKYOKU oya="0"/><INIT seed="0,0,0,4,1,81" ten="350,350,350,0" oya="0" hai0="113,1,59,44,110,71,92,123,128,107,55,83,77" hai1="101,114,127,68,116,87,67,62,79,115,98,35,45" hai2="72,85,122,80,135,56,104,118,99,74,105,64,61" hai3=""/><T46/><N who="0" m="31520" /><T60/><D113/><N who="1" m="43019" /><E116/><V43/><N who="2" m="31264" /><V33/><F33/><T32/><D107/><U69/><E35/><V88/><F135/><T47/><D32/><U125/><E69/><V130/><F130/><T102/><D1/><U124/><E45/><V120/><N who="2" m="30752" /><V49/><F118/><T133/><D128/><U53/><E53/><V94/><F105/><T119/><D119/><U41/><E41/><V51/><F104/><T2/><D2/><U57/><E68/><V76/><REACH who="2" step="1"/><F43/><REACH who="2" ten="350,350,340,0" step="2"/><T52/><D133/><U86/><E79/><V40/><F40/><T97/><D110/><U78/><E78/><V117/><F117/><T65/><REACH who="0" step="1"/><D71/><REACH who="0" ten="340,350,340,0" step="2"/><U132/><E132/><V95/><F95/><AGARI ba="0,2" hai="57,62,67,86,87,95,98,101,124,125,127" m="43019" machi="95" ten="40,8000,1" yaku="18,1,11,1,52,2" doraHai="81" who="1" fromWho="2" sc="340,0,350,100,340,-80,0,0" /><INIT seed="1,0,0,1,1,98" ten="340,450,260,0" oya="1" hai0="45,128,95,102,70,77,74,72,107,119,87,42,64" hai1="36,3,133,135,71,81,40,125,75,51,76,118,49" hai2="37,100,131,48,132,1,68,34,0,94,97,66,105" hai3=""/><U41/><E118/><V101/><F34/><T120/><N who="0" m="30752" /><T57/><D70/><U56/><E71/><V123/><N who="2" m="31520" /><V61/><F37/><T96/><D119/><U39/><E3/><V124/><F124/><T82/><D128/><U35/><E35/><V59/><F132/><N who="1" m="50761" /><E125/><V126/><F126/><T93/><D57/><U92/><E92/><V60/><F131/><T115/><D64/><U55/><E41/><V32/><F32/><T53/><D53/><U2/><E2/><V104/><F48/><T111/><D115/><U43/><E43/><V134/><F134/><T116/><D116/><U63/><E51/><V65/><F94/><T121/><N who="0" m="31008" /><T129/><D129/><U52/><E40/><V50/><F50/><T62/><D62/><U103/><E103/><V109/><F0/><T122/><N who="0" m="31264" /><T78/><D45/><AGARI ba="0,0" hai="36,39,45,49,52,55,56,63,75,76,81" m="50761" machi="45" ten="30,2900,0" yaku="20,1,54,1" doraHai="98" who="1" fromWho="0" sc="340,-29,450,29,260,0,0,0" /><INIT seed="1,1,0,2,1,87" ten="311,479,260,0" oya="1" hai0="122,115,135,106,67,114,69,53,61,84,39,55,133" hai1="35,1,44,105,128,91,123,40,2,32,59,36,64" hai2="98,130,72,56,90,111,93,48,104,131,80,89,3" hai3=""/><U50/><N who="1" m="31520" /><U75/><E105/><V101/><F3/><T45/><N who="0" m="31264" /><T112/><D106/><U76/><E128/><N who="2" m="49195" /><F111/><T73/><D73/><U43/><E2/><V63/><F48/><T95/><D95/><U47/><E1/><V117/><F117/><T82/><D84/><U62/><E76/><V79/><F104/><T71/><D82/><U33/><E75/><V129/><N who="2" m="49203" /><V0/><DORA hai="97" /><F0/><T108/><D71/><U83/><E83/><V99/><F98/><T81/><D81/><U52/><REACH who="1" step="1"/><E91/><REACH who="1" ten="311,469,260,0" step="2"/><V125/><F125/><T60/><D108/><U49/><E49/><V116/><F116/><T34/><D34/><U119/><E119/><V66/><AGARI ba="1,1" hai="56,63,66,72,79,80,89,90,93,99,101" m="49203" machi="66" ten="40,6000,1" yaku="19,1,52,3" doraHai="87,97" who="2" fromWho="2" sc="311,-21,469,-41,260,72,0,0" /><INIT seed="2,0,0,5,2,51" ten="290,428,332,0" oya="2" hai0="72,74,88,75,113,131,77,42,92,82,35,112,50" hai1="129,87,78,76,44,104,102,63,107,40,93,115,105" hai2="109,108,36,135,68,89,100,99,2,62,81,103,116" hai3=""/><V80/><F116/><T120/><N who="0" m="30752" /><T61/><D35/><U96/><E115/><N who="0" m="44105" /><D61/><U37/><E129/><V67/><F2/><T1/><D1/><U71/><REACH who="1" step="1"/><E87/><REACH who="1" ten="290,418,332,0" step="2"/><V70/><F135/><T58/><D131/><U59/><E59/><V117/><F117/><T41/><D58/><U91/><E91/><V53/><F68/><T106/><D106/><U95/><E95/><V43/><F89/><T98/><D50/><U73/><E73/><AGARI ba="0,1" hai="41,42,72,73,74,75,77,82,88,92,98" m="44105,30752" machi="73" ten="40,5200,0" yaku="11,1,52,1,54,1" doraHai="51" who="0" fromWho="1" sc="290,62,418,-52,332,0,0,0" /><INIT seed="4,0,0,5,3,114" ten="352,366,332,0" oya="0" hai0="98,105,111,115,33,118,104,35,52,72,50,103,47" hai1="65,68,63,55,62,99,107,113,53,38,66,87,133" hai2="85,57,61,132,44,70,49,128,69,83,91,129,46" hai3=""/><T90/><D115/><U56/><E113/><V121/><N who="2" m="31008" /><V2/><F132/><T123/><N who="0" m="31520" /><T117/><D105/><U73/><E73/><V76/><F2/><T124/><D124/><U36/><E87/><V97/><F97/><T94/><D72/><U131/><E99/><V40/><F46/><T109/><D104/><U74/><E74/><V82/><F57/><T67/><D67/><U58/><E107/><V110/><F110/><N who="0" m="41994" /><D103/><U37/><E133/><V130/><REACH who="2" step="1"/><F61/><REACH who="2" ten="352,366,322,0" step="2"/><T45/><D45/><U60/><E131/><V126/><F126/><T92/><D92/><U43/><E53/><V51/><F51/><T89/><D89/><U78/><E78/><V134/><F134/><T102/><D90/><U54/><E55/><V1/><F1/><T119/><AGARI ba="0,1" hai="33,35,47,50,52,94,98,102,117,118,119" m="41994,31520" machi="119" ten="40,12000,2" yaku="10,1,52,4,54,1" doraHai="114" who="0" fromWho="0" sc="352,130,366,-60,322,-60,0,0" /><INIT seed="4,1,0,2,1,32" ten="482,306,262,0" oya="0" hai0="73,63,97,94,3,107,96,104,121,57,118,87,46" hai1="50,88,101,66,135,36,110,35,62,37,108,51,120" hai2="70,33,38,91,54,129,112,132,113,95,67,133,45" hai3=""/><T80/><N who="0" m="31008" /><T127/><D118/><U90/><N who="1" m="30752" /><U76/><E35/><V41/><F33/><T79/><D127/><U47/><E135/><N who="2" m="51787" /><F129/><T77/><D3/><U106/><E76/><V122/><N who="2" m="31264" /><V44/><F95/><T83/><D46/><U61/><E106/><V49/><F91/><T60/><D60/><AGARI ba="1,0" hai="38,41,44,45,49,54,60,67,70,112,113" m="31264,51787" machi="60" ten="30,7700,0" yaku="20,1,34,2,52,1" doraHai="32" who="2" fromWho="0" sc="482,-79,306,0,262,79,0,0" /><INIT seed="5,0,0,0,0,55" ten="403,306,341,0" oya="1" hai0="57,108,56,61,95,46,53,70,44,45,131,93,1" hai1="86,127,82,37,89,0,74,63,132,67,79,90,106" hai2="126,121,80,123,91,2,125,58,72,68,101,69,112" hai3=""/><U77/><E0/><V110/><N who="2" m="31008" /><V83/><N who="2" m="31520" /><V92/><F110/><T122/><N who="0" m="31264" /><T76/><D108/><U117/><E117/><V78/><F112/><T39/><D1/><U73/><E37/><V60/><F2/><T66/><D39/><U97/><E127/><N who="2" m="48651" /><F83/><T115/><D115/><U47/><E132/><V84/><F101/><T50/><D131/><U81/><E47/><V116/><F116/><T38/><D38/><U41/><E41/><V130/><F130/><T59/><D76/><U87/><E63/><V102/><F102/><T135/><D135/><U52/><E52/><AGARI ba="0,0" hai="52,58,60,68,69,72,78,80,84,91,92" m="48651,31520,31008" machi="52" ten="30,8000,1" yaku="18,1,52,3,54,1" doraHai="55" who="2" fromWho="1" sc="403,0,306,-80,341,80,0,0" /><INIT seed="6,0,0,5,1,96" ten="403,226,421,0" oya="2" hai0="99,44,72,115,48,135,66,85,58,59,101,52,64" hai1="49,122,74,91,67,128,61,114,39,121,76,1,51" hai2="89,32,106,124,98,93,110,63,126,34,131,46,50" hai3=""/><V88/><F131/><T97/><D72/><U42/><N who="1" m="31008" /><U133/><N who="1" m="31264" /><U100/><E128/><V77/><F110/><T86/><D135/><U53/><E1/><V109/><F109/><T69/><D69/><U107/><E133/><V108/><F108/><T82/><D115/><U103/><E107/><V55/><F106/><T80/><D44/><U129/><E129/><V45/><F77/><T127/><D127/><N who="2" m="48682" /><F46/><T120/><N who="0" m="30752" /><T38/><D38/><U56/><E114/><V117/><F117/><T83/><D99/><U3/><E3/><V73/><F73/><T94/><D59/><U123/><N who="1" m="31520" /><U68/><E91/><N who="2" m="34891" /><F63/><T105/><D105/><U65/><E65/><AGARI ba="0,0" hai="48,52,58,64,65,66,80,82,83,85,86,94,97,101" m="30752" machi="65" ten="40,8000,1" yaku="8,1,52,2,54,1" doraHai="96" who="0" fromWho="1" sc="403,80,226,-80,421,0,0,0" owari="483,43.0,146,-45.0,421,2.0,0,0.0" /></mjloggm>