<mjloggm ver="2.3"><GO type="169" lobby="0"/><UN n0="%E3%82%B5%E3%82%A6%E3%83%8A%E5%B0%8F%E5%83%A7" n1="%E8%BB%8D%E7%A5%9E" n2="%74%2E%6F%2E%6F%2E%73" n3="%78%6E%68%6F%78%6F" dan="17,16,18,16" rate="2147.97,2106.01,2261.26,2077.84" sx="M,M,M,M"/><TAIKYOKU oya="0"/><INIT seed="0,0,0,1,3,28" ten="250,250,250,250" oya="0" hai0="100,116,131,13,29,118,75,125,98,81,87,124,17" hai1="79,33,133,83,10,18,9,47,42,46,97,2,106" hai2="43,6,5,114,86,64,82,73,130,132,49,110,88" hai3="61,12,11,84,102,126,58,122,92,66,67,14,91"/><T50/><D29/><U31/><E133/><V70/><F114/><W60/><G126/><N who="0" m="48747" /><D50/><U72/><E47/><V7/><F110/><W55/><G122/><T19/><D19/><U15/><E97/><V34/><F73/><W120/><G120/><T51/><D51/><U26/><E106/><V56/><F70/><W112/><G112/><T134/><D75/><U69/><E69/><V62/><F132/><W35/><G35/><T25/><D25/><U68/><E68/><V27/><F130/><W129/><G129/><T16/><D134/><U104/><E104/><V21/><F34/><W37/><G102/><T107/><D131/><U74/><E74/><V80/><F49/><W22/><G37/><T123/><D123/><U77/><E77/><V89/><F43/><W95/><G92/><T127/><N who="0" m="48755" /><T85/><DORA hai="57" /><D17/><U99/><E99/><V103/><F103/><W101/><G101/><T90/><D87/><U32/><E10/><AGARI ba="0,0" hai="10,13,16,81,85,90,98,100,107,116,118" m="48755" machi="10" ten="40,3900,0" yaku="18,1,54,1" doraHai="28,57" who="0" fromWho="1" sc="250,39,250,-39,250,0,250,0" /><INIT seed="0,1,0,1,0,1" ten="289,211,250,250" oya="0" hai0="122,130,76,41,131,121,101,78,84,0,124,92,55" hai1="94,99,100,60,29,91,119,28,68,108,74,93,95" hai2="12,86,129,18,40,67,63,56,47,24,43,26,36" hai3="27,75,22,58,64,126,61,106,112,132,111,69,14"/><T44/><D0/><U96/><E119/><V5/><F129/><N who="0" m="49162" /><D55/><U80/><E108/><V109/><F109/><W117/><G117/><T7/><D44/><U35/><E74/><V115/><F115/><W15/><G112/><T34/><D41/><U45/><E80/><V2/><F40/><W48/><G75/><T114/><D34/><U83/><E83/><V81/><F2/><W23/><G106/><T46/><D46/><U116/><E116/><V42/><F42/><W107/><G107/><T31/><D31/><U127/><E127/><V71/><F71/><W38/><G38/><T3/><D114/><U102/><E45/><V103/><F103/><W53/><G132/><T49/><D49/><U104/><E91/><V25/><F5/><W57/><G126/><T110/><D110/><U11/><E11/><V134/><F134/><W8/><G111/><T82/><D124/><U17/><E17/><V97/><F97/><W33/><G69/><T54/><D54/><U133/><E133/><V21/><REACH who="2" step="1"/><F26/><REACH who="2" ten="289,211,240,250" step="2"/><W37/><G27/><T98/><D7/><U52/><E68/><V88/><AGARI ba="1,1" hai="12,18,21,24,25,36,43,47,56,63,67,81,86,88" machi="88" ten="20,8000,1" yaku="1,1,2,1,0,1,7,1,54,1,53,0" doraHai="1" doraHaiUra="125" who="2" fromWho="2" sc="289,-41,211,-21,240,93,250,-21" /><INIT seed="1,0,0,4,4,9" ten="248,190,333,229" oya="1" hai0="3,89,44,36,95,90,29,68,1,67,81,77,61" hai1="30,40,65,108,48,133,84,78,74,6,85,134,26" hai2="113,91,57,11,88,71,70,53,92,5,22,121,13" hai3="34,31,86,4,94,28,39,132,119,100,8,114,35"/><U106/><E106/><V82/><F121/><W129/><G114/><T79/><D29/><U101/><E74/><V110/><F110/><W123/><G123/><T107/><D107/><U23/><E108/><V127/><F127/><W59/><G39/><T104/><D104/><U17/><E101/><V52/><F113/><W118/><G129/><T32/><D32/><U12/><E65/><V69/><F22/><W128/><G128/><T24/><D24/><U98/><E98/><V50/><F82/><W125/><G132/><N who="1" m="50794" /><E6/><V93/><REACH who="2" step="1"/><F53/><REACH who="2" ten="248,190,323,229" step="2"/><W46/><G125/><T76/><D81/><U96/><E78/><V43/><F43/><W16/><G35/><T21/><D79/><U55/><E40/><V19/><F19/><W15/><G34/><T7/><D77/><U47/><E96/><V33/><F33/><AGARI ba="0,1" hai="12,17,23,26,30,33,47,48,55,84,85" m="50794" machi="33" ten="30,2900,0" yaku="20,1,52,1" doraHai="9" who="1" fromWho="2" sc="248,0,190,39,323,-29,229,0" /><INIT seed="1,1,0,1,1,17" ten="248,229,294,229" oya="1" hai0="51,104,81,107,42,16,72,8,105,97,99,13,55" hai1="30,102,77,75,60,123,29,74,10,117,35,12,33" hai2="43,128,63,1,32,96,49,61,38,73,126,92,37" hai3="131,113,11,100,41,9,64,79,65,45,4,103,66"/><U108/><E123/><V130/><F32/><W59/><G131/><N who="2" m="50217" /><F1/><W70/><G113/><T120/><D120/><U15/><E117/><V112/><F73/><W106/><G79/><T62/><D42/><U87/><E102/><V48/><F126/><W26/><G70/><T24/><D62/><N who="2" m="23562" /><F112/><W47/><G59/><T90/><D24/><U129/><E87/><V58/><F58/><W18/><G106/><T119/><D119/><U91/><E129/><V135/><F135/><W53/><G53/><T19/><D19/><U83/><E91/><N who="2" m="55327" /><F43/><W98/><G41/><T28/><D28/><U23/><E60/><V44/><F44/><W25/><G47/><N who="0" m="28159" /><D72/><U124/><E124/><V88/><F88/><W20/><G45/><T86/><AGARI ba="1,0" hai="8,13,16,81,86,90,97,99,104,105,107" m="28159" machi="86" ten="40,2700,0" yaku="25,1,54,1" doraHai="17" who="0" fromWho="0" sc="248,30,229,-14,294,-8,229,-8" /><INIT seed="2,0,0,0,5,115" ten="278,215,286,221" oya="2" hai0="48,45,52,118,6,99,89,111,95,107,24,128,25" hai1="101,8,41,58,105,56,29,69,86,55,16,53,92" hai2="74,43,71,96,94,77,125,72,38,112,114,85,49" hai3="44,21,5,109,78,54,42,31,75,83,7,121,116"/><V81/><F71/><W70/><G109/><T84/><D111/><U59/><E69/><V46/><F125/><W17/><G121/><T108/><D108/><U20/><E105/><V88/><REACH who="2" step="1"/><F38/><REACH who="2" ten="278,215,276,221" step="2"/><W65/><G70/><T131/><D131/><U82/><E29/><V135/><F135/><W91/><G116/><T57/><D128/><U33/><E33/><V61/><F61/><W13/><G5/><T98/><D118/><U30/><E30/><V110/><F110/><W80/><G31/><T102/><D6/><U32/><E32/><V134/><F134/><W37/><G37/><T19/><D19/><U130/><E130/><V129/><F129/><W12/><G17/><T34/><D34/><U23/><E8/><V36/><F36/><W87/><G7/><T119/><D119/><U26/><E23/><V60/><F60/><W66/><G21/><T90/><REACH who="0" step="1"/><D57/><REACH who="0" ten="268,215,276,221" step="2"/><U28/><E16/><V0/><F0/><W76/><G44/><T122/><D122/><U126/><E59/><V64/><F64/><W22/><G66/><T35/><D35/><U50/><E58/><V40/><F40/><W133/><G65/><T62/><D62/><U18/><E41/><V132/><F132/><W11/><G42/><T103/><D103/><U63/><E18/><V27/><F27/><W104/><G133/><T2/><D2/><U106/><E101/><V113/><AGARI ba="0,2" hai="43,46,49,72,74,77,81,85,88,94,96,112,113,114" machi="113" ten="30,6000,0" yaku="1,1,0,1,54,1,53,0" doraHai="115" doraHaiUra="15" who="2" fromWho="2" sc="268,-20,215,-20,276,80,221,-20" /><INIT seed="2,1,0,5,4,79" ten="248,195,356,201" oya="2" hai0="115,32,72,101,125,18,24,134,54,88,80,77,121" hai1="22,19,96,35,133,20,50,31,127,98,49,63,114" hai2="78,76,130,10,15,48,59,43,13,106,75,30,4" hai3="42,123,40,95,0,122,5,58,69,92,87,111,105"/><V68/><F106/><W56/><G69/><T113/><D121/><U67/><E114/><V82/><F130/><W27/><G105/><T90/><D125/><U117/><E117/><V94/><F68/><W104/><G104/><T71/><D101/><U100/><E133/><V99/><F30/><W25/><G87/><T84/><D134/><U8/><E127/><V14/><F76/><W74/><G5/><T9/><D71/><U119/><E35/><V64/><F43/><W57/><G0/><T53/><D90/><U52/><E119/><V46/><F59/><W86/><G86/><T85/><D72/><U73/><E67/><V16/><F64/><W39/><G57/><T51/><D54/><U103/><E19/><V97/><F97/><W83/><G83/><N who="0" m="47215" /><D24/><U7/><E63/><V55/><REACH who="2" step="1"/><F4/><REACH who="2" ten="248,195,346,201" step="2"/><W12/><G56/><T38/><D38/><U135/><E7/><V120/><F120/><W132/><G39/><T131/><D131/><U45/><E96/><V37/><F37/><W2/><G58/><T34/><D115/><U11/><E98/><V28/><F28/><W126/><G126/><T89/><D113/><U110/><E31/><V41/><F41/><W65/><G42/><T47/><D89/><AGARI ba="1,1" hai="10,13,14,15,16,46,48,55,75,78,82,89,94,99" machi="89" ten="30,11600,0" yaku="1,1,7,1,52,1,54,1,53,0" doraHai="79" doraHaiUra="33" who="2" fromWho="0" sc="248,-119,195,0,346,129,201,0" /><INIT seed="2,2,0,4,4,30" ten="129,195,475,201" oya="2" hai0="14,4,62,39,102,100,92,77,75,23,28,46,5" hai1="8,51,1,61,53,24,88,104,13,76,115,122,124" hai2="105,37,17,40,2,117,72,41,116,21,56,42,59" hai3="90,29,22,38,71,125,49,107,64,134,82,106,119"/><V118/><F37/><W67/><G119/><T112/><D112/><U25/><E115/><V34/><F72/><W33/><G38/><T43/><D75/><U20/><E104/><V52/><F105/><W35/><G49/><T15/><D77/><U98/><E1/><V86/><F2/><W93/><G82/><T65/><D15/><U16/><E124/><V103/><F103/><W83/><G83/><T114/><D114/><U32/><E122/><V81/><F34/><N who="3" m="12811" /><G107/><T128/><D128/><U66/><E76/><V26/><REACH who="2" step="1"/><F52/><REACH who="2" ten="129,195,465,201" step="2"/><W68/><G106/><T89/><D102/><U111/><E32/><V18/><F18/><W80/><G67/><T69/><D100/><U31/><E66/><V78/><AGARI ba="2,1" hai="17,21,26,40,41,42,56,59,78,81,86,116,117,118" machi="78" ten="40,3900,0" yaku="1,1,0,1,53,0" doraHai="30" doraHaiUra="127" who="2" fromWho="2" sc="129,-15,195,-15,465,55,201,-15" /><INIT seed="2,3,0,5,0,96" ten="114,180,520,186" oya="2" hai0="104,135,79,78,4,107,41,70,134,82,50,99,75" hai1="16,45,100,19,57,58,77,108,54,33,30,62,90" hai2="63,34,21,8,3,102,61,6,1,89,66,53,24" hai3="91,39,130,13,111,32,86,5,51,14,56,28,125"/><V67/><F34/><W93/><G39/><T88/><D70/><U113/><E113/><V92/><F53/><W131/><G111/><T95/><D4/><U80/><E108/><V10/><F102/><W83/><G125/><T105/><D50/><U112/><E112/><V124/><F124/><W29/><G32/><T18/><D41/><U55/><E45/><V72/><F72/><W49/><G83/><N who="0" m="45535" /><D18/><U129/><E90/><V17/><F67/><W42/><G42/><T11/><D11/><U109/><E109/><V123/><F123/><W115/><G115/><T81/><D81/><U110/><E30/><V31/><F66/><W73/><G73/><AGARI ba="3,0" hai="73,79,82,88,95,99,104,105,107,134,135" m="45535" machi="73" ten="30,3900,0" yaku="34,2,54,1" doraHai="96" who="0" fromWho="3" sc="114,48,180,0,520,0,186,-48" /><INIT seed="3,0,0,1,0,12" ten="162,180,520,138" oya="3" hai0="96,121,76,30,4,92,114,68,62,21,90,86,134" hai1="94,126,75,55,81,89,27,115,1,109,2,100,8" hai2="25,119,105,78,24,66,112,47,57,3,107,49,19" hai3="33,10,50,91,125,53,130,54,6,95,135,14,38"/><W39/><G125/><T124/><D121/><U17/><E115/><V122/><F112/><W15/><G130/><T82/><D114/><U74/><E100/><V101/><F119/><W28/><G135/><T23/><D134/><U131/><E109/><V13/><F3/><W0/><G54/><T72/><D124/><U99/><E126/><V58/><F78/><W32/><G15/><T42/><D4/><U35/><E131/><V98/><F105/><W63/><G63/><T79/><D42/><U77/><E75/><V56/><F66/><W51/><G51/><T108/><D108/><U123/><E123/><V84/><F84/><W103/><G103/><T133/><D133/><U73/><E74/><V31/><F122/><W70/><G70/><T34/><D34/><U129/><E129/><V59/><F59/><W88/><G91/><T18/><D30/><U111/><E111/><V46/><F31/><W106/><G106/><T64/><D23/><N who="1" m="13807" /><E35/><V93/><F107/><W29/><G0/><T65/><D65/><U26/><E26/><N who="2" m="10347" /><F49/><W67/><G67/><T97/><D79/><U9/><E1/><V83/><F83/><W80/><G80/><T44/><D44/><U41/><E2/><V110/><F110/><W87/><G33/><T20/><D72/><U11/><E55/><V116/><F116/><W52/><G53/><T22/><D97/><U43/><E73/><V85/><F85/><W48/><G48/><T113/><D113/><U36/><E36/><N who="3" m="13866" /><G32/><T45/><D45/><U71/><E71/><V117/><F117/><W118/><G118/><T69/><D69/><RYUUKYOKU ba="0,0" sc="162,0,180,0,520,0,138,0" hai0="18,20,21,22,62,64,68,76,82,86,90,92,96" hai1="8,9,11,41,43,77,81,89,94,99" hai2="13,19,46,47,56,57,58,93,98,101" hai3="6,10,14,28,29,50,52,87,88,95" /><INIT seed="3,1,0,4,3,46" ten="162,180,520,138" oya="3" hai0="9,62,5,61,64,50,8,25,90,68,106,75,125" hai1="112,124,1,121,111,108,82,59,135,96,34,31,12" hai2="101,45,77,49,107,134,16,37,22,97,23,113,118" hai3="116,33,10,114,72,13,20,6,84,24,98,41,35"/><W122/><G72/><T40/><D75/><U14/><E1/><V48/><F113/><W89/><G122/><T55/><D125/><U110/><E121/><V18/><F118/><W131/><G116/><T73/><D73/><U7/><E112/><V115/><F115/><W30/><G114/><T71/><D106/><U67/><E124/><V65/><F134/><W56/><G131/><T104/><D104/><U78/><E135/><V86/><F65/><W109/><G41/><T38/><D38/><U26/><E96/><V57/><F37/><W102/><G56/><T80/><D40/><U44/><E7/><V74/><F74/><W133/><G133/><T120/><D120/><U95/><E95/><V117/><F117/><W94/><REACH who="3" step="1"/><G109/><REACH who="3" ten="162,180,520,128" step="2"/><T66/><D71/><U129/><E59/><V58/><F58/><W76/><G76/><T103/><D68/><U79/><E78/><V36/><F57/><W100/><G100/><T21/><D103/><U91/><E79/><V0/><F77/><W53/><G53/><T130/><D130/><U3/><E129/><V27/><F101/><W83/><AGARI ba="1,1" hai="6,10,13,20,24,30,33,35,83,84,89,94,98,102" machi="83" ten="20,7800,0" yaku="1,1,0,1,7,1,53,1" doraHai="46" doraHaiUra="4" who="3" fromWho="3" sc="162,-27,180,-27,520,-27,128,91" /><INIT seed="3,2,0,1,3,55" ten="135,153,493,219" oya="3" hai0="113,106,111,36,117,91,66,92,9,64,28,7,102" hai1="103,35,52,57,85,23,86,67,4,14,105,61,93" hai2="90,51,73,27,87,133,13,41,116,71,15,19,99" hai3="134,112,121,70,115,69,25,89,75,74,84,114,130"/><W120/><G25/><T83/><D117/><U47/><E35/><V18/><F73/><N who="3" m="27659" /><G84/><T88/><D111/><U60/><E105/><V33/><F87/><N who="1" m="33289" /><E47/><V16/><F27/><W8/><G8/><T118/><D113/><U32/><E32/><V78/><F116/><W53/><G53/><T10/><D36/><U81/><E81/><V109/><F109/><W38/><G89/><N who="0" m="34379" /><D106/><U22/><E61/><V11/><F90/><W95/><G95/><T129/><D129/><U98/><E67/><N who="0" m="25641" /><D118/><U100/><E103/><V0/><F33/><W17/><G17/><T20/><D83/><U132/><E132/><V58/><F133/><W108/><G108/><T56/><D7/><U12/><E12/><V82/><F19/><W77/><G77/><T76/><D76/><U128/><E128/><V96/><F78/><W62/><G130/><T3/><D3/><U46/><E46/><V119/><F0/><W127/><G134/><T21/><D102/><U80/><E80/><V104/><F82/><W31/><G38/><T24/><D92/><U50/><E50/><V43/><F104/><W68/><G31/><T72/><D72/><U125/><E125/><V124/><F124/><W54/><G127/><T30/><D30/><U42/><E42/><V107/><F107/><W6/><G6/><T79/><D79/><U131/><E131/><V126/><F126/><W37/><G37/><T65/><D28/><U135/><E135/><V39/><F39/><W94/><G94/><T122/><D24/><U48/><E48/><V44/><F119/><W110/><G110/><T26/><D26/><RYUUKYOKU ba="2,0" sc="135,-15,153,15,493,-15,219,15" hai1="4,14,22,23,52,57,60,93,98,100" hai3="54,62,68,69,70,112,114,115,120,121" /><INIT seed="3,3,0,2,3,96" ten="120,168,478,234" oya="3" hai0="105,12,74,94,52,48,11,126,83,38,6,8,45" hai1="87,121,99,89,98,84,78,118,21,88,19,92,34" hai2="10,7,127,3,5,27,80,104,117,123,77,32,37" hai3="42,91,28,40,132,111,102,15,122,24,50,18,47"/><W114/><G114/><T41/><D126/><U59/><E121/><V35/><F117/><W82/><G122/><T107/><D94/><U13/><E118/><V49/><F37/><W58/><G132/><T135/><D135/><U16/><E34/><V20/><F123/><W65/><G111/><T46/><REACH who="0" step="1"/><D11/><REACH who="0" ten="110,168,478,234" step="2"/><U72/><E72/><V119/><F127/><W133/><G133/><T25/><D25/><U69/><E69/><V115/><F10/><W30/><G24/><T68/><D68/><U9/><E59/><V64/><F27/><W108/><G58/><T81/><D81/><N who="1" m="49263" /><E78/><AGARI ba="3,1" hai="6,8,12,38,41,45,46,48,52,74,78,83,105,107" machi="78" ten="40,2600,0" yaku="1,1,54,1,53,0" doraHai="96" doraHaiUra="97" who="0" fromWho="1" sc="110,45,168,-35,478,0,234,0" /><INIT seed="4,0,0,5,4,66" ten="155,133,478,234" oya="0" hai0="33,94,4,64,36,107,108,68,37,113,7,121,89" hai1="83,105,131,129,12,42,50,34,14,79,44,76,63" hai2="1,60,0,28,130,98,51,43,99,25,22,13,39" hai3="54,112,128,125,135,118,134,96,29,74,65,3,81"/><T47/><D113/><U87/><E34/><V85/><F39/><W20/><G118/><T84/><D121/><U70/><E105/><V127/><F130/><N who="1" m="49673" /><E79/><V75/><F75/><W115/><G128/><T24/><D108/><U10/><E10/><V2/><F127/><W23/><G65/><AGARI ba="0,0" hai="12,14,42,44,50,63,65,70,76,83,87" m="49673" machi="65" ten="30,2000,0" yaku="19,1,52,1" doraHai="66" who="1" fromWho="3" sc="155,0,133,20,478,0,234,-20" /><INIT seed="5,0,0,3,1,118" ten="155,153,478,214" oya="1" hai0="126,69,22,6,74,40,85,33,52,4,130,54,115" hai1="27,79,135,66,92,77,78,47,44,103,49,7,55" hai2="1,80,125,98,3,16,109,2,57,116,131,112,127" hai3="19,46,10,64,123,101,37,18,96,111,120,50,23"/><U14/><E135/><V21/><F109/><W41/><G111/><T108/><D33/><U35/><E66/><V76/><F116/><W28/><G64/><T102/><D74/><U56/><E35/><V121/><F121/><W94/><G37/><T134/><D108/><U42/><E27/><V91/><F131/><W95/><G95/><T82/><D69/><U106/><E106/><V71/><F71/><W9/><G9/><T99/><D115/><U32/><E32/><V128/><F128/><W132/><G132/><T72/><D72/><U58/><E103/><V43/><F112/><W31/><G31/><T30/><D126/><U8/><REACH who="1" step="1"/><E92/><REACH who="1" ten="155,143,478,214" step="2"/><V51/><F125/><W13/><REACH who="3" step="1"/><G28/><REACH who="3" ten="155,143,478,204" step="2"/><T86/><D134/><U117/><E117/><V107/><F127/><W68/><G68/><T5/><D30/><U90/><E90/><V81/><F91/><W67/><G67/><T20/><D130/><U110/><E110/><V60/><F107/><W0/><G0/><T39/><D102/><U53/><E53/><V45/><F1/><W15/><AGARI ba="0,2" hai="10,13,15,18,19,23,41,46,50,94,96,101,120,123" machi="15" ten="20,12000,2" yaku="1,1,0,1,7,1,52,2,53,1" doraHai="118" doraHaiUra="93" who="3" fromWho="3" sc="155,-30,143,-60,478,-30,204,140" /><INIT seed="6,0,0,4,3,12" ten="125,83,448,344" oya="2" hai0="54,31,79,75,50,26,97,98,122,129,43,127,18" hai1="53,94,121,49,46,120,64,108,131,81,28,24,118" hai2="109,19,0,91,99,42,7,101,59,10,100,27,34" hai3="111,93,41,1,30,2,57,48,123,4,74,71,72"/><V135/><F135/><W88/><G123/><T29/><D122/><U95/><E118/><V9/><F109/><W8/><G111/><T55/><D127/><U130/><E108/><V11/><F42/><W51/><G71/><T20/><D129/><U62/><E121/><V113/><F113/><W63/><G2/><T39/><D75/><U38/><E120/><V40/><F40/><W126/><G126/><T14/><D79/><U78/><E38/><V56/><F91/><W66/><G30/><T106/><D31/><U117/><E117/><V44/><F44/><W58/><G51/><T22/><D106/><U115/><E115/><V76/><F76/><W102/><G102/><T125/><D125/><U70/><E131/><V124/><F124/><W128/><G128/><T33/><D33/><U134/><E134/><V114/><F114/><W104/><G104/><T47/><REACH who="0" step="1"/><D55/><REACH who="0" ten="115,83,448,344" step="2"/><U21/><REACH who="1" step="1"/><E130/><REACH who="1" ten="115,73,448,344" step="2"/><V36/><F34/><W16/><G74/><AGARI ba="0,2" hai="21,24,28,46,49,53,62,64,70,74,78,81,94,95" machi="74" ten="30,3900,0" yaku="1,1,2,1,7,1,53,0" doraHai="12" doraHaiUra="83" who="1" fromWho="3" sc="115,0,73,59,448,0,344,-39" /><INIT seed="7,0,0,3,1,71" ten="115,132,448,305" oya="3" hai0="85,2,115,77,35,102,68,89,24,79,65,134,124" hai1="87,57,107,16,23,60,19,0,112,5,3,111,26" hai2="126,10,133,39,8,66,73,20,54,47,55,45,50" hai3="74,113,93,43,97,82,125,105,30,21,121,108,18"/><W31/><G121/><T83/><D2/><U7/><E107/><V127/><F73/><W129/><G108/><T49/><D124/><N who="2" m="47658" /><F133/><W104/><G125/><T114/><D134/><U29/><E87/><V11/><F66/><W99/><G129/><T13/><D102/><U76/><E76/><N who="0" m="29257" /><D49/><U4/><E111/><V88/><F39/><W75/><G113/><N who="0" m="43019" /><D13/><U34/><E112/><V86/><F20/><W128/><G128/><T103/><D103/><U116/><E116/><V58/><F54/><W14/><G82/><AGARI ba="0,0" hai="8,10,11,45,47,50,55,58,82,86,88" m="47658" machi="82" ten="30,2000,0" yaku="18,1,54,1" doraHai="71" who="2" fromWho="3" sc="115,0,132,0,448,20,305,-20" owari="115,-38.0,132,-27.0,468,56.0,285,9.0" /></mjloggm>