<mjloggm ver="2.3"><GO type="169" lobby="0"/><UN n0="%E3%83%95%E3%82%A3%E3%83%AD%E3%82%BD%E3%83%95%E3%82%A3%E3%82%A2" n1="%61%6E%74%68%74%6F" n2="%E9%B7%BA%E5%AE%AE%E6%85%A7%E5%A4%AA" n3="%E3%81%86%E3%81%A9%E3%82%93%E3%81%93" dan="17,16,17,16" rate="2108.00,2027.84,2143.89,2069.40" sx="M,M,M,M"/><TAIKYOKU oya="0"/><INIT seed="0,0,0,3,3,83" ten="250,250,250,250" oya="0" hai0="120,65,32,92,30,73,7,13,47,119,116,127,50" hai1="115,84,59,86,80,45,68,76,110,99,133,81,24" hai2="21,46,49,40,90,57,26,87,97,79,14,18,35" hai3="93,52,82,117,113,134,11,64,43,2,34,107,66"/><T75/><D120/><U27/><E68/><V77/><F97/><W135/><G117/><T130/><D65/><U22/><E110/><V56/><F35/><W71/><G107/><T42/><D75/><U6/><E6/><V111/><F111/><W3/><G34/><T16/><D73/><U0/><E0/><V63/><F26/><W28/><G43/><T112/><D112/><U29/><E115/><V61/><F61/><W100/><G28/><T91/><D7/><U123/><E123/><V38/><F57/><W41/><G41/><T88/><D91/><U104/><E133/><N who="3" m="50698" /><G82/><T85/><D127/><U70/><E70/><V131/><F131/><W108/><G108/><T121/><D121/><U69/><E69/><V5/><F5/><N who="3" m="1463" /><G3/><T103/><D130/><U106/><E45/><V62/><F38/><W89/><G100/><T60/><D103/><U33/><E59/><V15/><F15/><W9/><G9/><T44/><D44/><U51/><E51/><V12/><F12/><W17/><G17/><T39/><D60/><U95/><E33/><V4/><F4/><W67/><G113/><T48/><D119/><U102/><REACH who="1" step="1"/><E27/><REACH who="1" ten="250,240,250,250" step="2"/><V8/><F63/><W10/><G71/><T23/><REACH who="0" step="1"/><D116/><REACH who="0" ten="240,240,250,250" step="2"/><U31/><E31/><V19/><F62/><W124/><G124/><T54/><D54/><U128/><E128/><V58/><F58/><W129/><G129/><T20/><D20/><U98/><E98/><V37/><F56/><W72/><G52/><T78/><D78/><AGARI ba="0,2" hai="22,24,29,76,78,80,81,84,86,95,99,102,104,106" machi="78" ten="30,8000,1" yaku="1,1,7,1,9,1,52,2,53,0" doraHai="83" doraHaiUra="1" who="1" fromWho="0" sc="240,-80,240,100,250,0,250,0" /><INIT seed="1,0,0,0,4,108" ten="160,340,250,250" oya="1" hai0="119,81,123,110,85,107,121,37,124,32,105,128,95" hai1="122,9,130,135,12,46,70,116,92,113,42,5,126" hai2="8,14,49,58,77,74,63,48,132,41,38,3,65" hai3="127,104,54,34,36,1,17,98,67,0,31,11,103"/><U131/><E122/><N who="0" m="46601" /><D37/><U61/><E116/><V87/><F132/><W15/><G36/><T72/><D32/><U125/><E92/><V75/><F3/><W56/><G127/><N who="1" m="48650" /><E135/><V33/><F33/><W114/><G114/><T53/><D53/><U115/><E70/><V93/><F38/><W44/><G44/><T62/><D62/><U88/><E88/><V6/><F49/><W117/><G117/><T26/><D95/><U27/><E61/><V102/><F102/><W79/><G67/><T7/><D85/><U60/><E60/><V97/><F97/><W90/><G79/><T50/><D81/><U39/><E27/><V94/><F94/><W28/><G90/><T16/><D26/><U129/><AGARI ba="0,0" hai="5,9,12,39,42,46,113,115,129,130,131" m="48650" machi="129" ten="40,12000,1" yaku="19,1,18,1,52,2" doraHai="108" who="1" fromWho="1" sc="160,-40,340,120,250,-40,250,-40" /><INIT seed="1,1,0,0,1,47" ten="120,460,210,210" oya="1" hai0="129,44,66,72,97,101,15,100,6,80,106,27,67" hai1="17,36,104,16,81,49,124,90,87,58,128,8,7" hai2="126,20,40,50,82,130,91,108,62,68,95,79,41" hai3="33,69,134,132,120,107,31,74,77,18,25,75,61"/><U110/><E36/><V54/><F108/><W22/><G120/><T99/><D129/><U0/><E128/><V57/><F130/><W94/><G94/><T42/><D27/><U73/><E110/><V10/><F126/><W3/><G107/><T83/><D6/><U122/><E122/><V93/><F10/><W116/><G3/><T43/><D15/><U125/><E104/><V70/><F20/><W34/><G116/><T35/><D35/><N who="3" m="13321" /><G77/><T131/><D131/><U114/><E73/><V64/><F70/><W9/><G9/><T30/><D30/><U38/><E38/><V14/><F14/><W55/><G18/><T71/><D71/><U103/><E103/><V84/><REACH who="2" step="1"/><F95/><REACH who="2" ten="120,460,200,210" step="2"/><W115/><G69/><T113/><D106/><U78/><E125/><V133/><F133/><W24/><G24/><T5/><D113/><U37/><E114/><V109/><F109/><W96/><G115/><T127/><D127/><U118/><E124/><V102/><F102/><W23/><G23/><T59/><D101/><U121/><E121/><V45/><F45/><W21/><G21/><T32/><D44/><U46/><E118/><V2/><F2/><W92/><G134/><T65/><D100/><U13/><E0/><V135/><F135/><W19/><G132/><T117/><D32/><U89/><E46/><V86/><AGARI ba="1,1" hai="40,41,50,54,57,62,64,68,79,82,84,86,91,93" machi="86" ten="20,8000,1" yaku="1,1,0,1,7,1,52,1,53,1" doraHai="47" doraHaiUra="63" who="2" fromWho="2" sc="120,-21,460,-41,200,93,210,-21" /><INIT seed="2,0,0,2,3,81" ten="99,419,293,189" oya="2" hai0="32,82,43,42,47,99,23,7,19,80,124,106,90" hai1="93,126,0,87,21,50,27,78,83,49,115,112,17" hai2="77,123,130,11,16,74,64,15,94,28,44,133,40" hai3="107,61,104,59,58,102,76,118,121,119,6,72,10"/><V92/><F123/><W3/><G121/><T134/><D32/><U36/><E36/><V2/><F133/><W71/><G59/><T100/><D124/><U109/><E0/><V67/><F130/><W1/><G1/><T5/><D134/><U88/><E126/><V13/><F2/><W70/><G58/><T20/><D43/><U97/><REACH who="1" step="1"/><E109/><REACH who="1" ten="99,409,293,189" step="2"/><V22/><F67/><W110/><G110/><T52/><D7/><U85/><E85/><V120/><F64/><W26/><G119/><T68/><D5/><U29/><E29/><V86/><F120/><W18/><G6/><T30/><D30/><U128/><E128/><V113/><F113/><AGARI ba="0,1" hai="17,21,27,49,50,78,83,87,88,93,97,112,113,115" machi="113" ten="40,5200,0" yaku="1,1,52,1,54,1,53,0" doraHai="81" doraHaiUra="105" who="1" fromWho="2" sc="99,0,409,62,293,-52,189,0" /><INIT seed="3,0,0,2,1,82" ten="99,471,241,189" oya="3" hai0="40,36,124,55,43,58,42,81,77,112,122,105,26" hai1="24,74,22,10,131,27,76,53,100,93,56,115,132" hai2="70,11,64,17,79,92,19,119,45,83,87,50,66" hai3="49,39,101,3,46,2,78,14,108,72,1,95,97"/><W31/><G39/><T96/><D122/><U107/><E131/><V73/><F119/><W99/><G31/><T9/><D112/><U114/><E132/><V30/><F30/><W41/><G108/><T62/><D124/><U68/><E107/><V23/><F70/><W13/><G78/><T130/><D130/><U86/><E68/><V21/><F11/><W123/><G72/><T127/><D127/><U67/><E74/><V4/><F4/><W125/><G125/><T90/><D26/><U113/><E67/><V47/><F73/><W65/><G123/><T60/><D60/><U69/><E10/><V28/><F92/><W20/><G65/><N who="2" m="25193" /><F28/><W38/><G20/><N who="2" m="7753" /><F47/><W111/><G111/><T102/><D9/><U6/><E6/><V54/><AGARI ba="0,0" hai="17,19,45,50,54,79,83,87" m="7753,25193" machi="54" ten="30,2000,0" yaku="8,1,52,1" doraHai="82" who="2" fromWho="2" sc="99,-5,471,-5,241,20,189,-10" /><INIT seed="4,0,0,4,5,108" ten="94,466,261,179" oya="0" hai0="29,52,124,114,7,116,110,120,45,20,3,28,81" hai1="98,43,106,95,121,92,100,132,69,90,66,31,73" hai2="4,41,72,112,125,10,107,77,103,60,33,122,80" hai3="57,86,32,11,78,84,74,133,17,46,12,37,87"/><T62/><D120/><U71/><E73/><V99/><F122/><W39/><G32/><T101/><D116/><U36/><E121/><V123/><F123/><W70/><G70/><T75/><D101/><U128/><E128/><V65/><F125/><W18/><G133/><T94/><D94/><U54/><E132/><V26/><F41/><W93/><G93/><T111/><D124/><U8/><E8/><V25/><F112/><W129/><G129/><T24/><D29/><U76/><E76/><V55/><F55/><W49/><G57/><N who="0" m="35111" /><D45/><U83/><E31/><V85/><F72/><W0/><G0/><T135/><D135/><U61/><E71/><V67/><F33/><W63/><G63/><T6/><D3/><U131/><E131/><V19/><F19/><W89/><G89/><T58/><D58/><U119/><E90/><V5/><F60/><W126/><G126/><T22/><D22/><U23/><E23/><V64/><F10/><W15/><G78/><N who="0" m="44255" /><D114/><U96/><E119/><V40/><F40/><W118/><G74/><T91/><D91/><U16/><E43/><V48/><F48/><W109/><G118/><T88/><D88/><U44/><E44/><V34/><F34/><W82/><G82/><T104/><D104/><U13/><E83/><V79/><F79/><W2/><G2/><T35/><D35/><U113/><E113/><V51/><F51/><W97/><G49/><T21/><D20/><N who="1" m="11279" /><E36/><N who="3" m="13898" /><G46/><T59/><D59/><N who="1" m="35063" /><E98/><V102/><F102/><W9/><G97/><T38/><D38/><U1/><E1/><V134/><F134/><W14/><G14/><RYUUKYOKU ba="0,0" sc="94,0,466,0,261,0,179,0" hai0="6,7,21,24,28,110,111" hai1="66,69,92,95,96,100,106" hai2="4,5,25,26,64,65,67,77,80,85,99,103,107" hai3="9,11,12,15,17,18,84,86,87,109" /><INIT seed="4,1,0,1,4,60" ten="94,466,261,179" oya="0" hai0="41,98,84,22,68,76,105,7,134,133,124,51,110" hai1="81,71,47,87,66,40,82,116,19,106,54,52,102" hai2="130,114,104,1,108,118,15,46,0,21,35,65,2" hai3="111,123,44,79,117,74,5,115,127,96,126,55,121"/><T107/><D7/><U3/><E3/><V43/><F108/><W53/><G5/><T77/><D68/><U11/><E116/><V36/><F130/><W88/><G117/><T94/><D22/><U120/><E120/><N who="3" m="46154" /><G44/><T72/><D51/><U45/><E106/><N who="0" m="40457" /><D41/><U131/><E131/><V67/><F118/><W95/><G111/><T10/><D10/><U33/><E102/><V78/><F104/><W135/><G115/><T83/><D110/><U129/><E129/><V50/><F35/><W38/><G38/><T89/><D124/><N who="3" m="47657" /><G135/><N who="0" m="51723" /><D77/><U62/><E33/><V91/><F78/><W6/><G6/><T69/><D69/><U27/><E45/><V9/><F114/><W4/><G4/><T56/><D56/><U100/><E47/><V29/><F36/><W92/><G53/><T64/><D64/><U132/><E40/><V24/><F0/><W26/><G26/><T48/><D48/><U101/><E27/><V30/><F1/><W58/><G55/><T42/><D42/><U13/><E132/><V14/><F2/><W39/><G58/><T86/><AGARI ba="1,0" hai="72,76,83,84,86,89,94,98" m="51723,40457" machi="86" ten="40,7800,0" yaku="20,1,34,2" doraHai="60" who="0" fromWho="0" sc="94,81,466,-27,261,-27,179,-27" /><INIT seed="4,2,0,0,3,90" ten="175,439,234,152" oya="0" hai0="70,68,57,20,55,104,54,72,82,23,40,2,19" hai1="112,127,135,98,101,109,117,24,84,89,94,53,81" hai2="27,114,28,83,92,79,31,7,5,63,96,120,87" hai3="61,66,56,4,102,8,35,129,97,113,15,128,88"/><T100/><D2/><U26/><E117/><V125/><F120/><W6/><G113/><T130/><D130/><N who="3" m="50281" /><G35/><T65/><D40/><U11/><E109/><V12/><F114/><W3/><G3/><T50/><D55/><U122/><E112/><V110/><F110/><W0/><G0/><T32/><D32/><U64/><E122/><V115/><F115/><W86/><G97/><T74/><D74/><U126/><E135/><V37/><F125/><N who="1" m="47625" /><E64/><V131/><F37/><W60/><G60/><T93/><D104/><U38/><E38/><V59/><F131/><W62/><G62/><T105/><D105/><U16/><E53/><V73/><F73/><W121/><G102/><T41/><D41/><U47/><E47/><V80/><F80/><N who="3" m="49223" /><G121/><T75/><D75/><U77/><E101/><N who="2" m="60551" /><F12/><AGARI ba="2,0" hai="11,12,16,24,26,77,81,84,89,94,98" m="47625" machi="12" ten="30,3900,0" yaku="18,1,52,1,54,1" doraHai="90" who="1" fromWho="2" sc="175,0,439,45,234,-45,152,0" /><INIT seed="5,0,0,5,4,60" ten="175,484,189,152" oya="1" hai0="25,120,3,55,84,127,132,50,108,54,115,65,11" hai1="67,112,97,49,34,5,126,74,111,51,116,24,29" hai2="32,104,123,85,83,68,56,130,103,79,46,114,96" hai3="47,31,59,23,107,86,131,78,13,122,113,88,99"/><U9/><E74/><V45/><F123/><W35/><G122/><T16/><D120/><U117/><E112/><V124/><F68/><W33/><G113/><T0/><D115/><U72/><E72/><V119/><F114/><W110/><G110/><T80/><D108/><U39/><E39/><V129/><F119/><W22/><G131/><N who="2" m="50185" /><F124/><W20/><G78/><T106/><D106/><U133/><E126/><V69/><F69/><W30/><G47/><N who="2" m="17929" /><F56/><W90/><G13/><T89/><D3/><U105/><E111/><V8/><F8/><W61/><G35/><AGARI ba="0,0" hai="32,35,79,83,85,96,103,104" m="17929,50185" machi="35" ten="30,1000,0" yaku="19,1" doraHai="60" who="2" fromWho="3" sc="175,0,484,0,189,10,152,-10" /><INIT seed="6,0,0,4,5,124" ten="175,484,199,142" oya="2" hai0="80,30,3,112,95,103,74,2,85,81,70,19,43" hai1="135,96,60,17,75,11,52,128,0,107,89,84,82" hai2="121,132,22,25,6,69,79,122,64,115,14,120,47" hai3="57,31,134,131,53,113,104,78,105,33,130,93,7"/><V111/><F115/><W73/><G7/><T20/><D70/><U83/><E128/><N who="3" m="49194" /><G113/><T23/><D112/><U36/><E36/><V54/><F132/><W58/><G134/><T5/><D5/><U118/><E118/><V67/><F111/><W71/><G71/><T46/><D74/><U68/><E135/><V44/><F69/><W126/><G126/><T77/><D81/><U87/><E75/><V4/><F4/><W92/><G78/><T50/><D95/><N who="3" m="36425" /><G73/><T48/><D103/><U98/><E68/><V26/><F79/><W133/><G133/><T91/><D77/><N who="1" m="46159" /><E0/><V49/><F6/><W123/><G123/><T8/><D3/><U88/><E107/><N who="3" m="41034" /><G53/><T90/><D2/><U59/><E89/><V114/><F114/><W72/><G72/><T55/><D91/><U61/><E61/><V86/><F54/><W27/><AGARI ba="0,0" hai="27,31,33,57,58" m="41034,36425,49194" machi="27" ten="40,8000,1" yaku="19,1,52,3" doraHai="124" who="3" fromWho="3" sc="175,-20,484,-20,199,-40,142,80" /><INIT seed="7,0,0,4,3,131" ten="155,464,159,222" oya="3" hai0="89,1,60,16,101,82,31,126,18,94,67,35,106" hai1="63,22,99,64,83,29,61,68,23,4,133,12,6" hai2="30,122,42,24,119,91,114,25,96,121,56,8,44" hai3="124,123,14,86,13,100,115,41,135,0,81,107,45"/><W20/><G123/><N who="2" m="47113" /><F119/><W34/><G34/><T97/><D1/><U38/><E38/><V11/><F114/><W19/><G0/><T37/><D37/><U52/><E23/><N who="2" m="15647" /><F25/><W108/><G100/><T76/><D31/><U62/><E99/><V66/><F66/><W73/><G107/><T132/><D35/><U47/><E62/><V128/><F128/><W120/><G73/><N who="0" m="43279" /><D126/><U103/><E83/><V5/><F56/><W50/><G108/><T134/><D60/><U54/><E52/><V84/><F96/><W51/><G115/><T110/><D67/><U127/><E4/><V71/><F71/><W118/><G124/><T65/><D65/><U48/><E63/><V10/><F44/><W111/><G45/><T102/><D110/><U90/><E12/><N who="2" m="5135" /><F42/><W117/><G41/><T36/><D36/><U88/><E6/><V72/><F72/><W40/><G40/><T2/><D2/><U28/><E22/><V15/><F15/><W85/><G13/><T3/><D3/><U125/><E103/><N who="0" m="39433" /><D106/><U74/><E28/><V113/><F113/><W116/><G14/><T95/><D95/><AGARI ba="0,0" hai="10,11,84,91,95" m="5135,15647,47113" machi="95" ten="30,1000,0" yaku="13,1" doraHai="131" who="2" fromWho="0" sc="155,-10,464,0,159,10,222,0" owari="145,-35.0,464,56.0,169,-23.0,222,2.0" /></mjloggm>