<mjloggm ver="2.3"><GO type="169" lobby="0"/><UN n0="%E3%82%8F%E3%81%8B%E3%82%81%75%64%6E" n1="%E5%90%89%E7%A5%A5%E5%AF%BA%4B%47" n2="%4B%75%72%6F%73%75%6B%65" n3="%E3%81%8A%E3%81%AF%44%E3%83%9D%E3%83%86%E3%83%88" dan="17,17,16,17" rate="2245.47,2205.19,2075.04,2196.94" sx="M,M,M,F"/><TAIKYOKU oya="0"/><INIT seed="0,0,0,0,3,16" ten="250,250,250,250" oya="0" hai0="28,80,112,26,127,19,117,113,37,78,89,77,131" hai1="4,31,124,12,50,40,10,38,125,126,87,76,47" hai2="132,49,39,84,61,1,128,116,57,120,79,75,22" hai3="104,11,68,114,33,25,53,30,55,14,107,92,96"/><T56/><D131/><U59/><E31/><V43/><F120/><W69/><G114/><T122/><D127/><U41/><E59/><V15/><F1/><W83/><G83/><T58/><D122/><U72/><E72/><V65/><F128/><W129/><G129/><T97/><D37/><U6/><E6/><V100/><F75/><W17/><G104/><T52/><D117/><U95/><E41/><V3/><F3/><W110/><G107/><T121/><D58/><U118/><E118/><V7/><F116/><W35/><G35/><T2/><D2/><U34/><E34/><V94/><F39/><W115/><G115/><T51/><D19/><U13/><E13/><V44/><F132/><W88/><REACH who="3" step="1"/><G110/><REACH who="3" ten="250,250,250,240" step="2"/><T23/><D121/><U135/><E135/><V99/><F79/><W91/><G91/><T5/><D77/><U123/><E123/><V105/><F105/><W64/><G64/><T81/><D81/><N who="1" m="47527" /><E95/><V111/><F111/><W67/><G67/><T63/><D113/><U102/><E102/><V66/><F66/><W133/><G133/><T20/><D112/><U109/><E109/><V103/><F100/><W8/><G8/><T70/><D78/><U9/><E10/><N who="2" m="4575" /><F84/><W45/><G45/><T29/><D80/><U48/><AGARI ba="0,1" hai="4,9,12,38,40,47,48,50,124,125,126" m="47527" machi="48" ten="40,1500,0" yaku="18,1" doraHai="16" who="1" fromWho="1" sc="250,-7,250,25,250,-4,240,-4" /><INIT seed="1,0,0,2,0,102" ten="243,275,246,236" oya="1" hai0="5,49,16,115,63,33,42,80,106,54,15,72,103" hai1="50,79,86,44,124,85,107,65,21,118,84,31,94" hai2="101,41,134,133,52,125,121,0,113,109,18,90,104" hai3="126,3,17,58,97,105,93,116,131,81,119,71,9"/><U68/><E118/><V34/><F0/><W120/><G71/><T55/><D115/><U8/><E124/><V12/><F34/><W19/><G120/><T48/><D33/><U43/><E107/><V56/><F121/><W66/><G126/><T130/><D130/><U67/><E79/><V91/><F41/><W64/><G131/><T122/><D122/><U135/><E135/><N who="2" m="51723" /><F109/><W111/><G111/><T4/><D42/><U82/><E82/><V7/><F7/><W39/><G39/><T108/><D63/><U2/><E68/><V30/><F30/><W69/><G69/><T127/><D108/><U28/><E94/><V14/><F14/><W62/><G66/><N who="1" m="25098" /><E2/><V73/><F73/><W76/><G105/><T96/><D127/><U13/><E21/><N who="2" m="11463" /><F113/><W74/><G119/><T100/><D72/><U132/><E132/><V99/><F125/><W35/><G116/><T83/><D106/><U47/><E47/><V77/><F77/><W123/><G123/><T29/><D29/><U26/><E26/><V61/><AGARI ba="0,0" hai="52,56,61,90,91,99,101,104" m="11463,51723" machi="61" ten="30,4000,0" yaku="20,1,52,1,54,1" doraHai="102" who="2" fromWho="2" sc="243,-10,275,-20,246,40,236,-10" /><INIT seed="2,0,0,4,1,11" ten="233,255,286,226" oya="2" hai0="135,92,48,119,124,16,74,17,9,128,69,55,35" hai1="134,65,75,85,89,7,21,28,94,57,2,113,112" hai2="97,66,68,25,130,39,49,36,93,6,53,58,26" hai3="45,52,121,20,86,59,23,78,34,37,100,33,14"/><V111/><F130/><W60/><G121/><T120/><D120/><U95/><E75/><V72/><F72/><W104/><G104/><T76/><D128/><U0/><E134/><V50/><F50/><W81/><G100/><T61/><D135/><U18/><E28/><V1/><F111/><W64/><G23/><T51/><D35/><U31/><E31/><V56/><F56/><W42/><REACH who="3" step="1"/><G64/><REACH who="3" ten="233,255,286,216" step="2"/><T43/><D119/><U73/><E21/><V71/><F66/><W96/><G96/><T30/><D124/><U105/><E105/><V12/><F39/><W10/><G10/><T40/><D9/><U46/><E65/><V29/><F36/><W82/><G82/><T90/><D92/><U103/><E94/><V114/><F93/><W132/><G132/><T5/><D43/><U47/><E95/><V38/><F97/><W22/><G22/><T15/><D40/><U133/><E103/><V87/><F38/><W118/><G118/><T109/><D109/><U44/><E133/><V3/><F114/><W116/><G116/><T62/><D55/><U70/><E113/><V123/><F123/><W79/><G79/><T24/><D76/><U4/><E112/><V19/><F53/><W131/><G131/><T110/><D110/><U77/><E77/><V41/><F41/><W115/><G115/><T108/><D108/><U63/><E89/><V127/><F127/><W88/><G88/><T102/><D90/><U98/><E98/><V126/><F126/><W32/><G32/><T99/><D99/><U129/><E129/><V13/><F26/><W84/><G84/><RYUUKYOKU ba="0,1" sc="233,-10,255,-10,286,-10,216,30" hai3="14,20,33,34,37,42,45,52,59,60,78,81,86" /><INIT seed="3,1,1,3,2,96" ten="223,245,276,246" oya="3" hai0="107,130,30,91,82,127,19,55,126,38,131,4,68" hai1="111,41,115,20,118,77,15,98,31,36,6,46,80" hai2="56,8,134,17,29,123,108,53,79,122,114,135,60" hai3="43,113,48,66,99,124,28,87,110,18,21,112,101"/><W26/><G124/><N who="0" m="47659" /><D68/><U81/><E115/><V119/><F29/><W92/><G110/><T44/><D30/><U89/><E118/><V102/><F8/><W70/><G87/><T103/><D4/><U121/><E111/><V105/><F17/><W2/><G2/><T109/><D19/><U35/><E121/><N who="2" m="46091" /><F108/><W62/><REACH who="3" step="1"/><G28/><REACH who="3" ten="223,245,276,236" step="2"/><T39/><D109/><U116/><E31/><V95/><F135/><W25/><G25/><T0/><D0/><U125/><E125/><V37/><F134/><W97/><G97/><T59/><D131/><U78/><E98/><V61/><F114/><W22/><G22/><T132/><D130/><U120/><E20/><V34/><F34/><W50/><G50/><T49/><D132/><U83/><E35/><V69/><F37/><W65/><G65/><T14/><D39/><U23/><E23/><V76/><F119/><W64/><G64/><T100/><D38/><U45/><E116/><V42/><F79/><W90/><G90/><T129/><D129/><U13/><E120/><V75/><F76/><W93/><G93/><T63/><D14/><U11/><E15/><V27/><F95/><W12/><G12/><T10/><D107/><U104/><E104/><V24/><F105/><W67/><G67/><N who="0" m="39423" /><D10/><U85/><E78/><V133/><F133/><W117/><G117/><T32/><D32/><U94/><E77/><V47/><F75/><W57/><G57/><T71/><D71/><U16/><E16/><V58/><F69/><W33/><G33/><T7/><D7/><U86/><E86/><AGARI ba="1,2" hai="44,49,55,82,86,91,100,103" m="39423,47659" machi="86" ten="30,3900,0" yaku="18,1,52,2" doraHai="96" who="0" fromWho="1" sc="223,62,245,-42,276,0,236,0" /><INIT seed="4,0,0,1,1,84" ten="285,203,276,236" oya="0" hai0="123,71,39,18,17,61,7,9,114,94,34,120,88" hai1="74,130,53,134,77,5,4,95,43,49,104,48,128" hai2="85,29,105,16,117,129,97,8,47,99,46,14,127" hai3="122,24,110,0,36,75,65,2,45,60,33,19,15"/><T56/><D114/><U87/><E104/><V10/><F129/><N who="1" m="49769" /><E74/><V38/><F127/><W62/><G75/><T89/><D71/><U41/><E134/><V44/><F38/><W27/><G110/><T124/><D124/><U106/><E106/><V54/><F117/><W90/><G122/><T32/><D39/><U132/><E132/><V31/><F105/><W109/><G109/><T121/><D34/><U118/><E118/><V52/><F85/><W22/><G62/><T81/><D32/><U20/><E20/><V135/><F135/><W108/><G108/><T26/><D81/><N who="1" m="47535" /><E95/><V112/><F112/><W64/><G64/><T11/><D11/><U82/><E82/><V30/><F8/><W67/><G65/><T107/><D107/><U115/><E115/><V51/><REACH who="2" step="1"/><F54/><REACH who="2" ten="285,203,266,236" step="2"/><W111/><G111/><T79/><D123/><U83/><E83/><V68/><F68/><W98/><G36/><T66/><D121/><U86/><E86/><V3/><F3/><W113/><G2/><T55/><D120/><U1/><E1/><V37/><F37/><W101/><G0/><T69/><D79/><U12/><E43/><V25/><F25/><W103/><G113/><T119/><D26/><U131/><E131/><V6/><F6/><N who="1" m="2665" /><E41/><V100/><F100/><W76/><G76/><T78/><D78/><U93/><E53/><V126/><F126/><W59/><G33/><T35/><D35/><U96/><E12/><V57/><AGARI ba="0,1" hai="10,14,16,29,30,31,44,46,47,51,52,57,97,99" machi="57" ten="30,8000,1" yaku="1,1,0,1,8,1,54,2,53,0" doraHai="84" doraHaiUra="63" who="2" fromWho="2" sc="285,-40,203,-20,266,90,236,-20" /><INIT seed="5,0,0,2,5,36" ten="245,183,356,216" oya="1" hai0="7,82,40,72,90,97,47,124,15,4,84,16,62" hai1="81,131,71,33,32,49,46,28,110,66,1,128,114" hai2="8,79,125,20,83,59,88,60,23,86,120,100,129" hai3="41,39,96,91,42,14,12,135,58,103,99,55,108"/><U64/><E1/><V26/><F120/><W126/><G108/><T5/><D124/><U119/><E119/><V117/><F125/><W22/><G39/><T104/><D72/><U121/><E121/><V89/><F129/><N who="1" m="49737" /><E110/><V52/><F117/><W2/><G2/><T93/><D104/><U9/><E114/><V70/><F70/><W87/><G135/><T3/><D62/><N who="1" m="40343" /><E66/><V80/><F100/><W53/><G126/><T21/><D3/><U67/><E67/><V13/><F83/><N who="3" m="49663" /><G55/><T61/><D61/><U102/><E28/><N who="2" m="17479" /><F23/><W75/><G75/><T44/><REACH who="0" step="1"/><D40/><REACH who="0" ten="235,183,356,216" step="2"/><N who="3" m="15465" /><G103/><AGARI ba="0,1" hai="4,5,7,15,16,21,44,47,82,84,90,93,97,103" machi="103" ten="40,5200,0" yaku="1,1,8,1,54,1,53,0" doraHai="36" doraHaiUra="101" who="0" fromWho="3" sc="235,62,183,0,356,0,216,-52" /><INIT seed="6,0,0,5,5,135" ten="297,183,356,164" oya="2" hai0="69,45,98,12,10,121,68,79,78,102,61,116,8" hai1="124,33,65,99,71,29,122,36,37,90,73,62,28" hai2="18,82,75,53,48,77,40,46,119,111,30,81,93" hai3="127,42,7,101,51,125,14,86,47,133,87,129,72"/><V24/><F119/><W57/><G72/><T0/><D121/><U85/><E73/><V112/><F112/><W41/><G133/><T70/><D116/><U52/><E124/><N who="3" m="47690" /><G129/><T120/><D0/><U114/><E114/><V105/><F82/><W49/><G101/><T115/><D115/><U31/><E122/><V63/><F93/><W104/><G104/><T108/><D108/><U23/><E33/><V106/><F18/><W20/><G57/><T128/><D128/><U117/><E99/><V80/><F80/><W1/><G1/><T107/><D98/><U92/><E117/><V118/><F111/><W130/><G130/><T100/><D107/><U88/><E90/><V32/><F118/><W5/><G20/><T89/><D102/><U3/><E3/><V43/><F106/><W103/><G103/><T17/><D70/><U131/><E131/><V34/><F105/><W54/><G42/><T132/><D69/><U134/><E134/><V97/><F34/><W67/><G67/><T94/><D68/><U26/><REACH who="1" step="1"/><E52/><REACH who="1" ten="297,173,356,164" step="2"/><V95/><F53/><W110/><G110/><T126/><D126/><U21/><E21/><V38/><F32/><W64/><G64/><T16/><D132/><U6/><E6/><N who="3" m="2058" /><G14/><T66/><D12/><U60/><E60/><V59/><F63/><W113/><G113/><T27/><D61/><U96/><E96/><V15/><F97/><W9/><G9/><T55/><D10/><U44/><E44/><V56/><F46/><N who="3" m="26063" /><G87/><T13/><D8/><U2/><E2/><V76/><F15/><W109/><G109/><T123/><D13/><RYUUKYOKU ba="0,1" sc="297,-15,173,15,356,-15,164,15" hai1="23,26,28,29,31,36,37,62,65,71,85,88,92" hai3="47,49,54,86" /><INIT seed="7,1,1,2,5,11" ten="282,188,341,179" oya="3" hai0="37,64,29,69,89,20,15,133,22,105,51,27,122" hai1="132,107,12,94,17,36,9,30,53,81,72,66,18" hai2="73,5,116,111,40,28,24,14,95,62,68,103,52" hai3="118,100,101,8,7,45,119,83,3,99,112,109,38"/><W25/><G112/><T77/><D122/><U71/><E107/><V47/><F111/><W125/><G109/><T82/><D37/><U50/><E36/><V0/><F0/><W31/><G125/><T21/><D133/><U135/><E30/><V32/><F73/><W88/><G38/><T16/><D105/><U57/><E94/><V10/><F116/><W102/><G45/><T121/><D121/><U55/><E55/><V98/><F52/><W115/><G115/><T90/><D22/><U130/><E130/><V33/><F62/><W104/><G104/><T26/><D26/><U34/><E34/><V92/><F68/><W6/><G6/><T60/><D51/><U49/><E49/><V58/><F58/><W35/><REACH who="3" step="1"/><G99/><REACH who="3" ten="282,188,341,169" step="2"/><T106/><D106/><U124/><E124/><V54/><F98/><W85/><AGARI ba="1,2" hai="3,7,8,25,31,35,83,85,88,100,101,102,118,119" machi="85" ten="30,11700,0" yaku="1,1,2,1,0,1,54,1,53,0" doraHai="11" doraHaiUra="61" who="3" fromWho="3" sc="282,-40,188,-40,341,-40,169,140" owari="242,-16.0,148,-35.0,301,10.0,309,41.0" /></mjloggm>