<mjloggm ver="2.3"><GO type="169" lobby="0"/><UN n0="%E3%81%84%E3%81%97%E3%81%A5%E3%81%8B" n1="%E7%9F%9B%E7%9B%BE" n2="%43%72%37" n3="%E8%B1%A1" dan="17,16,16,16" rate="2175.48,2074.94,2132.86,2100.16" sx="M,M,M,F"/><TAIKYOKU oya="0"/><INIT seed="0,0,0,1,4,21" ten="250,250,250,250" oya="0" hai0="125,103,28,67,8,4,40,31,96,79,104,48,27" hai1="14,68,49,10,109,61,9,71,51,92,52,128,70" hai2="78,135,101,134,53,73,110,100,97,72,120,38,45" hai3="116,66,132,65,7,124,30,59,89,112,75,122,24"/><T16/><D125/><U126/><E109/><V111/><F120/><W43/><G112/><T33/><D79/><U127/><E128/><V80/><F53/><W62/><G116/><T19/><D31/><U102/><E102/><V117/><F117/><W44/><G124/><N who="1" m="47658" /><E92/><N who="2" m="58407" /><F45/><W130/><G130/><T69/><D40/><U86/><E86/><N who="2" m="48407" /><F101/><W63/><G75/><N who="2" m="28745" /><F38/><W20/><G7/><T34/><D34/><U6/><E10/><V107/><F107/><W35/><G122/><T39/><D39/><U37/><E37/><V32/><F32/><W36/><G35/><T23/><D48/><U25/><E25/><V64/><F64/><W5/><G5/><T82/><D82/><U11/><E11/><V95/><F95/><W105/><G105/><T94/><D94/><U84/><E84/><V108/><AGARI ba="0,0" hai="108,110,111,134,135" m="28745,48407,58407" machi="108" ten="40,5200,0" yaku="14,1,34,2" doraHai="21" who="2" fromWho="2" sc="250,-26,250,-13,250,52,250,-13" /><INIT seed="1,0,0,4,0,71" ten="224,237,302,237" oya="1" hai0="84,2,99,129,65,69,47,76,31,51,73,101,56" hai1="55,22,118,77,124,86,16,123,26,12,98,111,37" hai2="90,89,63,54,34,70,57,96,132,122,115,18,66" hai3="97,6,5,108,88,130,32,114,60,95,126,131,36"/><U33/><E123/><V79/><F122/><W46/><G114/><T44/><D129/><N who="3" m="49161" /><G126/><T68/><D73/><U48/><E118/><V29/><F115/><W105/><G108/><T110/><D2/><U53/><E124/><V27/><F132/><W100/><G32/><T106/><D110/><U117/><E117/><V125/><F125/><W103/><G60/><T23/><D76/><U74/><E74/><V72/><F18/><W128/><N who="3" m="49169" /><W109/><DORA hai="91" /><G109/><T43/><D84/><U81/><E111/><V11/><F11/><W93/><G105/><T3/><D3/><U39/><E98/><V116/><F116/><W78/><G78/><T20/><D47/><U17/><E55/><V30/><F30/><W52/><G103/><T135/><D135/><U58/><E33/><V80/><REACH who="2" step="1"/><F96/><REACH who="2" ten="224,237,292,237" step="2"/><N who="3" m="57383" /><G36/><T24/><D31/><U45/><E58/><V9/><F9/><AGARI ba="0,1" hai="9,12,16,17,22,26,37,39,45,48,53,77,81,86" machi="9" ten="30,11600,0" yaku="7,1,52,2,54,1" doraHai="71,91" who="1" fromWho="2" sc="224,0,237,126,292,-116,237,0" /><INIT seed="1,1,0,1,1,92" ten="224,363,176,237" oya="1" hai0="31,74,55,101,8,119,17,23,126,12,88,39,118" hai1="129,67,93,113,62,59,85,29,135,81,15,65,104" hai2="120,38,54,72,128,57,13,49,78,16,114,32,127" hai3="80,106,9,34,112,11,25,83,66,108,87,95,30"/><U124/><E104/><V75/><F120/><W110/><G106/><T107/><D74/><U123/><E123/><V89/><F127/><W73/><G112/><T7/><D39/><U18/><E113/><V68/><F114/><W121/><G121/><T109/><D109/><N who="3" m="42089" /><G66/><T64/><D126/><U5/><E129/><V43/><F128/><W122/><G122/><T69/><D31/><U98/><E135/><V99/><F32/><W47/><G47/><T94/><D101/><U36/><E36/><V76/><F68/><W82/><G73/><T97/><D107/><U26/><E124/><V45/><F75/><W53/><G53/><T132/><D132/><U22/><E5/><V100/><F89/><AGARI ba="1,0" hai="9,11,25,30,34,80,82,83,87,89,95" m="42089" machi="89" ten="30,1000,0" yaku="14,1" doraHai="92" who="3" fromWho="2" sc="224,0,363,0,176,-13,237,13" /><INIT seed="2,0,0,2,0,87" ten="224,363,163,250" oya="2" hai0="57,109,99,47,58,95,106,38,49,17,122,37,112" hai1="15,135,97,66,22,115,92,28,93,98,9,12,108" hai2="46,119,11,51,14,64,129,8,131,36,68,63,7" hai3="30,31,3,134,34,114,77,113,117,81,78,53,33"/><V88/><F119/><W44/><G117/><T50/><D106/><U73/><E108/><V59/><F11/><W125/><G3/><T85/><D122/><U116/><E135/><V89/><F36/><W48/><G134/><T20/><D112/><N who="3" m="43113" /><G125/><T6/><D109/><U67/><E73/><V39/><F39/><W76/><G81/><T40/><D38/><U90/><E115/><V126/><F68/><W74/><G74/><T26/><D6/><U42/><E42/><V65/><F64/><W16/><G16/><T0/><D0/><U107/><E107/><V54/><F126/><W1/><G1/><T130/><D130/><AGARI ba="0,0" hai="7,8,14,46,51,54,59,63,65,88,89,129,130,131" machi="130" ten="40,12000,1" yaku="19,1,52,2,54,1" doraHai="87" who="2" fromWho="0" sc="224,-120,363,0,163,120,250,0" /><INIT seed="2,1,0,2,0,14" ten="104,363,283,250" oya="2" hai0="68,54,106,85,112,70,51,0,131,52,107,108,80" hai1="77,93,59,67,42,45,82,91,74,35,64,121,133" hai2="126,116,46,81,27,37,71,7,118,75,83,58,88" hai3="117,8,43,123,32,135,109,99,69,60,50,57,12"/><V76/><F71/><W127/><G117/><T1/><D108/><U25/><E133/><V95/><F126/><W101/><G123/><T111/><D111/><U102/><E102/><V56/><F81/><W132/><G109/><T21/><D131/><U33/><E59/><V3/><F27/><W119/><G119/><T92/><D112/><U87/><E121/><V34/><F34/><W110/><G110/><T113/><D113/><U105/><E105/><V38/><F118/><W90/><G32/><T6/><D6/><U15/><E15/><V103/><F103/><W16/><G90/><T55/><D51/><U72/><E72/><V128/><F116/><W66/><G127/><T30/><D92/><U134/><E134/><N who="3" m="51242" /><G43/><T19/><D30/><U44/><E44/><V114/><F128/><W96/><G101/><T78/><D70/><U22/><E33/><V86/><F114/><W104/><G104/><T26/><REACH who="0" step="1"/><D68/><REACH who="0" ten="94,363,283,250" step="2"/><U20/><E93/><V40/><REACH who="2" step="1"/><F37/><REACH who="2" ten="94,363,273,250" step="2"/><W4/><G4/><T41/><D41/><U2/><E42/><V79/><F79/><W29/><G29/><T18/><D18/><U129/><E77/><V98/><F98/><W53/><AGARI ba="1,2" hai="8,12,16,50,53,57,60,66,69,96,99" m="51242" machi="53" ten="30,4000,0" yaku="20,1,52,1,54,1" doraHai="14" who="3" fromWho="3" sc="94,-11,363,-11,273,-21,250,63" /><INIT seed="3,0,0,0,5,129" ten="83,352,252,313" oya="3" hai0="11,135,19,51,7,60,112,61,29,77,17,114,15" hai1="85,35,65,98,122,20,26,55,105,95,83,31,68" hai2="104,42,101,80,74,102,123,47,130,2,89,21,96" hai3="37,88,16,67,25,87,132,73,32,6,119,28,92"/><W113/><G119/><T27/><D77/><U115/><E115/><V133/><F2/><W49/><G113/><N who="0" m="43627" /><D51/><U43/><E122/><V4/><F4/><W39/><G73/><T121/><D121/><U13/><E43/><V84/><F130/><W24/><G6/><T14/><D61/><U70/><E65/><V58/><F133/><W57/><G132/><T0/><D135/><U41/><E41/><V82/><F58/><W44/><G57/><T33/><D60/><U64/><E64/><V90/><F21/><W120/><G67/><T72/><D72/><U34/><E105/><N who="2" m="63655" /><F47/><W1/><G1/><T118/><D118/><U117/><E117/><V63/><F63/><W62/><G62/><T108/><D108/><U110/><E110/><V56/><F56/><W38/><G120/><T22/><D17/><U10/><E55/><V8/><F42/><W12/><G25/><AGARI ba="0,0" hai="0,7,11,14,15,19,22,25,27,29,33" m="43627" machi="25" ten="30,3900,0" yaku="11,1,34,2" doraHai="129" who="0" fromWho="3" sc="83,39,352,0,252,0,313,-39" /><INIT seed="4,0,0,4,1,41" ten="122,352,252,274" oya="0" hai0="128,31,110,69,44,104,4,48,72,30,3,116,25" hai1="108,33,42,38,133,47,18,22,92,20,10,60,36" hai2="106,27,64,45,57,98,21,14,19,8,117,26,43" hai3="5,94,96,114,68,37,7,84,35,103,125,6,55"/><T13/><D128/><U112/><E108/><V101/><F117/><W76/><G114/><T56/><D69/><U16/><E133/><V61/><REACH who="2" step="1"/><F8/><REACH who="2" ten="122,352,242,274" step="2"/><W51/><G125/><T95/><D116/><U50/><E10/><V88/><F88/><W85/><G76/><T74/><D110/><U126/><E126/><V66/><F66/><W17/><G68/><T132/><D132/><U40/><E112/><V97/><F97/><W59/><G35/><T62/><D104/><U89/><E33/><V54/><F54/><W67/><G67/><T93/><D3/><U90/><E22/><V39/><AGARI ba="0,1" hai="14,19,21,26,27,39,43,45,57,61,64,98,101,106" machi="39" ten="20,5200,0" yaku="1,1,0,1,7,1,52,1,53,0" doraHai="41" doraHaiUra="83" who="2" fromWho="2" sc="122,-26,352,-13,242,62,274,-13" /><INIT seed="5,0,0,0,5,70" ten="96,339,304,261" oya="1" hai0="28,111,36,117,86,83,38,69,135,124,65,24,7" hai1="26,45,71,59,123,114,68,99,110,11,10,97,39" hai2="35,81,66,116,31,100,13,60,27,47,16,40,55" hai3="14,42,9,54,79,98,52,57,93,131,58,72,89"/><U4/><E114/><V1/><F116/><W50/><G131/><T19/><D117/><U8/><E123/><V127/><F127/><W87/><G42/><T12/><D111/><U76/><E4/><V32/><F1/><W113/><G113/><T132/><D124/><U51/><E76/><V46/><F35/><W34/><G34/><T122/><D7/><U78/><E78/><V30/><F31/><W41/><G41/><T75/><D75/><U84/><E84/><V23/><F100/><W63/><G72/><T61/><D122/><U56/><E26/><V5/><F5/><W17/><G79/><T96/><D96/><AGARI ba="0,0" hai="9,14,17,50,52,54,57,58,63,87,89,93,96,98" machi="96" ten="40,2600,0" yaku="8,1,54,1" doraHai="70" who="3" fromWho="0" sc="96,-26,339,0,304,0,261,26" /><INIT seed="6,0,0,4,0,37" ten="70,339,304,287" oya="2" hai0="38,92,96,22,91,100,97,1,88,63,59,32,4" hai1="71,31,102,30,114,81,24,132,33,93,128,42,69" hai2="12,21,7,122,126,15,20,76,75,123,26,124,48" hai3="80,29,23,127,47,44,19,95,77,131,87,28,73"/><V116/><F75/><W34/><G131/><T115/><D115/><U129/><E114/><V62/><F76/><W41/><G127/><N who="2" m="48681" /><F62/><W118/><G118/><T50/><D32/><U14/><E31/><N who="2" m="17863" /><F48/><W112/><G112/><T101/><D1/><U68/><E132/><V40/><F40/><W99/><G34/><T104/><D4/><U70/><E81/><V49/><F49/><N who="3" m="26767" /><G47/><T36/><D22/><U82/><E82/><V35/><F35/><W10/><G10/><T27/><D27/><U79/><E79/><V121/><F116/><W3/><G3/><T5/><D5/><U83/><E83/><V67/><F67/><W133/><G133/><T125/><D125/><U84/><E14/><N who="2" m="5163" /><F7/><W94/><G94/><T2/><D36/><U90/><E102/><V135/><F21/><W105/><G105/><T45/><D38/><U109/><E71/><V72/><F72/><W107/><G107/><T54/><REACH who="0" step="1"/><D2/><REACH who="0" ten="60,339,304,287" step="2"/><U39/><E39/><V6/><F6/><W134/><G134/><AGARI ba="0,1" hai="121,122,123,134,135" m="5163,17863,48681" machi="134" ten="40,7700,0" yaku="18,1,34,2" doraHai="37" who="2" fromWho="3" sc="60,0,339,0,304,87,287,-77" /><INIT seed="6,1,0,4,0,106" ten="60,339,391,210" oya="2" hai0="88,19,105,0,82,89,132,5,71,101,40,98,42" hai1="67,29,2,41,117,122,95,16,114,85,61,110,104" hai2="58,31,33,118,68,8,26,87,102,120,97,55,48" hai3="76,92,21,113,91,24,49,28,60,39,116,54,129"/><V30/><F120/><W27/><G116/><T36/><D132/><U107/><E110/><V123/><F123/><W126/><G126/><T57/><D71/><U22/><E114/><V56/><F118/><W79/><G113/><T80/><D5/><U83/><E2/><V93/><F68/><W109/><G39/><T11/><D0/><U4/><E4/><V63/><F8/><W47/><G129/><T25/><D36/><U72/><E41/><V18/><F87/><W112/><G112/><T12/><D25/><U127/><E29/><V128/><F128/><W124/><G124/><T38/><D38/><U50/><E117/><V17/><F31/><W108/><G108/><T51/><D80/><U100/><E50/><V35/><F33/><W10/><G10/><T121/><D121/><U52/><E127/><V133/><F133/><W75/><G75/><T131/><D131/><U69/><E52/><AGARI ba="1,0" hai="17,18,26,30,35,48,52,55,56,58,63,93,97,102" machi="52" ten="30,2900,0" yaku="7,1,54,1" doraHai="106" who="2" fromWho="1" sc="60,0,339,-32,391,32,210,0" /><INIT seed="6,2,0,5,5,68" ten="60,307,423,210" oya="2" hai0="122,133,99,40,17,24,78,58,112,52,110,77,80" hai1="111,59,106,3,71,11,41,38,16,37,42,93,102" hai2="44,69,86,92,113,27,30,28,50,123,135,118,131" hai3="120,116,100,74,25,29,22,39,130,84,67,105,66"/><V2/><F123/><W63/><G116/><T14/><D112/><U62/><E111/><V97/><F113/><W36/><G120/><T98/><D133/><U1/><E93/><V61/><F2/><W90/><G74/><T95/><D110/><U54/><E71/><V81/><F131/><W85/><G130/><T33/><D122/><U65/><E65/><V21/><F135/><W13/><G84/><T15/><D40/><U107/><E102/><V23/><F61/><W56/><G66/><T117/><D117/><U12/><E42/><V26/><F69/><W132/><G132/><T76/><D80/><U89/><E41/><V48/><F44/><W49/><G49/><T126/><D126/><U7/><E89/><N who="2" m="51407" /><F118/><W43/><G43/><T6/><D6/><U20/><REACH who="1" step="1"/><E3/><REACH who="1" ten="60,297,423,210" step="2"/><V83/><F83/><W79/><G100/><AGARI ba="2,1" hai="21,23,26,27,28,30,48,50,92,97,100" m="51407" machi="100" ten="30,1500,0" yaku="8,1" doraHai="68" who="2" fromWho="3" sc="60,0,297,0,423,31,210,-21" /><INIT seed="6,3,0,1,4,108" ten="60,297,454,189" oya="2" hai0="100,3,57,46,106,30,47,45,128,43,110,11,126" hai1="78,123,59,122,117,83,73,82,87,72,35,97,92" hai2="66,104,8,116,107,105,77,65,69,86,60,34,14" hai3="41,31,130,53,68,7,28,44,37,120,22,21,131"/><V38/><F116/><W54/><G120/><N who="1" m="46122" /><E35/><V75/><F86/><W70/><G7/><T56/><D43/><U23/><E23/><V19/><F38/><W24/><G68/><T124/><D110/><U91/><E59/><V127/><F34/><W118/><G70/><T2/><D106/><U74/><E117/><V61/><F77/><AGARI ba="3,0" hai="72,73,74,77,78,82,83,87,91,92,97" m="46122" machi="77" ten="30,3900,0" yaku="13,1,34,2" doraHai="108" who="1" fromWho="2" sc="60,0,297,48,454,-48,189,0" /><INIT seed="7,0,0,4,2,60" ten="60,345,406,189" oya="3" hai0="101,2,62,58,24,102,86,107,9,48,121,84,7" hai1="13,111,65,74,104,120,68,78,56,92,122,18,35" hai2="49,69,15,83,115,31,34,1,27,55,40,109,114" hai3="52,90,71,124,95,44,127,54,125,135,32,88,66"/><W57/><G32/><T91/><D121/><U99/><E111/><V130/><F109/><W87/><G135/><T70/><D70/><U26/><E56/><V67/><F1/><W132/><G132/><T46/><D107/><U113/><E113/><N who="2" m="43019" /><F130/><W21/><G21/><T19/><D84/><U98/><E78/><V17/><F83/><N who="3" m="49279" /><G44/><T80/><D24/><U103/><E74/><V117/><F117/><W93/><G71/><T22/><D22/><U77/><E77/><V6/><F6/><W12/><G12/><T64/><D7/><U14/><E14/><V47/><F67/><W29/><G29/><T36/><D36/><U133/><E133/><V43/><F69/><W30/><G30/><T116/><D2/><U118/><E118/><V105/><F105/><W96/><G93/><T72/><D72/><U42/><E42/><V128/><F128/><W53/><G66/><T10/><D10/><AGARI ba="0,0" hai="10,15,17,27,31,34,40,43,47,49,55" m="43019" machi="10" ten="30,1000,0" yaku="15,1" doraHai="60" who="2" fromWho="0" sc="60,-10,345,0,406,10,189,0" owari="50,-45.0,345,15.0,416,51.0,189,-21.0" /></mjloggm>