<mjloggm ver="2.3"><GO type="185" lobby="0"/><UN n0="%4E%45%47%49%54%53" n1="%77%61%77%61%33%30%33%30" n2="%E3%81%A0%E3%81%83" n3="" dan="18,16,16,0" rate="2332.98,2142.91,2154.04,1500.00" sx="F,M,M,C"/><TAIKYOKU oya="0"/><INIT seed="0,0,0,3,2,78" ten="350,350,350,0" oya="0" hai0="40,131,46,90,107,130,103,125,77,112,102,123,36" hai1="39,120,129,116,50,52,85,94,91,33,113,82,37" hai2="84,115,69,93,104,35,132,79,72,49,61,1,99" hai3=""/><T114/><N who="0" m="31520" /><T86/><D77/><U42/><N who="1" m="30752" /><U58/><E116/><V56/><F1/><T67/><D67/><U62/><E129/><N who="0" m="49161" /><D125/><U133/><E133/><V53/><F115/><N who="0" m="44074" /><D107/><U118/><E118/><V43/><F35/><T60/><D60/><U63/><E33/><V47/><F132/><T74/><D74/><U121/><N who="1" m="31008" /><U59/><E113/><V106/><F72/><T48/><D36/><U55/><E94/><AGARI ba="0,0" hai="40,46,48,86,90,94,102,103" m="44074,49161,31520" machi="94" ten="30,2900,0" yaku="19,1,52,1" doraHai="78" who="0" fromWho="1" sc="350,29,350,-29,350,0,0,0" /><INIT seed="0,1,0,0,4,44" ten="379,321,350,0" oya="0" hai0="33,129,66,35,38,85,68,96,65,50,113,83,0" hai1="130,57,117,124,98,119,97,95,54,127,37,34,74" hai2="82,47,105,70,121,63,36,1,123,134,45,61,49" hai3=""/><T102/><D113/><U128/><E34/><V114/><N who="2" m="31008" /><V107/><N who="2" m="31520" /><V48/><F1/><T39/><D0/><U111/><E37/><V133/><F36/><T92/><D129/><N who="1" m="49771" /><E57/><V69/><F82/><T59/><D38/><U101/><E54/><V91/><F91/><T76/><D39/><U42/><E42/><V81/><F81/><T78/><D78/><U126/><E74/><V84/><F84/><T108/><D108/><U46/><E46/><V41/><F41/><T88/><D68/><U3/><E3/><V131/><F131/><T80/><D66/><U67/><E67/><V71/><F70/><T2/><D2/><U103/><E111/><V53/><F53/><T75/><REACH who="0" step="1"/><D50/><REACH who="0" ten="369,321,350,0" step="2"/><U58/><E58/><V99/><F114/><T116/><D116/><U87/><E87/><V112/><F112/><T32/><D32/><U122/><N who="1" m="31264" /><U79/><E79/><V110/><F110/><T40/><D40/><U89/><E98/><AGARI ba="1,1" hai="45,47,48,49,61,63,69,71,98,99,105,107,133,134" m="31520,31008" machi="98" ten="25,12000,2" yaku="22,2,52,4" doraHai="44" who="2" fromWho="1" sc="369,0,321,-122,350,132,0,0" /><INIT seed="1,0,0,1,0,101" ten="369,199,482,0" oya="1" hai0="116,96,3,33,2,90,49,43,105,79,41,50,102" hai1="121,78,106,62,80,73,72,86,122,113,118,111,64" hai2="117,100,36,133,0,38,74,71,124,98,128,115,109" hai3=""/><U75/><N who="1" m="31008" /><U34/><N who="1" m="31264" /><U67/><E113/><V56/><F98/><T132/><D33/><U93/><E118/><V110/><F100/><T104/><D116/><U103/><E34/><V87/><F87/><T66/><D132/><U127/><E127/><V84/><F84/><T123/><N who="0" m="31520" /><T135/><D135/><U81/><E111/><V32/><F56/><T89/><D102/><U47/><E67/><V58/><F58/><T51/><D66/><U126/><E126/><V131/><F38/><T112/><D112/><U107/><E80/><V85/><F85/><T120/><N who="0" m="30752" /><T95/><D79/><U37/><E93/><V91/><F91/><N who="0" m="34826" /><D96/><U61/><E103/><V59/><F110/><T134/><D134/><U35/><E35/><V83/><F109/><T44/><D44/><U39/><E62/><V119/><F115/><T52/><D52/><U114/><E114/><V60/><F124/><T99/><D99/><U94/><E94/><V68/><F32/><T125/><D125/><U69/><REACH who="1" step="1"/><E39/><REACH who="1" ten="369,189,482,0" step="2"/><V76/><F36/><T46/><D95/><U108/><E108/><V53/><F133/><T48/><D46/><U65/><E65/><V40/><F83/><T55/><N who="0" m="12288" /><DORA hai="54" /><T77/><D55/><RYUUKYOKU ba="0,1" sc="369,-10,189,20,482,-10,0,0" hai1="37,47,61,64,69,72,73,75,78,81,86,106,107" /><INIT seed="1,1,1,3,1,112" ten="359,209,472,0" oya="1" hai0="46,81,117,87,114,108,128,56,0,105,125,32,113" hai1="68,78,89,63,82,86,57,52,73,38,70,51,58" hai2="91,72,37,36,99,47,119,43,124,59,79,134,116" hai3=""/><U130/><E130/><V90/><F37/><T92/><D105/><U34/><E38/><V88/><F134/><T135/><D128/><U84/><E34/><V127/><F99/><T80/><D0/><U77/><E73/><V54/><F79/><T102/><D32/><U95/><REACH who="1" step="1"/><E78/><REACH who="1" ten="359,199,472,0" step="2"/><V100/><F72/><T101/><D114/><U40/><E40/><V44/><F43/><T39/><D113/><U93/><E93/><V3/><F36/><T103/><D39/><U33/><E33/><V85/><F3/><T64/><D92/><U66/><AGARI ba="1,2" hai="51,52,57,58,63,66,68,70,77,82,84,86,89,95" machi="66" ten="20,5200,0" yaku="1,1,0,1,7,1,54,1,53,0" doraHai="112" doraHaiUra="123" who="1" fromWho="1" sc="359,-27,199,74,472,-27,0,0" /><INIT seed="1,2,0,0,3,76" ten="332,273,445,0" oya="1" hai0="99,33,2,128,62,35,113,82,3,59,112,34,88" hai1="125,55,104,67,130,51,71,115,85,43,63,50,103" hai2="32,114,61,95,77,126,81,78,132,117,92,56,109" hai3=""/><U98/><E115/><V134/><F117/><T54/><D128/><U65/><E130/><V105/><F109/><T89/><D113/><U36/><E125/><V75/><F32/><T102/><D112/><U45/><E67/><V108/><F114/><T0/><REACH who="0" step="1"/><D82/><REACH who="0" ten="322,273,445,0" step="2"/><U72/><E72/><V94/><F126/><T86/><D86/><U84/><REACH who="1" step="1"/><E51/><REACH who="1" ten="322,263,445,0" step="2"/><V122/><F75/><T106/><AGARI ba="2,2" hai="0,2,3,33,34,35,54,59,62,88,89,99,102,106" machi="106" ten="40,3900,0" yaku="1,1,0,1,54,1,53,0" doraHai="76" doraHaiUra="119" who="0" fromWho="0" sc="322,63,263,-28,445,-15,0,0" /><INIT seed="2,0,0,3,2,135" ten="385,235,430,0" oya="2" hai0="77,48,1,41,114,74,38,78,120,129,79,63,128" hai1="37,109,59,65,103,93,117,88,123,119,53,54,86" hai2="90,50,122,0,106,57,107,96,43,83,125,35,67" hai3=""/><V40/><N who="2" m="31264" /><V46/><F0/><T62/><N who="0" m="30752" /><T132/><D1/><U98/><N who="1" m="31520" /><U133/><E133/><V66/><F35/><T116/><D132/><U45/><E109/><V58/><F125/><T44/><D116/><N who="1" m="44619" /><E65/><V92/><F83/><T113/><D74/><U52/><E37/><V80/><F80/><T71/><D38/><U134/><E45/><V81/><F81/><T47/><D47/><U110/><E110/><V91/><F46/><T68/><D63/><U99/><E134/><V69/><F50/><T42/><D62/><U34/><E99/><V127/><F96/><T111/><D111/><U56/><E34/><V36/><F36/><T51/><D79/><U89/><E89/><V85/><F85/><T130/><D44/><U100/><E100/><V104/><F104/><AGARI ba="0,0" hai="52,53,54,56,59,86,88,93,98,103,104" m="44619,31520" machi="104" ten="30,7700,0" yaku="12,1,52,1,54,2" doraHai="135" who="1" fromWho="2" sc="385,0,235,77,430,-77,0,0" /><INIT seed="4,0,0,0,0,50" ten="385,312,353,0" oya="0" hai0="93,47,122,65,58,86,98,87,124,57,45,131,77" hai1="55,112,129,39,69,42,96,90,106,61,36,97,91" hai2="56,81,62,95,128,123,3,1,80,54,2,110,73" hai3=""/><T68/><N who="0" m="31264" /><T75/><D75/><U71/><E129/><V92/><N who="2" m="31520" /><V132/><F110/><T64/><D131/><U99/><E42/><V111/><F111/><T105/><D105/><U134/><E106/><V88/><F128/><T114/><D68/><U40/><E40/><V113/><F113/><T115/><D124/><U67/><E112/><N who="0" m="43049" /><D58/><U133/><E55/><V101/><F132/><N who="1" m="50793" /><E69/><V127/><F127/><T107/><D107/><U85/><E91/><V109/><F109/><T70/><D70/><U33/><E33/><V121/><N who="2" m="31008" /><V74/><F101/><T35/><D35/><U118/><E118/><V76/><F88/><T53/><D64/><U103/><E103/><V116/><F116/><T41/><D65/><U37/><E37/><V94/><F2/><T119/><D119/><U46/><E46/><N who="0" m="17417" /><D41/><U43/><E43/><V51/><F1/><T84/><D77/><U117/><E117/><V83/><F3/><T32/><D32/><U79/><E79/><V130/><F130/><T104/><D104/><U102/><E102/><V108/><F108/><T48/><D93/><AGARI ba="0,0" hai="36,39,61,67,71,85,90,93,96,97,99" m="50793" machi="93" ten="30,1000,0" yaku="20,1" doraHai="50" who="1" fromWho="0" sc="385,-10,312,10,353,0,0,0" /><INIT seed="5,0,0,0,0,107" ten="375,322,353,0" oya="1" hai0="123,99,85,102,37,121,118,75,114,78,62,48,73" hai1="53,103,32,120,108,109,33,110,127,74,60,35,115" hai2="72,81,66,117,58,2,132,129,98,135,40,94,97" hai3=""/><U90/><N who="1" m="30752" /><U0/><E0/><V54/><F117/><T133/><N who="0" m="31008" /><T61/><N who="0" m="31520" /><T51/><D37/><U91/><E115/><V41/><F2/><T45/><D114/><U34/><N who="1" m="8192" /><DORA hai="83" /><U126/><E103/><V56/><F129/><T65/><D133/><N who="2" m="51274" /><F66/><T49/><D118/><U52/><E74/><V87/><F58/><T36/><D62/><U39/><E39/><V80/><F80/><T105/><D85/><U113/><E113/><V57/><F57/><T128/><D128/><U70/><E70/><V131/><F131/><T42/><REACH who="0" step="1"/><D78/><REACH who="0" ten="365,322,353,0" step="2"/><U59/><REACH who="1" step="1"/><E53/><REACH who="1" ten="365,312,353,0" step="2"/><V100/><F54/><T104/><D104/><U47/><E47/><V69/><F69/><AGARI ba="0,2" hai="36,42,45,48,49,51,61,65,69,73,75,99,102,105" m="31520,31008" machi="69" ten="40,8000,1" yaku="1,1,52,4,53,0" doraHai="107,83" doraHaiUra="77,82" who="0" fromWho="2" sc="365,100,312,0,353,-80,0,0" /><INIT seed="6,0,0,1,3,63" ten="465,312,273,0" oya="2" hai0="2,61,119,96,111,78,66,127,69,32,54,91,77" hai1="88,67,60,134,82,99,75,94,129,92,90,83,97" hai2="100,68,38,49,103,131,48,116,51,36,1,115,44" hai3=""/><V64/><F1/><T128/><D32/><U81/><E129/><V93/><F131/><T126/><D119/><U59/><E134/><V135/><F116/><T98/><D111/><U80/><N who="1" m="20480" /><DORA hai="65" /><U121/><N who="1" m="31008" /><U55/><E75/><V46/><F115/><T122/><N who="0" m="31264" /><T57/><D2/><U53/><AGARI ba="0,0" hai="53,55,59,60,67,88,90,92,94,97,99" m="31008,20480" machi="53" ten="40,9000,2" yaku="0,1,9,1,8,1,52,2,54,1" doraHai="63,65" who="1" fromWho="1" sc="465,-30,312,90,273,-60,0,0" owari="435,39.0,402,0.0,213,-39.0,0,0.0" /></mjloggm>