<mjloggm ver="2.3"><GO type="185" lobby="0"/><UN n0="%E9%80%9F%E8%A6%8B%E5%B9%B8%E4%B8%80" n1="%7A%6B%75%72%74" n2="%4D%45%42%49%55%53" n3="" dan="17,18,16,0" rate="2053.07,2267.96,2200.74,1500.00" sx="M,M,F,C"/><TAIKYOKU oya="0"/><INIT seed="0,0,0,4,4,70" ten="350,350,350,0" oya="0" hai0="105,95,74,110,128,81,100,106,58,120,129,78,82" hai1="96,113,122,88,32,76,66,69,55,79,94,92,51" hai2="80,126,40,114,46,75,87,2,56,73,77,34,1" hai3=""/><T59/><N who="0" m="30752" /><T86/><D59/><U108/><N who="1" m="31264" /><U134/><E32/><V125/><F114/><T64/><D64/><U62/><E108/><V91/><F56/><T109/><D58/><U104/><E104/><N who="0" m="40041" /><D95/><U72/><E113/><V42/><F34/><T93/><D93/><U54/><E134/><V48/><F40/><T71/><D100/><U124/><E124/><N who="2" m="47723" /><F73/><T117/><D117/><U37/><E72/><V84/><F75/><T111/><D71/><U33/><E33/><V112/><F112/><T63/><D63/><U121/><N who="1" m="31008" /><U47/><E55/><V35/><F35/><T52/><D52/><U41/><E94/><AGARI ba="0,0" hai="1,2,42,46,48,77,80,84,87,91,94" m="47723" machi="94" ten="30,1000,0" yaku="18,1" doraHai="70" who="2" fromWho="1" sc="350,0,350,-10,350,10,0,0" /><INIT seed="1,0,0,0,3,118" ten="350,340,360,0" oya="1" hai0="102,44,46,68,40,113,45,67,84,56,121,78,85" hai1="98,88,58,62,60,64,106,39,135,91,133,2,126" hai2="32,103,109,99,35,134,75,49,119,120,111,61,69" hai3=""/><U87/><E2/><V55/><N who="2" m="30752" /><V86/><F119/><T70/><N who="0" m="31008" /><T104/><D113/><U117/><E117/><V38/><F75/><T47/><D56/><U48/><E39/><V131/><F38/><T3/><D3/><U52/><E126/><V124/><F124/><T123/><N who="0" m="31520" /><T72/><D72/><U80/><E62/><V125/><F86/><T94/><D104/><U0/><E0/><V77/><F77/><T129/><D129/><U42/><E42/><V96/><F96/><T130/><D130/><U65/><E65/><V122/><N who="2" m="31264" /><V83/><F83/><T53/><D53/><U34/><E34/><V74/><F74/><T82/><D67/><U51/><E51/><V71/><F125/><T81/><D94/><U79/><E106/><V36/><F131/><T76/><D102/><U59/><REACH who="1" step="1"/><E98/><REACH who="1" ten="350,330,360,0" step="2"/><V100/><F99/><T101/><D101/><U92/><E92/><V57/><F100/><T110/><D110/><U107/><E107/><V114/><F103/><T90/><D90/><AGARI ba="0,1" hai="48,52,58,59,60,64,79,80,87,88,90,91,133,135" machi="90" ten="40,7700,0" yaku="1,1,54,2,53,0" doraHai="118" doraHaiUra="105" who="1" fromWho="0" sc="350,-77,330,87,360,0,0,0" /><INIT seed="1,1,0,5,2,44" ten="273,417,360,0" oya="1" hai0="57,33,1,122,97,64,35,92,32,58,67,96,111" hai1="107,71,113,102,40,50,100,63,127,78,119,117,82" hai2="115,106,133,34,110,79,59,93,105,73,85,48,118" hai3=""/><U101/><E113/><V123/><N who="2" m="31520" /><V108/><F118/><T72/><N who="0" m="31264" /><T65/><D1/><U124/><E107/><V51/><F34/><T135/><D72/><U38/><E38/><V76/><F115/><T88/><D111/><N who="2" m="42538" /><F133/><T90/><D135/><U121/><N who="1" m="31008" /><U41/><E71/><V125/><F125/><N who="1" m="48201" /><E63/><V86/><F73/><T42/><D42/><N who="1" m="16491" /><E50/><N who="2" m="18987" /><F59/><T89/><D92/><U43/><N who="1" m="16499" /><U77/><DORA hai="95" /><E77/><N who="2" m="29771" /><F93/><T61/><D61/><U75/><AGARI ba="1,0" hai="75,78,82,100,101,102,117,119" m="16499,48201,31008" machi="75" ten="40,2600,0" yaku="18,1,52,1" doraHai="44,95" who="1" fromWho="1" sc="273,-14,417,28,360,-14,0,0" /><INIT seed="1,2,0,4,0,131" ten="259,445,346,0" oya="1" hai0="51,32,112,111,96,77,74,81,86,33,87,0,78" hai1="97,72,68,125,115,64,92,39,46,89,88,42,70" hai2="114,53,35,49,61,60,34,124,129,75,66,128,113" hai3=""/><U71/><E115/><N who="2" m="44043" /><F75/><T76/><D0/><U54/><E125/><V38/><F124/><T94/><D112/><U84/><E72/><V40/><F34/><T101/><D33/><U63/><REACH who="1" step="1"/><E54/><REACH who="1" ten="259,435,346,0" step="2"/><V41/><F35/><T123/><D32/><U65/><E65/><V122/><N who="2" m="31264" /><V47/><F40/><T56/><N who="0" m="31520" /><T133/><D74/><U37/><E37/><V98/><F66/><T36/><D36/><U99/><E99/><V100/><F128/><T126/><D126/><U116/><E116/><V117/><F129/><T90/><D96/><U59/><E59/><V2/><F117/><T108/><D56/><U102/><E102/><V134/><F2/><T127/><D101/><U45/><E45/><V120/><N who="2" m="30752" /><V43/><F43/><T104/><D127/><U130/><E130/><V57/><F98/><T93/><D108/><U58/><E58/><V119/><F100/><T73/><D111/><U121/><N who="1" m="31008" /><U85/><E85/><V44/><F119/><T3/><D87/><U69/><E69/><V110/><F110/><T1/><D73/><U105/><E105/><V50/><F38/><T80/><D104/><U103/><E103/><V132/><F57/><T109/><D109/><U106/><E106/><RYUUKYOKU ba="2,1" sc="259,-20,435,10,346,10,0,0" hai1="39,42,46,63,64,68,70,71,84,88,89,92,97" hai2="41,44,47,49,50,53,60,61,132,134" /><INIT seed="1,3,1,0,0,83" ten="239,445,356,0" oya="1" hai0="115,81,64,0,102,76,33,116,37,100,51,86,48" hai1="112,88,125,99,95,42,123,2,97,74,44,68,62" hai2="129,50,135,34,66,40,128,94,73,80,72,121,54" hai3=""/><U36/><N who="1" m="31520" /><U101/><E112/><V39/><N who="2" m="31008" /><V85/><F34/><T87/><D0/><U126/><E2/><V45/><F135/><T120/><N who="0" m="30752" /><T69/><D37/><U106/><REACH who="1" step="1"/><E74/><REACH who="1" ten="239,435,356,0" step="2"/><V56/><F72/><T127/><D115/><U84/><E84/><V98/><F73/><T67/><D87/><U60/><E60/><V65/><F129/><T113/><D86/><U107/><E107/><V58/><F128/><T131/><D113/><U132/><E132/><V133/><F133/><T57/><D131/><U78/><E78/><V41/><F85/><T103/><D76/><U43/><E43/><V92/><F40/><T110/><D33/><U122/><N who="1" m="31264" /><U134/><E134/><V108/><F41/><T46/><D81/><U124/><E124/><V32/><F80/><T75/><D127/><U89/><E89/><V63/><F32/><T53/><D75/><U90/><E90/><V77/><F77/><T130/><D130/><U119/><E119/><V93/><F93/><T105/><D116/><U82/><E82/><V1/><F94/><T117/><D117/><U96/><E96/><V3/><F92/><T47/><D105/><U104/><E104/><V61/><F98/><T114/><D114/><RYUUKYOKU ba="3,2" sc="239,-10,435,20,356,-10,0,0" hai1="36,42,44,62,68,88,95,97,99,101,106,125,126" /><INIT seed="1,4,2,1,5,43" ten="229,455,346,0" oya="1" hai0="39,55,37,54,59,97,68,91,115,89,74,113,121" hai1="129,135,53,1,79,93,46,114,61,123,104,130,84" hai2="106,56,83,32,60,82,57,3,110,51,65,76,34" hai3=""/><U103/><N who="1" m="31520" /><U80/><E114/><V133/><F3/><T134/><N who="0" m="31008" /><T41/><D74/><U125/><E1/><V45/><F110/><T101/><D68/><U94/><E135/><V127/><F133/><T70/><D70/><U40/><E125/><V88/><F127/><T112/><D134/><U119/><E119/><V36/><F106/><T100/><D115/><U66/><E53/><V131/><F57/><T35/><D59/><U67/><E104/><V120/><N who="2" m="30752" /><V92/><F36/><T71/><D71/><U69/><E67/><V75/><F82/><T86/><D86/><U87/><E87/><V78/><F78/><T124/><D97/><U44/><E103/><V48/><F131/><N who="1" m="50185" /><E46/><V108/><F108/><T49/><D124/><U116/><E116/><V52/><F48/><AGARI ba="4,2" hai="40,44,48,61,66,69,79,80,84,93,94" m="50185,31520" machi="48" ten="30,5800,0" yaku="19,1,52,2" doraHai="43" who="1" fromWho="2" sc="229,0,455,86,346,-66,0,0" /><INIT seed="1,5,0,2,0,46" ten="229,541,280,0" oya="1" hai0="38,56,50,95,118,74,89,94,117,33,122,125,110" hai1="84,97,126,32,115,61,105,59,64,114,76,107,60" hai2="112,39,121,98,44,111,127,91,120,69,65,102,104" hai3=""/><U99/><E32/><V3/><N who="2" m="30752" /><V53/><N who="2" m="31008" /><V37/><F111/><T116/><N who="0" m="31264" /><T134/><D33/><U78/><E84/><V77/><F3/><T75/><D38/><U130/><E59/><V86/><F127/><T119/><D119/><U131/><REACH who="1" step="1"/><E64/><REACH who="1" ten="229,531,280,0" step="2"/><V63/><F112/><T128/><D56/><U71/><E71/><V96/><F69/><T62/><D118/><U129/><E129/><V45/><F65/><T1/><D128/><U41/><E41/><V47/><F47/><T34/><D34/><U49/><E49/><V133/><F44/><T123/><D50/><U85/><E85/><V88/><F45/><T135/><D123/><U92/><E92/><V103/><F86/><T106/><D95/><U81/><E81/><V36/><F36/><T73/><D94/><U43/><E43/><V90/><F37/><T40/><D40/><U79/><E79/><V124/><F77/><T2/><D117/><U55/><E55/><V52/><F52/><T57/><D57/><U0/><E0/><V108/><F53/><T83/><D116/><U113/><E113/><V58/><F58/><T82/><D2/><U100/><E100/><V72/><F103/><T93/><D1/><U132/><E132/><RYUUKYOKU ba="5,1" sc="229,-10,531,20,280,-10,0,0" hai1="60,61,76,78,97,99,105,107,114,115,126,130,131" /><INIT seed="1,6,1,3,3,41" ten="219,551,270,0" oya="1" hai0="83,65,66,103,76,73,72,46,127,102,60,64,55" hai1="115,32,57,123,116,39,92,100,91,71,93,2,111" hai2="107,105,49,33,81,34,43,53,84,47,120,106,58" hai3=""/><U70/><N who="1" m="31520" /><U78/><E32/><V108/><N who="2" m="30752" /><V97/><F97/><T112/><D112/><U99/><E2/><V109/><F33/><T54/><D73/><U95/><E115/><V124/><F124/><T45/><D127/><U132/><E116/><V69/><F69/><T3/><D3/><U52/><E132/><V114/><F114/><T63/><D72/><U88/><E39/><V104/><N who="2" m="26624" /><DORA hai="119" /><V122/><N who="2" m="31264" /><V135/><F135/><T36/><D36/><U67/><E111/><N who="2" m="42571" /><F34/><T118/><D118/><U68/><E78/><V1/><F1/><T131/><D76/><U113/><E113/><V80/><F84/><T51/><D131/><U77/><E99/><V134/><F134/><T75/><D75/><U90/><E100/><N who="0" m="38441" /><D83/><U98/><E98/><V50/><AGARI ba="6,1" hai="43,47,49,50,53,58,80,81" m="42571,31264,26624,30752" machi="50" ten="60,9000,2" yaku="14,1,52,5" doraHai="41,119" who="2" fromWho="2" sc="219,-36,551,-66,270,112,0,0" /><INIT seed="2,0,0,3,0,70" ten="183,485,382,0" oya="2" hai0="134,40,83,67,77,82,52,48,110,99,51,86,95" hai1="116,112,61,107,93,72,131,78,111,132,47,79,125" hai2="121,84,88,129,56,42,80,104,118,92,127,114,89" hai3=""/><V0/><N who="2" m="31008" /><V53/><F114/><T50/><D110/><U32/><E61/><V71/><F118/><T100/><D134/><U1/><E47/><V113/><F113/><T39/><D67/><U2/><E93/><V75/><F0/><T59/><D40/><U126/><E79/><V37/><F129/><T106/><D83/><U68/><E78/><V54/><F127/><T108/><D108/><U76/><E76/><V73/><F104/><T58/><D39/><U69/><E2/><V123/><N who="2" m="31520" /><V122/><N who="2" m="31264" /><V63/><F71/><T3/><D3/><U102/><E102/><V96/><REACH who="2" step="1"/><F54/><REACH who="2" ten="183,485,372,0" step="2"/><T103/><REACH who="0" step="1"/><D52/><REACH who="0" ten="173,485,372,0" step="2"/><U65/><E125/><V55/><F55/><T49/><N who="0" m="12288" /><DORA hai="36" /><T97/><AGARI ba="0,2" hai="58,59,77,82,86,95,97,99,100,103,106" m="12288" machi="97" ten="40,3900,0" yaku="1,1,4,1,0,1,53,0" doraHai="70,36" doraHaiUra="119,43" who="0" fromWho="0" sc="173,59,485,-13,372,-26,0,0" /><INIT seed="4,0,0,2,5,102" ten="232,472,346,0" oya="0" hai0="109,124,81,128,119,53,108,41,56,134,36,107,57" hai1="70,2,131,76,100,78,51,133,74,34,111,82,44" hai2="61,49,97,75,95,112,63,64,120,39,118,117,86" hai3=""/><T69/><D119/><N who="2" m="45578" /><F75/><T88/><D69/><U54/><E111/><N who="0" m="42569" /><D134/><U3/><E34/><V33/><N who="2" m="30752" /><V104/><F33/><T67/><D128/><U45/><E131/><V66/><F39/><T91/><D124/><U42/><E133/><V77/><F112/><T127/><D127/><U1/><E70/><V96/><F49/><T121/><N who="0" m="31008" /><T62/><D107/><U80/><E100/><V58/><F104/><T55/><D81/><U129/><E129/><V132/><F132/><T46/><D67/><U89/><E89/><V99/><F77/><T92/><D92/><U50/><E2/><V94/><F86/><AGARI ba="0,0" hai="1,3,42,44,45,50,51,54,74,76,78,80,82,86" machi="86" ten="30,1000,0" yaku="7,1" doraHai="102" who="1" fromWho="2" sc="232,0,472,10,346,-10,0,0" /><INIT seed="5,0,0,5,0,123" ten="232,482,336,0" oya="1" hai0="95,43,54,120,32,42,104,127,63,88,92,56,113" hai1="110,111,114,105,73,78,100,75,134,129,112,97,102" hai2="108,106,82,125,94,86,44,81,90,61,116,130,99" hai3=""/><U2/><E2/><V48/><F116/><T135/><N who="0" m="30752" /><T52/><D32/><U57/><E134/><V109/><F130/><T133/><D104/><U118/><E118/><V41/><F125/><T55/><D127/><U124/><E124/><V39/><F61/><T45/><D95/><U80/><E129/><V3/><F3/><T47/><D47/><U87/><E57/><V101/><F81/><T69/><D69/><U34/><E34/><V62/><F62/><T83/><D83/><U98/><E87/><V65/><F65/><T35/><D35/><U126/><E126/><V89/><REACH who="2" step="1"/><F39/><REACH who="2" ten="232,482,326,0" step="2"/><T71/><D71/><U79/><E80/><V58/><F58/><T76/><D76/><U74/><E74/><V91/><F91/><T85/><D113/><U72/><E72/><V115/><F115/><T51/><REACH who="0" step="1"/><D42/><REACH who="0" ten="222,482,326,0" step="2"/><U121/><N who="1" m="31008" /><U37/><E37/><V119/><F119/><T66/><AGARI ba="0,2" hai="43,45,51,52,54,55,56,63,66,85,88,92,133,135" m="30752" machi="66" ten="30,6000,1" yaku="1,1,0,1,52,1,54,2,53,0" doraHai="123" doraHaiUra="67" who="0" fromWho="0" sc="222,80,482,-40,326,-20,0,0" /><INIT seed="6,0,0,0,3,67" ten="302,442,306,0" oya="2" hai0="117,84,103,50,0,83,127,60,64,49,40,102,113" hai1="93,97,89,69,42,38,56,74,58,107,105,121,3" hai2="111,66,104,77,68,130,51,131,75,125,82,87,126" hai3=""/><V116/><F116/><T101/><D0/><U115/><N who="1" m="31008" /><U128/><E3/><V79/><F104/><T2/><D2/><U72/><E69/><V71/><F111/><T135/><D117/><U33/><E33/><V1/><F1/><T36/><D113/><U59/><E115/><V124/><F51/><T32/><D32/><U110/><E110/><V34/><F34/><T61/><D61/><U52/><E52/><V45/><F45/><T53/><D135/><U48/><E48/><V95/><F66/><T65/><D65/><U76/><E128/><N who="2" m="49195" /><F95/><T62/><D50/><U91/><E107/><V94/><F94/><T39/><D64/><U41/><E105/><V134/><F134/><T106/><D106/><U86/><E38/><V96/><F96/><T99/><D99/><U80/><E42/><V108/><F108/><T81/><D40/><U92/><E41/><V88/><F75/><T57/><D39/><U78/><E97/><V90/><F90/><T35/><D35/><U37/><E37/><V119/><F119/><T114/><D36/><U54/><E74/><V43/><F43/><T120/><N who="0" m="30752" /><T112/><D112/><U109/><E109/><V132/><F132/><T47/><D114/><U118/><E118/><RYUUKYOKU ba="0,0" sc="302,-10,442,-10,306,20,0,0" hai2="68,71,77,79,82,87,88,124,125,126" /><INIT seed="6,1,0,3,5,89" ten="292,432,326,0" oya="2" hai0="91,57,72,92,115,65,81,45,128,118,133,104,60" hai1="37,124,84,34,50,82,49,80,131,40,53,68,105" hai2="71,58,107,2,126,61,122,33,101,109,0,116,77" hai3=""/><V76/><N who="2" m="31264" /><V41/><F116/><T96/><D118/><U134/><E34/><V132/><F33/><T103/><D133/><U119/><E119/><V90/><F132/><T113/><D128/><U88/><E134/><V42/><F126/><T39/><D39/><U100/><E68/><V56/><F109/><T117/><D117/><U102/><E37/><V1/><F71/><T87/><D45/><U69/><E69/><V125/><F125/><T79/><AGARI ba="1,0" hai="57,60,65,72,79,81,87,91,92,96,103,104,113,115" machi="79" ten="30,5900,0" yaku="0,1,24,2,52,1" doraHai="89" who="0" fromWho="0" sc="292,61,432,-21,326,-40,0,0" owari="353,-5.0,411,36.0,286,-31.0,0,0.0" /></mjloggm>