<mjloggm ver="2.3"><GO type="169" lobby="0"/><UN n0="%E4%BD%90%E9%87%8E%E3%81%95%E3%81%AE" n1="%6E%6F%70%72%6F%70%73" n2="%6B%6F%6B%6F%72%6F%6E%69" n3="%E3%82%A8%E3%83%83%E3%83%95%E3%82%A7%E3%83%AB%E5%A1%94" dan="16,16,16,16" rate="2027.57,2121.19,2147.03,2081.06" sx="M,F,M,M"/><TAIKYOKU oya="0"/><INIT seed="0,0,0,2,2,129" ten="250,250,250,250" oya="0" hai0="49,93,119,95,62,76,6,65,5,97,8,9,39" hai1="67,16,88,85,94,121,55,19,17,96,111,98,57" hai2="135,28,2,80,110,114,117,118,30,131,84,0,4" hai3="22,90,112,75,116,24,51,128,132,68,56,40,87"/><T113/><D39/><U103/><E121/><V23/><F135/><W99/><G75/><T29/><D113/><U52/><E111/><V53/><F131/><W15/><G68/><T120/><D119/><N who="2" m="45578" /><F114/><W31/><G128/><T25/><D120/><U82/><E98/><V126/><F110/><W61/><G116/><T78/><D49/><U20/><E67/><V33/><F33/><W71/><G71/><T12/><D93/><U100/><E55/><V127/><F53/><W44/><G112/><T124/><D124/><N who="2" m="47658" /><F4/><W11/><G132/><T14/><D62/><N who="1" m="36135" /><E103/><V50/><F50/><W130/><G130/><T42/><D42/><U47/><E47/><V70/><F70/><W101/><G101/><T106/><D106/><U45/><E45/><V3/><F23/><AGARI ba="0,0" hai="16,17,19,20,23,82,85,88,94,96,100" m="36135" machi="23" ten="30,7700,0" yaku="8,1,54,3" doraHai="129" who="1" fromWho="2" sc="250,0,250,77,250,-77,250,0" /><INIT seed="1,0,0,0,0,125" ten="250,327,173,250" oya="1" hai0="30,7,94,41,129,0,22,76,29,67,40,16,14" hai1="99,56,6,34,27,73,44,69,17,86,23,98,135" hai2="103,26,50,109,62,118,126,91,43,46,130,81,63" hai3="68,2,52,12,45,8,117,13,127,105,36,42,90"/><U119/><E119/><V49/><F118/><W80/><G117/><T5/><D76/><U61/><E73/><V122/><F126/><W38/><G127/><T35/><D67/><U82/><E69/><V121/><F109/><W72/><G105/><T88/><D129/><U85/><E135/><V115/><F103/><W64/><G38/><T89/><D89/><U57/><E34/><V65/><F115/><W58/><G90/><T134/><D134/><U39/><E6/><N who="0" m="2057" /><D0/><U87/><E82/><V55/><F26/><W9/><G2/><T31/><D35/><U114/><E114/><V48/><F91/><W4/><G80/><T116/><D116/><U93/><E93/><V75/><F81/><W107/><G107/><T20/><D22/><U21/><E21/><V77/><F77/><W84/><G84/><AGARI ba="0,0" hai="14,16,20,29,30,31,40,41,84,88,94" m="2057" machi="84" ten="30,3900,0" yaku="8,1,54,2" doraHai="125" who="0" fromWho="3" sc="250,39,327,0,173,0,250,-39" /><INIT seed="2,0,0,2,1,96" ten="289,327,173,211" oya="2" hai0="37,43,56,100,60,90,73,135,52,79,24,18,47" hai1="49,4,134,75,109,50,116,19,127,105,13,51,92" hai2="121,34,98,99,103,5,2,62,71,114,22,0,67" hai3="120,133,9,107,111,113,93,66,3,82,91,76,74"/><V88/><F121/><W26/><G120/><T80/><D135/><U123/><E116/><V63/><F114/><W44/><G133/><T68/><D90/><U12/><E134/><V65/><F34/><W29/><G113/><T84/><D68/><U118/><E118/><V69/><F22/><W46/><G111/><T35/><D100/><U128/><E109/><V97/><F97/><W83/><G83/><T101/><D101/><U86/><E123/><V64/><F64/><W115/><G107/><T132/><D132/><U122/><E122/><V102/><F5/><W11/><G66/><T106/><D106/><U117/><E75/><V110/><F110/><W59/><G59/><T57/><D57/><U53/><E105/><V15/><F15/><W42/><G115/><T32/><D73/><U54/><E127/><V28/><F28/><W130/><G3/><T14/><REACH who="0" step="1"/><D24/><REACH who="0" ten="279,327,173,211" step="2"/><U77/><E117/><V25/><F25/><W87/><G26/><T58/><D58/><U72/><E77/><V112/><F112/><W45/><G76/><T36/><D36/><U94/><E72/><V41/><F41/><W17/><G42/><T61/><D61/><U31/><E50/><V124/><F124/><W78/><G78/><T38/><D38/><U20/><E51/><V6/><F6/><W8/><G74/><T131/><D131/><U119/><E49/><V10/><F88/><W1/><G130/><T7/><D7/><U33/><E4/><V23/><F23/><AGARI ba="0,1" hai="14,18,23,32,35,37,43,47,52,56,60,79,80,84" machi="23" ten="30,7700,0" yaku="1,1,7,1,54,1,53,1" doraHai="96" doraHaiUra="16" who="0" fromWho="2" sc="279,87,327,0,173,-77,211,0" /><INIT seed="3,0,0,4,0,2" ten="366,327,96,211" oya="3" hai0="106,34,9,19,67,78,10,49,17,56,88,58,23" hai1="100,99,95,65,36,50,87,97,127,101,123,130,41" hai2="98,86,37,68,35,61,60,120,7,121,119,103,74" hai3="53,20,52,135,96,129,76,85,0,70,113,26,84"/><W122/><G122/><T90/><D34/><U22/><E123/><N who="2" m="47179" /><F74/><W116/><G116/><T111/><D106/><U63/><E130/><V62/><F119/><W16/><G113/><T105/><D105/><U83/><E127/><V14/><F37/><W18/><G129/><T72/><D111/><U48/><E36/><V11/><F35/><W82/><G135/><T102/><D102/><U31/><E41/><V115/><F115/><W133/><G133/><T13/><D78/><U114/><E114/><V27/><F27/><W57/><G70/><T81/><D72/><U12/><E12/><V4/><F86/><W112/><G112/><T6/><D81/><U79/><E22/><V66/><F7/><W134/><G0/><T94/><D49/><U110/><E31/><V45/><F45/><W33/><G33/><T109/><D67/><U75/><E75/><V30/><F30/><W108/><G108/><T125/><D90/><U64/><E110/><V104/><AGARI ba="0,0" hai="4,11,14,60,61,62,66,68,98,103,104" m="47179" machi="104" ten="30,2000,0" yaku="13,1,52,1" doraHai="2" who="2" fromWho="2" sc="366,-5,327,-5,96,20,211,-10" /><INIT seed="4,0,0,3,0,29" ten="361,322,116,201" oya="0" hai0="123,94,126,133,83,93,97,74,73,18,5,115,59" hai1="78,3,110,64,130,134,76,34,51,100,47,41,10" hai2="124,119,108,98,28,77,101,45,79,65,95,15,112" hai3="92,103,19,125,55,30,109,40,46,68,22,1,42"/><T17/><D123/><U2/><E110/><V131/><F108/><W135/><G1/><T31/><D115/><U88/><E130/><V85/><F112/><W25/><G109/><T12/><D126/><U33/><E100/><V132/><F131/><W49/><G125/><T91/><D133/><U44/><E64/><V82/><F124/><W14/><G68/><T113/><D113/><U26/><E134/><V129/><F132/><W71/><G71/><T62/><D31/><U43/><E26/><V35/><F129/><W70/><G70/><T117/><D117/><U56/><E56/><V81/><F119/><W121/><G121/><T128/><D128/><U120/><E120/><V61/><F45/><W8/><G135/><T52/><D5/><U7/><E88/><V104/><F15/><W67/><G67/><T48/><D83/><U50/><E3/><V63/><F63/><W102/><G92/><T11/><D18/><U122/><REACH who="1" step="1"/><E122/><REACH who="1" ten="361,312,116,201" step="2"/><V32/><F104/><W107/><G107/><T0/><D0/><U118/><E118/><V66/><F66/><W16/><G103/><T9/><D94/><U24/><E24/><V111/><F111/><W39/><G102/><T114/><D114/><U38/><E38/><V75/><F28/><W21/><G39/><T69/><D69/><AGARI ba="0,1" hai="32,35,61,65,69,75,77,79,81,82,85,95,98,101" machi="69" ten="30,3900,0" yaku="7,1,52,2" doraHai="29" who="2" fromWho="0" sc="361,-39,312,0,116,49,201,0" /><INIT seed="5,0,0,3,4,20" ten="322,312,165,201" oya="1" hai0="49,4,80,105,57,83,65,98,14,92,101,55,93" hai1="64,24,39,6,8,130,40,50,42,62,31,63,12" hai2="28,100,119,88,108,118,134,41,82,30,54,103,111" hai3="52,10,67,51,135,37,87,32,74,47,120,18,133"/><U75/><E130/><V86/><F41/><W112/><G74/><T35/><D35/><U29/><E39/><V2/><F2/><W33/><G120/><T13/><D65/><U26/><E75/><V3/><F3/><W34/><G112/><T99/><D105/><U125/><E125/><V104/><F54/><W121/><G121/><T58/><D58/><U7/><E50/><V127/><F127/><W27/><G67/><T16/><D14/><U132/><E132/><N who="3" m="50762" /><G37/><T116/><D4/><U107/><E107/><V21/><F134/><W114/><G114/><T11/><REACH who="0" step="1"/><D116/><REACH who="0" ten="312,312,165,201" step="2"/><U110/><E110/><V69/><F119/><W46/><G34/><T115/><D115/><U23/><E6/><V0/><F118/><W1/><G33/><T17/><D17/><U72/><E72/><V129/><F111/><W76/><G1/><T89/><AGARI ba="0,1" hai="11,13,16,49,55,57,80,83,89,92,93,98,99,101" machi="89" ten="20,12000,2" yaku="1,1,0,1,7,1,8,1,54,1,53,1" doraHai="20" doraHaiUra="15" who="0" fromWho="0" sc="312,130,312,-60,165,-30,201,-30" /><INIT seed="6,0,0,1,2,119" ten="442,252,135,171" oya="2" hai0="11,92,27,80,47,115,9,45,70,43,126,18,56" hai1="34,51,76,99,79,81,67,15,77,107,128,20,52" hai2="110,98,5,83,94,123,131,65,93,25,57,0,73" hai3="16,48,23,42,32,60,68,66,74,71,46,106,69"/><V26/><F0/><W111/><G111/><T114/><D70/><U90/><E34/><V28/><F5/><W2/><G32/><T97/><D126/><U54/><E128/><V134/><F131/><W108/><G108/><T84/><D56/><U125/><E125/><V49/><F110/><W117/><G117/><T100/><D45/><U101/><E67/><V133/><F73/><W112/><G106/><T62/><D62/><U37/><E37/><V121/><F83/><W102/><G102/><T38/><D27/><U29/><E90/><V24/><F28/><W1/><G74/><T19/><D11/><U40/><E40/><V30/><F30/><W105/><G105/><T35/><D35/><U7/><E7/><V135/><F49/><W109/><G109/><T132/><D132/><U89/><E89/><N who="2" m="55599" /><F94/><W4/><G112/><N who="0" m="43051" /><D9/><U87/><E29/><V3/><F3/><W41/><G1/><T122/><D122/><U13/><E51/><V6/><F6/><W55/><G4/><T85/><D85/><U61/><E87/><V95/><F95/><W59/><REACH who="3" step="1"/><G2/><REACH who="3" ten="442,252,135,161" step="2"/><T127/><D127/><U31/><E107/><V120/><F26/><AGARI ba="0,1" hai="16,23,26,41,42,46,48,55,59,60,66,68,69,71" machi="26" ten="40,5200,0" yaku="1,1,2,1,54,1,53,0" doraHai="119" doraHaiUra="72" who="3" fromWho="2" sc="442,0,252,0,135,-52,161,62" /><INIT seed="7,0,0,4,1,82" ten="442,252,83,223" oya="3" hai0="7,134,103,61,128,58,30,18,34,59,123,1,76" hai1="135,36,27,74,15,130,127,125,84,131,97,85,89" hai2="115,117,73,100,94,48,110,79,50,2,17,16,10" hai3="29,80,13,0,46,113,47,92,45,53,20,108,126"/><W133/><G0/><T83/><D123/><U105/><E36/><V65/><F117/><W120/><G120/><T87/><D103/><N who="1" m="62703" /><E15/><V25/><F110/><W72/><G113/><T69/><D69/><U39/><E39/><V81/><F115/><W91/><G126/><N who="1" m="48138" /><E74/><V33/><F65/><W38/><G133/><T99/><D99/><U63/><E63/><V77/><F77/><W67/><G67/><T35/><D18/><U114/><E114/><V43/><F43/><W93/><G93/><T64/><D58/><U28/><E135/><V49/><F33/><W101/><G101/><T90/><D30/><U56/><E56/><V8/><F25/><W102/><G102/><T31/><D31/><U62/><E62/><V51/><N who="2" m="12288" /><DORA hai="37" /><V52/><F2/><W55/><G38/><T88/><D35/><N who="1" m="20895" /><E84/><N who="2" m="48191" /><F52/><W75/><G108/><T32/><D32/><U22/><E22/><V116/><F73/><W132/><G132/><T57/><D34/><U104/><E104/><V42/><F42/><W71/><G75/><T78/><D59/><U11/><E11/><N who="2" m="4139" /><F116/><W6/><G72/><T60/><D60/><U54/><E54/><V14/><F14/><W111/><G13/><T98/><D134/><U23/><E23/><V5/><F5/><W129/><G55/><T3/><D3/><U124/><E124/><V24/><F24/><W112/><G6/><T122/><D7/><U109/><E109/><V9/><N who="2" m="4147" /><V41/><DORA hai="118" /><F41/><W4/><G4/><T86/><D1/><U106/><E106/><V40/><F40/><W70/><G53/><T44/><D76/><RYUUKYOKU ba="0,0" sc="442,-15,252,15,83,15,223,-15" hai1="85,89,130,131" hai2="16,17,94,100" owari="427,52.0,267,7.0,98,-40.0,208,-19.0" /></mjloggm>