<mjloggm ver="2.3"><GO type="169" lobby="0"/><UN n0="%6B%6F%6B%6F%72%6F%6E%69" n1="%E9%9D%92%E5%B1%B1%E5%AD%A6%E9%99%A2%EF%BC%94%E5%B9%B4" n2="%E3%82%A8%E3%83%83%E3%83%95%E3%82%A7%E3%83%AB%E5%A1%94" n3="%40%6B%6B%6B" dan="16,17,16,16" rate="2145.05,2185.96,2086.79,2145.25" sx="M,M,M,M"/><TAIKYOKU oya="0"/><INIT seed="0,0,0,2,0,23" ten="250,250,250,250" oya="0" hai0="24,11,22,101,119,88,32,21,63,92,60,68,56" hai1="2,26,15,25,7,94,132,71,61,81,5,34,28" hai2="47,69,110,118,96,64,78,133,84,134,131,75,106" hai3="113,8,77,45,46,74,98,44,31,50,111,33,127"/><T17/><D119/><U82/><E132/><V55/><F118/><W103/><G111/><T6/><D32/><U70/><E94/><V107/><F75/><W104/><G127/><T10/><D101/><U115/><E2/><V66/><F110/><W29/><G113/><T72/><D72/><U37/><E37/><V42/><F55/><W135/><G135/><T51/><D68/><U93/><E93/><V100/><F107/><W35/><G8/><T85/><D6/><U62/><E34/><V116/><F66/><W18/><G18/><T122/><D122/><U102/><E28/><V54/><F54/><W79/><G50/><T65/><D51/><U99/><E15/><V114/><F114/><W39/><G39/><T53/><D21/><U109/><E109/><V73/><F84/><W9/><G9/><T80/><REACH who="0" step="1"/><D80/><REACH who="0" ten="240,250,250,250" step="2"/><U108/><E108/><V16/><F116/><W14/><G74/><T1/><D1/><U123/><E115/><V27/><F133/><W57/><G103/><T19/><D19/><U36/><E36/><V125/><F73/><W124/><G33/><T67/><D67/><U58/><E102/><V40/><F100/><W91/><G35/><T20/><D20/><U49/><E49/><V121/><F134/><W12/><G104/><T3/><D3/><U30/><E123/><V117/><F121/><W38/><G38/><T43/><D43/><U83/><E81/><V90/><F106/><W130/><G29/><T128/><D128/><U13/><E30/><V52/><F131/><W97/><G130/><T86/><D86/><U95/><E82/><RYUUKYOKU ba="0,1" sc="240,30,250,-10,250,-10,250,-10" hai0="10,11,17,22,24,53,56,60,63,65,85,88,92" /><INIT seed="0,1,1,1,4,69" ten="270,240,240,240" oya="0" hai0="107,89,103,0,99,110,37,13,94,123,39,61,7" hai1="108,43,4,67,88,47,51,2,124,106,68,134,77" hai2="44,75,117,23,116,91,18,17,72,38,21,80,19" hai3="76,57,95,118,41,1,132,128,55,9,81,92,84"/><T100/><D123/><U11/><E106/><V96/><F96/><W28/><G118/><N who="2" m="45673" /><F91/><W66/><G66/><T8/><D0/><U111/><E77/><N who="2" m="44071" /><F75/><W90/><G28/><T71/><D110/><U56/><E124/><V63/><F63/><W46/><G132/><T102/><REACH who="0" step="1"/><D107/><REACH who="0" ten="260,240,240,240" step="2"/><U131/><E111/><V93/><F93/><W105/><G95/><T65/><AGARI ba="1,2" hai="7,8,13,37,39,61,65,71,89,94,99,100,102,103" machi="65" ten="30,12000,1" yaku="1,1,2,1,0,1,52,2,53,0" doraHai="69" doraHaiUra="119" who="0" fromWho="0" sc="260,143,240,-41,240,-41,240,-41" /><INIT seed="0,2,0,0,2,89" ten="403,199,199,199" oya="0" hai0="21,124,33,67,88,103,28,11,50,61,86,34,95" hai1="85,108,57,99,132,30,8,23,116,18,36,31,93" hai2="41,77,56,5,7,83,66,125,43,51,32,47,27" hai3="73,63,126,19,106,109,113,4,59,110,58,29,62"/><T128/><D34/><U49/><E36/><V96/><F125/><W122/><G106/><T64/><D33/><U101/><E108/><V14/><F43/><W98/><G73/><T35/><D35/><U130/><E116/><V3/><F3/><W118/><G4/><T134/><D124/><U87/><E132/><V2/><F2/><W80/><G29/><T22/><D134/><U69/><E69/><V74/><F14/><W25/><G80/><T119/><D119/><U115/><E130/><V65/><F65/><N who="0" m="25162" /><D128/><U91/><E8/><V26/><F26/><W15/><G25/><N who="0" m="16431" /><D61/><U12/><E87/><V10/><F10/><N who="3" m="6647" /><G118/><T111/><D111/><N who="3" m="42505" /><G113/><T24/><D11/><U100/><E100/><V129/><F129/><W9/><G9/><T42/><D103/><U70/><E70/><V123/><F32/><W114/><G114/><T84/><D42/><U46/><E115/><V13/><F74/><W20/><G20/><T16/><D50/><U72/><E72/><V0/><F0/><W90/><G63/><T45/><D45/><U102/><E102/><V38/><F7/><W44/><G62/><T135/><D135/><U76/><E57/><V78/><F56/><W121/><G126/><T55/><D55/><N who="1" m="30135" /><E101/><V53/><F5/><W48/><G59/><T94/><D86/><U6/><E6/><V81/><F41/><N who="3" m="24591" /><G58/><T71/><D71/><U1/><E1/><V127/><F127/><W104/><G104/><T60/><D60/><U68/><E68/><V54/><F66/><W97/><G97/><T40/><D40/><U17/><E17/><V131/><F96/><RYUUKYOKU ba="2,0" sc="403,10,199,10,199,-30,199,10" hai0="16,22,24,84,88,94,95" hai1="12,18,23,30,31,76,85,91,93,99" hai3="90,98,121,122" /><INIT seed="0,3,0,5,0,9" ten="413,209,169,209" oya="0" hai0="75,33,67,10,49,112,2,17,132,26,28,134,65" hai1="4,95,27,23,100,58,31,1,111,22,84,64,102" hai2="70,45,52,105,103,122,20,11,116,106,96,117,93" hai3="18,29,86,51,39,21,48,77,57,119,92,133,44"/><T87/><D75/><U88/><E111/><V121/><F70/><W135/><G119/><N who="2" m="45641" /><F20/><W97/><G29/><T38/><D38/><U53/><E64/><V81/><F11/><W59/><G39/><T62/><D112/><U41/><E1/><V118/><N who="2" m="45649" /><V83/><DORA hai="71" /><F45/><W115/><G115/><T8/><D49/><U3/><E3/><V5/><F52/><N who="3" m="29703" /><G51/><T94/><D94/><U69/><E69/><V101/><F5/><W43/><G43/><T78/><D87/><U12/><E41/><V55/><F55/><W60/><G59/><T37/><D78/><U127/><E127/><V114/><F114/><W73/><G73/><T46/><D46/><U14/><E4/><V0/><F0/><W123/><G123/><N who="2" m="47113" /><F103/><N who="1" m="39465" /><E22/><V63/><F63/><AGARI ba="3,0" hai="12,14,23,27,31,53,58,63,84,88,95" m="39465" machi="63" ten="30,7700,0" yaku="8,1,52,2,54,1" doraHai="9,71" who="1" fromWho="2" sc="413,0,209,86,169,-86,209,0" /><INIT seed="1,0,0,3,3,48" ten="413,295,83,209" oya="1" hai0="7,82,20,1,18,115,71,33,52,15,88,129,75" hai1="85,84,89,61,64,14,100,8,103,86,106,111,29" hai2="55,120,49,96,94,45,0,90,127,19,32,44,69" hai3="125,10,47,68,87,119,42,63,122,34,135,121,108"/><U37/><E37/><V113/><F127/><W130/><G87/><T2/><D115/><U92/><E29/><V50/><F113/><W30/><G10/><T24/><D71/><U124/><E124/><V3/><F120/><W77/><G77/><T65/><D65/><U110/><E106/><V102/><F69/><W123/><G30/><T66/><D66/><U9/><E89/><V91/><F32/><W117/><G34/><T99/><D129/><U53/><E9/><V132/><F132/><W98/><G98/><T81/><D75/><U58/><E64/><V5/><F19/><W39/><G125/><T72/><D72/><U78/><E78/><V12/><F12/><W60/><G130/><T112/><D112/><U76/><E76/><V6/><F3/><W28/><G28/><T131/><D131/><U73/><E73/><V67/><F67/><N who="3" m="41063" /><G108/><N who="1" m="41514" /><E92/><V21/><F21/><W105/><G105/><T16/><D33/><U70/><E70/><V83/><F0/><W114/><G114/><T109/><D2/><U22/><E22/><V43/><REACH who="2" step="1"/><F83/><REACH who="2" ten="413,295,73,209" step="2"/><W101/><G135/><T11/><D1/><U79/><E79/><V116/><F116/><N who="3" m="44619" /><G101/><T80/><D109/><U95/><E95/><V134/><F134/><W23/><G23/><T59/><D18/><AGARI ba="0,1" hai="8,14,18,53,58,61,84,85,86,100,103" m="41514" machi="18" ten="30,5800,0" yaku="14,1,10,1,52,1" doraHai="48" who="1" fromWho="0" sc="413,-58,295,68,73,0,209,0" /><INIT seed="1,1,0,2,5,8" ten="355,363,73,209" oya="1" hai0="87,9,29,135,88,28,30,37,18,127,117,81,20" hai1="80,133,98,32,91,19,3,115,70,83,14,44,27" hai2="126,46,125,124,7,134,45,35,103,51,120,0,108" hai3="34,38,129,68,122,65,116,64,76,75,52,67,82"/><U55/><E3/><V99/><F120/><W118/><G34/><T15/><D117/><N who="3" m="45161" /><G38/><T11/><D37/><U57/><E70/><V60/><F35/><W101/><G122/><T17/><D135/><U107/><E115/><V112/><F134/><W66/><G101/><T62/><D127/><U49/><E133/><V58/><F112/><W26/><G26/><T53/><D18/><U128/><E128/><V22/><F108/><W104/><G104/><T100/><D100/><U113/><E113/><V33/><F33/><W111/><G111/><T71/><D71/><U69/><E69/><V121/><F121/><W77/><G77/><T41/><D41/><U43/><E107/><V84/><F51/><W89/><G89/><T12/><D15/><U79/><E32/><V85/><F22/><W72/><G129/><T42/><D42/><U93/><E79/><V40/><F7/><W132/><G132/><T102/><D102/><U59/><E27/><V90/><F0/><W109/><G109/><T119/><REACH who="0" step="1"/><D119/><REACH who="0" ten="345,363,73,209" step="2"/><U24/><E24/><V86/><F40/><W94/><G68/><T10/><D10/><N who="1" m="6615" /><E43/><V13/><F13/><W97/><G75/><T25/><D25/><U1/><E1/><V56/><F124/><W63/><G72/><T6/><D6/><U73/><E73/><V31/><F125/><W110/><G110/><T95/><D95/><U48/><E48/><V21/><F126/><W54/><G94/><T105/><D105/><U36/><E36/><V131/><F131/><W4/><G4/><T130/><D130/><U23/><E23/><V61/><F21/><RYUUKYOKU ba="1,1" sc="345,15,363,15,73,-15,209,-15" hai0="9,11,12,17,20,28,29,30,53,62,81,87,88" hai1="44,49,55,57,59,80,83,91,93,98" /><INIT seed="1,2,1,3,3,13" ten="360,378,58,194" oya="1" hai0="71,47,55,52,125,81,106,31,35,1,68,51,101" hai1="103,134,61,75,102,62,34,17,5,72,89,126,41" hai2="30,83,67,58,29,21,117,84,82,66,74,57,87" hai3="123,130,49,98,90,128,40,107,116,9,133,113,12"/><U114/><E34/><V63/><F74/><W59/><G123/><T78/><D1/><U69/><E5/><V118/><F21/><W16/><G113/><T96/><D125/><U85/><E41/><V92/><F92/><N who="3" m="56599" /><G107/><T6/><D6/><U108/><E114/><V19/><REACH who="2" step="1"/><F63/><REACH who="2" ten="360,378,48,194" step="2"/><W121/><G121/><T7/><D7/><U11/><E62/><V77/><F77/><W37/><G116/><T26/><D55/><U38/><E61/><V132/><F132/><W3/><G133/><T64/><D64/><U10/><E75/><AGARI ba="2,2" hai="26,31,35,47,51,52,68,71,75,78,81,96,101,106" machi="75" ten="30,2000,0" yaku="7,1,54,1" doraHai="13" who="0" fromWho="1" sc="360,46,378,-26,48,0,194,0" /><INIT seed="2,0,0,2,4,21" ten="406,352,48,194" oya="2" hai0="24,114,52,33,50,25,74,132,66,0,127,121,119" hai1="128,134,51,135,48,40,122,64,61,120,82,68,11" hai2="72,118,124,117,56,58,9,41,67,22,8,10,111" hai3="123,106,28,75,107,96,59,88,99,79,26,14,39"/><V36/><F72/><W87/><G39/><T83/><D0/><U116/><E11/><V62/><F124/><W55/><G123/><N who="1" m="47146" /><E82/><V108/><F58/><W105/><G14/><T86/><D121/><U100/><E100/><V125/><F125/><W77/><G75/><T95/><D74/><U18/><E18/><V130/><F130/><W71/><G71/><T44/><D66/><U57/><E116/><V65/><F65/><W78/><G55/><T70/><D70/><U43/><E128/><V113/><F113/><W80/><REACH who="3" step="1"/><G59/><REACH who="3" ten="406,352,48,184" step="2"/><T84/><D127/><U20/><E68/><V1/><F1/><W104/><G104/><T27/><D119/><U42/><E20/><AGARI ba="0,1" hai="20,26,28,77,78,79,80,87,88,96,99,105,106,107" machi="20" ten="50,8000,1" yaku="1,1,52,1,54,1,53,1" doraHai="21" doraHaiUra="76" who="3" fromWho="1" sc="406,0,352,-80,48,0,184,90" /><INIT seed="3,0,0,2,2,42" ten="406,272,48,274" oya="3" hai0="13,10,40,102,96,58,113,88,97,117,55,101,65" hai1="124,20,21,70,16,92,94,59,18,106,107,9,0" hai2="78,99,115,34,127,104,118,7,73,23,76,72,5" hai3="60,79,122,69,24,83,63,89,43,29,46,57,75"/><W111/><G122/><T132/><D117/><U80/><E70/><V133/><F23/><W90/><G63/><T67/><D132/><U54/><E80/><V129/><F7/><W93/><G69/><T131/><D131/><U128/><E128/><V71/><F5/><W110/><G57/><T74/><D74/><U103/><E124/><V11/><F11/><W17/><G17/><T45/><D113/><U126/><E126/><V86/><F86/><W135/><G60/><T121/><D121/><U15/><E0/><V30/><F30/><W32/><G135/><T12/><D55/><U100/><E9/><V56/><F99/><W19/><G19/><T62/><D67/><U64/><E64/><V77/><F78/><W35/><G35/><T95/><D97/><U114/><E114/><V82/><F82/><W37/><REACH who="3" step="1"/><G93/><REACH who="3" ten="406,272,48,264" step="2"/><N who="1" m="35946" /><E107/><V8/><F71/><W134/><G134/><T1/><D58/><U109/><E106/><V123/><F56/><W49/><G49/><T130/><D62/><N who="1" m="36215" /><E109/><AGARI ba="0,1" hai="24,29,32,37,43,46,75,79,83,89,90,109,110,111" machi="109" ten="40,12000,1" yaku="1,1,14,1,10,1,52,1,53,0" doraHai="42" doraHaiUra="116" who="3" fromWho="1" sc="406,0,272,-120,48,0,264,130" /><INIT seed="3,1,0,0,2,100" ten="406,152,48,394" oya="3" hai0="83,54,70,3,18,57,21,55,25,122,12,41,105" hai1="4,120,19,8,11,108,79,85,99,69,126,66,114" hai2="128,103,76,51,97,125,123,15,24,74,94,75,31" hai3="2,87,5,62,124,129,32,47,38,0,1,84,91"/><W63/><G32/><T82/><D122/><U127/><E120/><V132/><F123/><W131/><G5/><T95/><D70/><U86/><E114/><V117/><F117/><W39/><G47/><T106/><D3/><U81/><E108/><V35/><F125/><W26/><G26/><T40/><D95/><U102/><E86/><N who="3" m="32810" /><G91/><T96/><D96/><U90/><E90/><V101/><F128/><N who="3" m="49227" /><G124/><N who="1" m="47658" /><E19/><V17/><F132/><W48/><G48/><T93/><D93/><N who="1" m="58735" /><E4/><V71/><F103/><W60/><AGARI ba="1,0" hai="0,1,2,38,39,60,62,63" m="49227,32810" machi="60" ten="40,7800,0" yaku="28,2,19,1" doraHai="100" who="3" fromWho="3" sc="406,-27,152,-27,48,-27,394,81" /><INIT seed="3,2,0,1,1,28" ten="379,125,21,475" oya="3" hai0="99,63,133,1,38,12,134,130,40,32,64,55,86" hai1="78,33,46,105,110,116,89,62,121,69,85,30,80" hai2="9,22,61,19,21,41,39,59,124,20,93,109,8" hai3="77,45,102,11,44,43,122,58,42,94,123,108,57"/><W128/><G77/><T16/><D1/><U65/><E121/><V115/><F115/><W7/><G102/><T71/><D130/><U83/><E105/><V74/><F74/><W97/><G128/><T10/><D99/><U54/><E110/><V6/><F109/><W95/><G11/><T31/><D86/><U70/><E116/><V131/><F131/><W113/><G97/><T18/><D55/><U47/><E69/><V107/><F107/><W60/><G60/><T73/><D73/><U125/><E125/><V79/><F79/><W52/><G7/><T119/><D119/><U111/><E111/><V135/><F135/><N who="0" m="51722" /><D40/><U67/><E67/><V90/><F124/><W129/><G129/><T68/><D38/><U17/><E54/><V132/><F132/><W13/><G52/><T81/><D81/><U25/><REACH who="1" step="1"/><E17/><REACH who="1" ten="379,115,21,475" step="2"/><V49/><F19/><W98/><G108/><T104/><D104/><U2/><E2/><V5/><F5/><W23/><G123/><T56/><D18/><U118/><E118/><V127/><F127/><W112/><G122/><T36/><D36/><U87/><AGARI ba="2,1" hai="25,30,33,46,47,62,65,70,78,80,83,85,87,89" machi="87" ten="20,8000,1" yaku="1,1,0,1,7,1,52,1,53,1" doraHai="28" doraHaiUra="75" who="1" fromWho="1" sc="379,-22,115,96,21,-22,475,-42" owari="357,16.0,211,-19.0,-1,-50.0,433,53.0" /></mjloggm>