<mjloggm ver="2.3"><GO type="169" lobby="0"/><UN n0="%E3%81%A3%E3%81%A7%E3%81%B6%E3%83%BC" n1="%E6%A4%9C%E6%9F%BB%E5%93%A1" n2="%E8%B1%9A%E3%81%AE%E7%8E%8B" n3="%E3%81%98%E3%81%87%E3%82%8B" dan="16,16,18,17" rate="2039.86,2173.23,2239.03,2158.14" sx="M,M,M,M"/><TAIKYOKU oya="0"/><INIT seed="0,0,0,5,1,3" ten="250,250,250,250" oya="0" hai0="6,37,98,120,101,89,78,4,84,15,65,69,33" hai1="127,99,39,35,66,118,126,26,1,122,123,7,19" hai2="5,114,46,79,54,11,88,16,96,121,29,97,108" hai3="23,60,130,28,86,105,82,124,42,27,64,74,63"/><T10/><D33/><U103/><E39/><V72/><F114/><W38/><G130/><T44/><D120/><N who="1" m="46123" /><E66/><V57/><F121/><W111/><G124/><N who="1" m="47658" /><E99/><V76/><F108/><W115/><G111/><T113/><D113/><U20/><E103/><V18/><F29/><W21/><G115/><T48/><D78/><N who="2" m="29738" /><F46/><W45/><G74/><T73/><D37/><U87/><E87/><V9/><F72/><W55/><G105/><T100/><D73/><U32/><E118/><V43/><F43/><W94/><G94/><N who="0" m="58455" /><D101/><U117/><E117/><V132/><F11/><AGARI ba="0,0" hai="1,7,11,19,20,26,32,35" m="47658,46123" machi="11" ten="30,7700,0" yaku="18,1,34,2,52,1" doraHai="3" who="1" fromWho="2" sc="250,0,250,77,250,-77,250,0" /><INIT seed="1,0,0,3,1,56" ten="250,327,173,250" oya="1" hai0="117,74,59,58,103,92,79,17,76,116,16,1,67" hai1="124,94,85,39,49,125,127,5,87,7,82,52,134" hai2="113,18,33,42,81,106,104,72,93,19,41,135,57" hai3="132,121,95,25,54,105,126,84,91,109,26,15,70"/><U119/><E39/><V107/><F33/><W22/><G121/><T38/><D1/><U108/><E119/><V77/><F135/><W86/><G132/><T75/><D38/><U69/><E69/><V89/><F113/><W23/><G109/><T110/><D103/><U27/><E134/><V4/><F4/><W61/><G105/><T73/><D92/><U45/><E108/><V0/><F0/><W31/><G126/><T120/><D110/><U40/><E40/><V90/><F57/><N who="0" m="21514" /><D67/><U34/><E94/><V12/><F19/><N who="0" m="7242" /><D120/><U65/><E65/><V48/><F48/><W13/><G54/><T131/><D131/><U55/><E55/><V35/><F35/><W32/><G32/><T100/><D100/><U78/><REACH who="1" step="1"/><E87/><REACH who="1" ten="250,317,173,250" step="2"/><V20/><REACH who="2" step="1"/><F90/><REACH who="2" ten="250,317,163,250" step="2"/><W96/><G91/><T46/><D46/><U66/><E66/><V3/><F3/><W28/><G96/><AGARI ba="0,2" hai="12,18,20,41,42,72,77,81,89,93,96,104,106,107" machi="96" ten="40,1300,0" yaku="1,1,53,0" doraHai="56" doraHaiUra="112" who="2" fromWho="3" sc="250,0,317,0,163,33,250,-13" /><INIT seed="2,0,0,0,1,21" ten="250,317,196,237" oya="2" hai0="38,27,118,104,57,126,5,120,78,28,115,82,19" hai1="4,63,50,80,123,31,2,89,96,73,41,17,68" hai2="110,59,94,10,34,12,87,74,107,93,133,46,35" hai3="22,119,33,117,30,105,114,65,61,81,13,67,98"/><V54/><F74/><W125/><G125/><T3/><D120/><U55/><E123/><V124/><F107/><W7/><G114/><T91/><D115/><U131/><E31/><V112/><F112/><W56/><G81/><T37/><D104/><U40/><E131/><V51/><F124/><W76/><G76/><T127/><D91/><U0/><E73/><V121/><F121/><W25/><G67/><T128/><D128/><U45/><E0/><V71/><F71/><W16/><REACH who="3" step="1"/><G7/><REACH who="3" ten="250,317,196,227" step="2"/><T134/><D82/><U58/><E4/><V84/><F133/><W103/><AGARI ba="0,1" hai="13,16,22,25,30,33,56,61,65,98,103,105,117,119" machi="103" ten="30,12000,2" yaku="1,1,2,1,0,1,52,1,54,1,53,1" doraHai="21" doraHaiUra="92" who="3" fromWho="3" sc="250,-30,317,-30,196,-60,227,130" /><INIT seed="3,0,0,4,0,47" ten="220,287,136,357" oya="3" hai0="83,79,84,128,117,52,97,133,75,30,82,131,12" hai1="50,86,21,10,69,58,88,16,64,77,81,39,125" hai2="122,130,40,111,99,56,85,135,104,19,48,118,76" hai3="119,95,0,45,43,24,73,65,87,31,134,109,33"/><W116/><G119/><T74/><D30/><U44/><E125/><V6/><F118/><W113/><G113/><T120/><D117/><U29/><E69/><V42/><F122/><W126/><G116/><T34/><D34/><U115/><E115/><V59/><F135/><W66/><G134/><T124/><D133/><U62/><E39/><V72/><F72/><W28/><G126/><T8/><D124/><U100/><E100/><V114/><F114/><W26/><G73/><T13/><D120/><U7/><E29/><V4/><F111/><W15/><G0/><T22/><D97/><U101/><E101/><V63/><F130/><N who="0" m="49706" /><D22/><U20/><E77/><V54/><F104/><W5/><G109/><T80/><D80/><U55/><E7/><V89/><F76/><W94/><G15/><AGARI ba="0,0" hai="10,15,16,20,21,44,50,55,58,62,64,81,86,88" machi="15" ten="40,12000,2" yaku="25,2,8,1,52,1,54,2" doraHai="47" who="1" fromWho="3" sc="220,0,287,120,136,0,357,-120" /><INIT seed="4,0,0,3,5,74" ten="220,407,136,237" oya="0" hai0="19,135,30,112,120,60,73,98,113,34,79,44,42" hai1="56,132,33,129,65,125,45,94,52,2,16,78,29" hai2="39,48,11,25,97,37,89,27,121,55,88,103,100" hai3="22,32,57,85,28,18,47,1,51,95,0,72,70"/><T99/><D120/><U26/><E2/><V54/><F11/><W23/><G70/><T6/><D135/><U41/><E132/><V131/><F131/><W87/><G72/><T15/><D6/><U75/><E65/><V3/><F3/><W10/><G57/><T91/><D60/><U59/><E129/><V82/><F121/><W64/><G64/><T71/><D71/><U130/><E125/><V93/><F82/><W110/><G110/><T38/><D30/><U80/><E130/><V68/><F68/><W24/><G95/><T102/><D91/><U81/><E52/><V43/><F43/><W107/><G107/><T108/><D34/><U62/><E62/><V83/><F83/><W96/><G96/><T4/><D4/><U58/><E81/><V31/><F31/><W109/><G32/><T69/><D69/><U111/><E111/><V133/><F133/><W114/><G109/><T53/><D53/><U127/><E127/><V20/><F20/><W35/><G35/><T8/><D108/><U134/><E134/><V115/><F115/><N who="0" m="44106" /><D102/><U86/><E33/><V46/><F48/><W77/><G114/><T5/><D5/><U117/><E29/><V67/><F67/><W49/><G28/><T126/><D126/><U104/><E41/><V14/><F46/><W7/><G1/><T124/><D124/><U122/><E45/><V63/><F63/><W61/><G61/><T92/><D92/><U105/><E94/><V50/><F93/><W66/><G0/><T40/><D40/><U128/><E128/><V119/><F103/><W12/><G47/><RYUUKYOKU ba="0,0" sc="220,30,407,-10,136,-10,237,-10" hai0="8,15,19,38,42,44,73,79,98,99" /><INIT seed="4,1,0,0,3,84" ten="250,397,126,227" oya="0" hai0="113,129,17,4,23,45,44,51,11,18,21,86,72" hai1="36,0,85,95,37,104,73,79,31,80,35,132,121" hai2="89,47,34,48,78,76,91,22,40,74,127,90,131" hai3="107,62,20,71,124,122,24,10,64,92,46,112,70"/><T25/><D113/><U26/><E121/><V50/><F34/><W3/><G112/><T33/><D129/><U15/><E0/><V87/><F131/><W19/><G122/><T53/><D72/><U83/><E132/><V6/><F127/><W1/><G107/><T57/><D33/><U54/><E104/><V38/><F6/><W59/><G124/><T101/><D101/><U109/><E109/><V120/><F120/><W82/><G82/><T58/><D58/><U39/><E95/><V97/><F74/><W114/><G114/><T42/><D86/><U99/><E99/><V93/><F22/><W9/><G46/><T29/><D23/><U55/><REACH who="1" step="1"/><E15/><REACH who="1" ten="250,387,126,227" step="2"/><V133/><F133/><W135/><G135/><T105/><D105/><U27/><E27/><V16/><F16/><W2/><G2/><T7/><D4/><U61/><E61/><V123/><F123/><W49/><G3/><T94/><D94/><U43/><E43/><V14/><F14/><W125/><G92/><T66/><D7/><U28/><E28/><V56/><F38/><W115/><G1/><T111/><D111/><U110/><E110/><V12/><F12/><W103/><G125/><T52/><D11/><U60/><E60/><V8/><F8/><W30/><G10/><T5/><D5/><U77/><AGARI ba="1,1" hai="26,31,35,36,37,39,54,55,73,77,79,80,83,85" machi="77" ten="40,5200,0" yaku="1,1,0,1,53,1" doraHai="84" doraHaiUra="106" who="1" fromWho="1" sc="250,-27,387,65,126,-14,227,-14" /><INIT seed="5,0,0,4,4,22" ten="223,452,112,213" oya="1" hai0="71,109,118,31,90,42,112,99,95,56,9,107,68" hai1="24,21,77,57,80,132,66,0,131,74,116,65,18" hai2="130,38,27,58,62,32,81,108,61,96,128,113,46" hai3="72,53,23,89,78,101,79,14,88,97,19,36,15"/><U110/><E116/><V117/><F117/><W103/><G36/><T50/><D118/><U121/><E121/><V115/><F108/><W1/><G1/><T73/><D109/><U10/><E110/><V28/><F81/><W70/><G70/><T30/><D73/><U94/><E131/><N who="2" m="50219" /><F96/><W33/><G33/><T105/><D9/><U47/><E132/><V8/><F8/><W44/><G72/><T124/><D56/><U84/><E57/><V114/><F58/><W76/><G15/><T13/><D50/><U91/><REACH who="1" step="1"/><E47/><REACH who="1" ten="223,442,112,213" step="2"/><V82/><F82/><W37/><G44/><T59/><D59/><U85/><E85/><V5/><F5/><AGARI ba="0,1" hai="0,5,10,18,21,24,65,66,74,77,80,84,91,94" machi="5" ten="40,3900,0" yaku="1,1,52,1,53,0" doraHai="22" doraHaiUra="126" who="1" fromWho="2" sc="223,0,442,49,112,-39,213,0" /><INIT seed="5,1,0,4,4,44" ten="223,491,73,213" oya="1" hai0="88,92,51,111,38,6,98,134,41,105,119,117,53" hai1="113,75,22,15,89,63,79,21,130,120,80,32,100" hai2="16,27,101,124,96,62,74,121,56,93,118,64,24" hai3="129,97,83,59,3,95,73,104,14,128,28,39,115"/><U11/><E120/><V52/><F118/><W125/><G3/><T99/><D111/><U81/><E32/><V4/><F124/><W61/><G39/><T35/><D35/><U46/><E100/><V49/><F74/><W84/><G28/><T78/><D134/><U34/><E34/><V72/><F72/><W25/><G25/><T17/><D6/><U132/><E113/><V47/><F121/><W69/><G69/><T10/><D78/><U67/><E130/><V43/><F4/><W30/><G30/><T54/><D54/><U94/><E81/><V127/><F127/><W103/><G125/><T122/><D122/><U26/><E26/><V58/><REACH who="2" step="1"/><F16/><REACH who="2" ten="223,491,63,213" step="2"/><W126/><G126/><T112/><D17/><U91/><E75/><V131/><F131/><W85/><G73/><T110/><D119/><U116/><E116/><V20/><F20/><W18/><G128/><T36/><D117/><U0/><E21/><V12/><F12/><W135/><G14/><T82/><D110/><U9/><E22/><V40/><F40/><W71/><G18/><T102/><D41/><U1/><E15/><V42/><F42/><W5/><G5/><T37/><D10/><U50/><E11/><V65/><F65/><W87/><G129/><T114/><D114/><U2/><E67/><V68/><F68/><W48/><G115/><T57/><D112/><U66/><E66/><V29/><F29/><W23/><G23/><T8/><D8/><U7/><E0/><V31/><F31/><W123/><G71/><T70/><D70/><U76/><E9/><V33/><F33/><RYUUKYOKU ba="1,1" sc="223,15,491,-15,63,15,213,-15" hai0="36,37,38,51,53,57,82,88,92,98,99,102,105" hai2="24,27,43,47,49,52,56,58,62,64,93,96,101" /><INIT seed="6,2,1,1,1,25" ten="238,476,78,198" oya="2" hai0="61,133,112,123,73,128,55,20,78,67,108,19,98" hai1="122,75,115,62,82,15,7,118,68,59,84,74,135" hai2="56,63,27,69,36,130,109,31,10,54,116,129,91" hai3="104,105,70,52,0,81,89,48,126,9,101,107,60"/><V53/><F116/><W34/><G34/><T100/><D108/><U16/><E118/><V24/><F109/><W97/><G126/><T58/><D123/><U29/><E68/><V125/><F125/><W124/><G124/><T114/><D133/><U23/><E135/><V8/><F27/><W41/><G0/><T94/><D128/><N who="2" m="49258" /><F36/><W65/><G9/><N who="2" m="3689" /><F69/><W4/><G4/><T127/><D127/><U32/><E7/><V12/><F12/><W86/><REACH who="3" step="1"/><G41/><REACH who="3" ten="238,476,78,188" step="2"/><T57/><D114/><U3/><E115/><V111/><F111/><W22/><G22/><T132/><D112/><U5/><E5/><V85/><F85/><W92/><G92/><T93/><D93/><U99/><E84/><V64/><F91/><W50/><G50/><T117/><D117/><U2/><E2/><V14/><F14/><W18/><G18/><T87/><D87/><U106/><E3/><V134/><F134/><W1/><G1/><T40/><D40/><U72/><E15/><V35/><AGARI ba="2,2" hai="24,31,35,53,54,56,63,64" m="3689,49258" machi="35" ten="30,3000,0" yaku="19,1,52,1" doraHai="25" who="2" fromWho="2" sc="238,-12,476,-12,78,56,188,-12" /><INIT seed="6,3,0,1,5,46" ten="226,464,134,176" oya="2" hai0="132,69,36,4,49,118,68,65,28,97,87,25,41" hai1="112,10,107,131,104,78,51,34,114,127,67,110,44" hai2="73,134,106,61,85,130,70,45,59,111,82,109,60" hai3="122,54,55,128,98,56,81,27,75,108,124,119,53"/><V76/><F106/><W100/><G119/><T95/><D36/><U57/><E110/><N who="2" m="41995" /><F134/><W16/><G108/><T121/><D121/><U35/><E78/><V84/><F130/><W19/><G122/><T86/><D4/><U123/><E123/><V0/><F0/><W11/><G128/><T96/><D96/><U24/><E131/><V80/><F70/><W77/><G124/><T48/><D41/><U32/><E127/><V26/><F26/><W105/><G11/><T39/><D39/><U12/><E24/><V113/><F113/><N who="1" m="43625" /><E57/><V89/><F45/><W135/><G135/><T29/><D25/><U117/><E67/><N who="2" m="39327" /><F61/><W115/><G115/><T6/><D65/><U74/><E74/><AGARI ba="3,0" hai="73,74,76,80,82,84,85,89" m="39327,41995" machi="74" ten="30,1500,0" yaku="10,1" doraHai="46" who="2" fromWho="1" sc="226,0,464,-24,134,24,176,0" /><INIT seed="6,4,0,3,1,8" ten="226,440,158,176" oya="2" hai0="88,10,48,92,123,107,42,52,113,115,110,11,103" hai1="132,16,125,54,29,81,36,134,69,90,27,44,23" hai2="99,65,104,73,61,135,96,20,77,58,86,71,80" hai3="51,32,63,49,1,74,83,116,124,30,108,3,13"/><V5/><F135/><N who="1" m="51753" /><E69/><V84/><F5/><W41/><G116/><T24/><D110/><U53/><E125/><V114/><F114/><N who="0" m="43530" /><D42/><N who="1" m="22599" /><E29/><V121/><F121/><W40/><G1/><T131/><D131/><U43/><E43/><V2/><F2/><W120/><G3/><T112/><D112/><U105/><E105/><V6/><F6/><W60/><G30/><T129/><D129/><U28/><E28/><V72/><F86/><AGARI ba="4,0" hai="16,23,27,53,54,81,86,90" m="22599,51753" machi="86" ten="30,2000,0" yaku="20,1,54,1" doraHai="8" who="1" fromWho="2" sc="226,0,440,32,158,-32,176,0" /><INIT seed="7,0,0,3,1,24" ten="226,472,126,176" oya="3" hai0="111,124,114,76,54,96,120,15,134,44,87,67,28" hai1="5,36,97,75,22,34,43,37,99,13,19,77,109" hai2="112,135,3,89,30,25,106,125,48,47,46,17,80" hai3="27,82,14,52,115,32,63,98,51,116,78,127,95"/><W31/><G116/><T88/><D28/><U110/><E34/><V16/><F3/><W65/><G115/><T130/><D111/><U104/><E36/><V122/><F106/><W86/><G127/><T60/><D120/><U66/><E66/><V39/><F112/><W9/><G63/><T23/><D114/><U132/><E97/><V35/><F125/><W117/><G117/><T90/><D76/><U72/><E99/><V79/><F122/><W20/><G65/><T59/><D134/><U55/><E55/><V108/><F108/><W58/><G32/><T119/><D130/><U8/><E104/><V101/><F101/><W92/><G98/><T64/><D119/><U50/><E50/><V70/><F70/><W71/><G71/><T6/><D90/><U107/><E72/><V126/><F126/><W57/><G57/><T123/><D96/><U10/><E10/><V0/><F0/><W49/><G49/><N who="0" m="28967" /><D123/><U118/><E132/><V1/><F1/><W41/><G41/><T84/><D84/><U56/><E56/><V38/><F135/><W61/><G61/><T4/><D67/><U68/><E68/><V85/><F89/><W91/><G91/><T45/><D45/><N who="1" m="23791" /><E107/><V7/><F7/><AGARI ba="0,0" hai="7,9,14,20,27,31,51,52,58,78,82,86,92,95" machi="7" ten="30,11600,0" yaku="7,1,8,1,52,1,54,1" doraHai="24" who="3" fromWho="2" sc="226,0,472,0,126,-116,176,116" /><INIT seed="7,1,0,4,1,54" ten="226,472,10,292" oya="3" hai0="4,11,13,133,89,56,1,98,68,67,117,20,33" hai1="42,124,26,34,69,58,8,129,48,15,99,112,77" hai2="2,114,103,110,62,27,63,37,51,45,125,73,66" hai3="38,116,109,84,108,6,131,49,50,43,96,119,80"/><W39/><G6/><T9/><D117/><N who="3" m="45129" /><G96/><T86/><D133/><U47/><E69/><V70/><F2/><W7/><G7/><T44/><D33/><U23/><E112/><V21/><F73/><W130/><G84/><T14/><D68/><U72/><E129/><N who="3" m="49162" /><G80/><T88/><D44/><U65/><E34/><V121/><F103/><W25/><G25/><T120/><D120/><U90/><E72/><V82/><F82/><W32/><G32/><T19/><D98/><U16/><E124/><V83/><F83/><W64/><G64/><T100/><D100/><U36/><E77/><V97/><F97/><W18/><G18/><T12/><D1/><U132/><E99/><V104/><F21/><W17/><G17/><T30/><D30/><U41/><E90/><V91/><F27/><W115/><G115/><T61/><D86/><U113/><E113/><V5/><F5/><AGARI ba="1,0" hai="4,5,9,11,12,13,14,19,20,56,61,67,88,89" machi="5" ten="30,8000,1" yaku="7,1,9,1,8,1,52,1,54,1" doraHai="54" who="0" fromWho="2" sc="226,83,472,0,10,-83,292,0" owari="309,11.0,472,57.0,-73,-57.0,292,-11.0" /></mjloggm>