<mjloggm ver="2.3"><GO type="169" lobby="0"/><UN n0="%EF%BC%93%E7%95%AA%E3%82%B7%E3%83%A7%E3%83%BC%E3%83%88%E5%9D%82%E7%94%B0" n1="%E3%81%B6%E3%83%BC%E3%81%95%E3%82%93%E3%81%AE%E4%BC%91%E6%81%AF%E2%99%AA" n2="%E7%9F%9B%E7%9B%BE" n3="%66%69%63%74%69%6F%6E" dan="17,16,16,16" rate="2184.34,2094.83,2078.57,2049.35" sx="M,M,M,M"/><TAIKYOKU oya="0"/><INIT seed="0,0,0,1,0,69" ten="250,250,250,250" oya="0" hai0="67,29,3,64,8,86,65,32,113,44,22,123,84" hai1="72,77,88,66,68,0,60,56,129,119,19,116,52" hai2="114,90,16,115,79,10,18,104,74,9,106,83,20" hai3="21,30,126,6,2,91,89,38,100,71,46,7,36"/><T92/><D113/><U55/><E0/><V124/><F124/><W78/><G71/><T75/><D32/><U54/><E129/><V76/><F90/><W59/><G126/><T40/><D75/><U105/><E105/><V13/><F79/><W62/><G78/><T99/><D123/><U81/><E68/><V53/><F53/><W73/><G73/><T45/><D3/><U108/><E108/><V1/><F1/><W4/><G2/><T34/><D8/><U50/><E50/><V131/><F131/><W93/><G46/><N who="0" m="18027" /><D34/><U5/><E5/><V133/><F133/><W47/><G47/><T49/><D49/><U121/><E121/><V98/><F98/><N who="3" m="59471" /><G91/><N who="0" m="55711" /><D40/><U96/><REACH who="1" step="1"/><E19/><REACH who="1" ten="250,240,250,250" step="2"/><V48/><F48/><W120/><G120/><T57/><D57/><U51/><E51/><V17/><F115/><W43/><G43/><T80/><D80/><U118/><E118/><V12/><F114/><W63/><G4/><T11/><D11/><U125/><E125/><V117/><REACH who="2" step="1"/><F117/><REACH who="2" ten="250,240,240,250" step="2"/><W130/><G130/><T27/><AGARI ba="0,2" hai="22,27,29,64,65,67,84,86" m="55711,18027" machi="27" ten="30,1500,0" yaku="8,1" doraHai="69" who="0" fromWho="0" sc="250,35,240,-5,240,-5,250,-5" /><INIT seed="0,1,0,1,5,62" ten="285,235,235,245" oya="0" hai0="83,117,5,125,71,92,98,56,84,131,129,104,119" hai1="127,118,53,57,102,36,107,96,111,24,121,25,14" hai2="115,89,58,65,18,35,106,101,6,78,109,27,82" hai3="30,74,21,55,41,95,90,116,77,91,75,87,29"/><T105/><D71/><U126/><E111/><V10/><F109/><W52/><G116/><N who="0" m="44619" /><D56/><U132/><E132/><V22/><F115/><W86/><G41/><T123/><D5/><U110/><E121/><V85/><F35/><W108/><G108/><T39/><D123/><U113/><E113/><V64/><F58/><W134/><G77/><N who="0" m="46191" /><D125/><N who="1" m="47627" /><E36/><V63/><F63/><W48/><G134/><T0/><D0/><U61/><E110/><V19/><F19/><W59/><G55/><T28/><D28/><U31/><E118/><V70/><F70/><W133/><G133/><T44/><D44/><U32/><E14/><V37/><F37/><W2/><G2/><T112/><D112/><U17/><E17/><V34/><F34/><W13/><G13/><T128/><D39/><U88/><E24/><V8/><F8/><W103/><G103/><AGARI ba="1,0" hai="92,98,103,104,105,128,129,131" m="46191,44619" machi="103" ten="40,7700,0" yaku="19,1,34,2" doraHai="62" who="0" fromWho="3" sc="285,80,235,0,235,0,245,-80" /><INIT seed="0,2,0,5,5,50" ten="365,235,235,165" oya="0" hai0="61,131,11,81,76,7,106,124,80,12,1,77,6" hai1="74,88,94,20,14,126,84,96,56,134,102,23,122" hai2="54,114,5,72,32,30,87,3,52,70,108,116,120" hai3="21,63,99,53,90,73,9,69,67,36,65,101,113"/><T10/><D106/><U35/><E134/><V60/><F114/><W112/><G73/><T34/><D34/><U49/><E126/><V58/><F120/><W66/><G36/><T91/><D124/><U135/><E135/><V48/><F72/><W128/><G128/><T41/><D131/><U109/><E109/><V111/><F70/><W15/><G21/><T79/><D41/><U29/><E74/><V39/><F39/><W95/><G69/><T97/><REACH who="0" step="1"/><D61/><REACH who="0" ten="355,235,235,165" step="2"/><U62/><E122/><V75/><F75/><W78/><G113/><T86/><D86/><U121/><E121/><V44/><F87/><W125/><G112/><T82/><D82/><U119/><E35/><V133/><F133/><W25/><G125/><T59/><D59/><U27/><E119/><V105/><F116/><W83/><G83/><T68/><D68/><U16/><E49/><V132/><F105/><W93/><G63/><T71/><D71/><U127/><E127/><V89/><F132/><W51/><G51/><T107/><D107/><U57/><E62/><V130/><F130/><W31/><G93/><AGARI ba="2,1" hai="1,6,7,10,11,12,76,77,79,80,81,91,93,97" machi="93" ten="40,2000,0" yaku="1,1,53,0" doraHai="50" doraHaiUra="98" who="0" fromWho="3" sc="355,36,235,0,235,0,165,-26" /><AGARI ba="2,0" hai="14,16,20,23,27,29,56,57,84,88,93,94,96,102" machi="93" ten="30,7700,0" yaku="7,1,8,1,54,2" doraHai="50" who="1" fromWho="3" sc="391,0,235,77,235,0,139,-77" /><INIT seed="0,3,0,3,3,50" ten="391,312,235,62" oya="0" hai0="32,126,101,8,49,12,78,80,39,106,92,73,110" hai1="112,6,21,125,131,83,13,119,64,124,70,45,27" hai2="90,7,116,88,44,10,19,23,34,117,71,132,87" hai3="91,103,81,93,94,0,26,133,86,123,63,121,68"/><T2/><D39/><U134/><E83/><V42/><F71/><W52/><G0/><T102/><D2/><U107/><E107/><V89/><F34/><W43/><G43/><T57/><D32/><U11/><E45/><V79/><F132/><W22/><G133/><T65/><D126/><N who="1" m="48747" /><E64/><V9/><F9/><W30/><G68/><T15/><D106/><U98/><E98/><V18/><F23/><W40/><G40/><T56/><D110/><U1/><E70/><V55/><F79/><W76/><G103/><T135/><D135/><U5/><E134/><V122/><F87/><W33/><G33/><T38/><D38/><U46/><E46/><V31/><F31/><W36/><G36/><T14/><D8/><N who="1" m="2095" /><E119/><N who="2" m="45643" /><F42/><W60/><G60/><T69/><D69/><U113/><E131/><V114/><F114/><W17/><G30/><AGARI ba="3,0" hai="6,11,13,21,27,30,112,113" m="2095,48747" machi="30" ten="30,3900,0" yaku="18,1,34,2" doraHai="50" who="1" fromWho="3" sc="391,0,312,48,235,0,62,-48" /><INIT seed="1,0,0,4,4,88" ten="391,360,235,14" oya="1" hai0="74,105,75,23,39,13,71,99,41,102,10,101,69" hai1="1,66,115,50,80,129,127,21,133,38,95,14,48" hai2="94,30,65,121,51,112,130,27,86,79,107,4,97" hai3="17,83,81,52,60,114,44,26,12,7,5,72,108"/><U91/><E115/><V25/><F130/><W0/><G114/><T35/><D35/><U49/><E1/><V120/><F112/><W11/><G108/><T58/><D39/><U2/><E2/><V126/><F126/><W124/><G124/><T3/><D41/><U113/><E113/><V89/><F4/><W104/><G104/><T33/><D33/><U32/><E32/><V110/><F65/><W8/><G72/><T42/><D42/><U70/><E127/><V40/><F110/><W68/><G68/><T36/><D36/><U98/><E38/><V128/><F128/><W73/><G73/><T76/><D58/><U132/><E129/><V55/><F40/><W22/><REACH who="3" step="1"/><G60/><REACH who="3" ten="391,360,235,4" step="2"/><T6/><D75/><U111/><E111/><V117/><F107/><W53/><G53/><T61/><D74/><U19/><REACH who="1" step="1"/><E80/><REACH who="1" ten="391,350,235,4" step="2"/><V125/><F125/><W28/><G28/><T134/><D71/><U119/><E119/><V93/><F30/><W43/><G43/><T85/><D69/><U54/><E54/><V45/><F117/><W20/><G20/><T67/><D23/><U9/><E9/><V135/><F55/><W103/><G103/><T78/><D101/><U47/><E47/><V84/><F45/><W15/><G15/><T77/><D3/><U96/><E96/><V37/><F97/><W116/><G116/><T18/><D13/><U31/><E31/><V62/><F120/><W29/><G29/><T34/><D34/><U92/><E92/><V46/><F94/><W87/><G87/><T63/><D10/><U123/><E123/><V16/><F93/><RYUUKYOKU ba="0,2" sc="391,-15,350,15,235,-15,4,15" hai1="14,19,21,48,49,50,66,70,91,95,98,132,133" hai3="0,5,7,8,11,12,17,22,26,44,52,81,83" /><INIT seed="1,1,2,4,1,134" ten="376,365,220,19" oya="1" hai0="40,114,44,56,126,35,1,76,39,93,98,102,8" hai1="75,28,85,74,94,12,15,30,131,58,122,96,38" hai2="92,4,123,24,34,63,73,86,37,22,77,41,66" hai3="109,18,97,6,129,71,111,5,21,61,2,55,36"/><U133/><E122/><V64/><F123/><W118/><G36/><T82/><D114/><U115/><E115/><V81/><F34/><W105/><G129/><T120/><D120/><U47/><E133/><V10/><F92/><W33/><G33/><T91/><D35/><U113/><E113/><V16/><F86/><W53/><G118/><T17/><D56/><U27/><E131/><V132/><F132/><W127/><G71/><T78/><D126/><U48/><E38/><V0/><F63/><W62/><G127/><T104/><D17/><U19/><E75/><V14/><REACH who="2" step="1"/><F24/><REACH who="2" ten="376,365,210,19" step="2"/><N who="3" m="14391" /><G105/><T125/><D125/><U32/><E74/><V70/><F70/><W51/><G97/><T89/><D104/><U49/><E30/><V128/><F128/><W68/><G62/><T106/><D106/><U59/><E85/><V25/><F25/><W108/><G2/><T13/><D1/><U3/><E3/><V69/><F69/><W11/><G11/><T50/><D8/><U110/><E110/><V52/><F52/><N who="3" m="20043" /><G51/><T31/><D50/><U95/><E49/><V88/><F88/><W116/><G116/><T43/><D89/><U100/><E48/><V117/><F117/><W121/><G121/><T80/><D91/><U54/><E54/><V84/><F84/><W42/><G42/><T20/><D40/><U135/><E135/><V107/><F107/><W103/><G103/><T90/><D90/><U23/><E100/><V124/><F124/><W99/><G99/><T9/><D31/><N who="1" m="19583" /><E96/><V46/><AGARI ba="1,3" hai="0,4,10,14,16,22,37,41,46,64,66,73,77,81" machi="46" ten="30,8000,1" yaku="1,1,0,1,25,2,54,1,53,0" doraHai="134" doraHaiUra="57" who="2" fromWho="2" sc="376,-21,365,-41,210,113,19,-21" owari="355,46.0,324,12.0,323,-8.0,-2,-50.0" /></mjloggm>