<mjloggm ver="2.3"><GO type="169" lobby="0"/><UN n0="%E3%83%9C%E3%83%9E%E3%83%BC" n1="%E3%81%B4%E3%81%8A%E3%81%B4%E3%81%8A%EF%BC%91%EF%BC%91" n2="%EF%BC%9D%E9%B7%BA%E6%A3%AE%E7%81%BC%EF%BC%9D" n3="%4C%41%47%2E%6A%70" dan="16,18,17,16" rate="2217.72,2264.68,2165.71,2081.24" sx="M,M,F,M"/><TAIKYOKU oya="0"/><INIT seed="0,0,0,5,1,14" ten="250,250,250,250" oya="0" hai0="31,132,119,62,83,36,22,114,46,76,120,130,52" hai1="112,61,115,73,60,34,18,6,9,12,116,107,21" hai2="5,45,65,53,15,96,0,8,124,85,24,104,82" hai3="127,47,55,39,66,48,23,63,1,49,13,102,90"/><T71/><D120/><U111/><E107/><V75/><F75/><W95/><G127/><T86/><D119/><U28/><E73/><V97/><F124/><W106/><G1/><T135/><D114/><N who="1" m="43563" /><E61/><V118/><F118/><W67/><G39/><T92/><D130/><U100/><E100/><V109/><F109/><W27/><G106/><T103/><D103/><U69/><E60/><V89/><F104/><W2/><G2/><T93/><D36/><U25/><E69/><V101/><F65/><W74/><G74/><T72/><D72/><U70/><E70/><V11/><F24/><W99/><G13/><T134/><D71/><U10/><E116/><V98/><F101/><W50/><G90/><T43/><D43/><U4/><E111/><V54/><REACH who="2" step="1"/><F45/><REACH who="2" ten="250,250,240,250" step="2"/><W51/><G67/><T81/><D46/><U40/><E40/><V29/><F29/><W19/><G66/><T64/><D64/><U16/><E34/><V113/><F113/><W32/><G32/><T87/><D31/><U44/><E44/><V79/><F79/><W94/><G47/><T131/><D131/><U3/><AGARI ba="0,1" hai="3,4,6,9,10,12,16,18,21,25,28" m="43563" machi="3" ten="30,12000,2" yaku="11,1,34,2,52,2,54,1" doraHai="14" who="1" fromWho="1" sc="250,-60,250,130,240,-30,250,-30" /><INIT seed="1,0,0,4,2,1" ten="190,380,210,220" oya="1" hai0="17,69,54,88,49,12,56,98,134,109,128,126,13" hai1="119,51,100,53,90,116,77,44,131,16,65,75,127" hai2="106,74,20,41,23,78,48,50,34,71,94,99,52" hai3="84,24,115,89,19,79,60,107,8,83,4,11,21"/><U64/><E131/><V66/><F34/><W0/><G115/><T47/><D69/><U35/><E127/><V104/><F41/><W6/><G107/><T96/><D128/><U55/><E35/><V31/><F71/><W7/><G60/><T92/><D126/><U120/><E120/><V72/><F66/><W32/><G32/><T43/><D109/><U133/><E133/><V91/><F48/><W3/><G7/><T62/><D134/><U101/><E75/><V42/><F42/><W14/><REACH who="3" step="1"/><G79/><REACH who="3" ten="190,380,210,210" step="2"/><T130/><D130/><U67/><E77/><V46/><F104/><W59/><G59/><T121/><D121/><U25/><E116/><V113/><F113/><W124/><G124/><T76/><D76/><U122/><E119/><V110/><F106/><W33/><G33/><T118/><D118/><U81/><E122/><V73/><F78/><W18/><G18/><T28/><D28/><U114/><E114/><V63/><F31/><W9/><G9/><T85/><REACH who="0" step="1"/><D13/><AGARI ba="0,1" hai="0,3,4,6,8,11,13,14,19,21,24,83,84,89" machi="13" ten="30,8000,1" yaku="1,1,7,1,9,1,52,2,53,0" doraHai="1" doraHaiUra="68" who="3" fromWho="0" sc="190,-80,380,0,210,0,210,90" /><INIT seed="2,0,0,1,3,132" ten="110,380,210,300" oya="2" hai0="12,83,86,52,135,59,90,126,23,118,122,69,61" hai1="108,33,42,91,124,100,39,13,125,29,107,8,43" hai2="54,134,78,82,130,11,25,77,32,70,17,75,68" hai3="10,105,19,49,27,21,30,6,128,98,35,99,96"/><V63/><F134/><W123/><G123/><T121/><D135/><U113/><E113/><V104/><F104/><W55/><G128/><T7/><D118/><U120/><E120/><V80/><F130/><W117/><G117/><T2/><D2/><U87/><E108/><V0/><F54/><W112/><G112/><T74/><D74/><U38/><E33/><V73/><F63/><W64/><G64/><T34/><D34/><U14/><E29/><N who="2" m="19503" /><F17/><W3/><G105/><T84/><D69/><U31/><E31/><V131/><F131/><W56/><REACH who="3" step="1"/><G99/><REACH who="3" ten="110,380,210,290" step="2"/><T111/><D111/><U129/><E129/><V114/><F114/><W93/><G93/><T72/><D72/><U53/><E107/><V94/><F94/><W76/><G76/><T44/><D86/><U28/><E87/><V92/><F92/><W116/><G116/><T20/><D122/><U22/><E39/><V16/><F78/><W109/><G109/><T48/><D121/><U41/><E38/><V50/><F75/><W101/><G101/><T85/><D85/><U4/><E100/><V26/><F77/><W57/><G57/><T119/><D119/><U106/><E106/><V127/><F70/><W88/><G88/><T36/><D36/><U115/><E91/><V133/><F68/><W102/><G102/><T66/><REACH who="0" step="1"/><D126/><REACH who="0" ten="100,380,210,290" step="2"/><U81/><E115/><V15/><F133/><W67/><G67/><T1/><D1/><U37/><E37/><V46/><F127/><W89/><G89/><T65/><D65/><U40/><N who="1" m="10240" /><DORA hai="95" /><U24/><E125/><V60/><F73/><W18/><G18/><RYUUKYOKU ba="0,2" sc="100,15,380,-15,210,-15,290,15" hai0="7,12,20,23,44,48,52,59,61,66,83,84,90" hai3="3,6,10,19,21,27,30,35,49,55,56,96,98" /><INIT seed="3,1,2,3,1,52" ten="115,365,195,305" oya="3" hai0="36,80,73,117,54,81,124,134,118,98,71,42,104" hai1="99,112,107,74,9,64,82,89,16,113,12,63,53" hai2="31,97,90,116,1,70,65,122,91,45,75,17,114" hai3="55,125,102,103,50,20,120,84,24,115,127,33,11"/><W32/><G84/><T15/><D71/><U132/><E132/><V39/><F114/><W77/><G77/><T86/><D134/><U105/><E53/><V83/><F1/><W13/><G115/><T93/><D124/><N who="3" m="47689" /><G102/><T4/><D36/><U69/><E105/><V18/><F116/><W46/><G103/><T23/><D42/><U61/><E61/><V126/><F91/><W29/><G120/><T85/><D73/><U88/><E107/><V96/><F122/><W40/><G40/><T119/><D104/><U67/><E67/><V60/><F126/><W68/><G68/><T5/><D54/><U79/><REACH who="1" step="1"/><E89/><REACH who="1" ten="115,355,195,305" step="2"/><V7/><F65/><W51/><G51/><T111/><D119/><U110/><E110/><V128/><F90/><W30/><G30/><T26/><D111/><U27/><E27/><V41/><F31/><W19/><AGARI ba="1,3" hai="11,13,19,20,24,29,32,33,46,50,55" m="47689" machi="19" ten="30,1500,0" yaku="18,1" doraHai="52" who="3" fromWho="3" sc="115,-6,355,-6,195,-6,305,48" /><INIT seed="3,2,0,1,0,127" ten="109,349,189,353" oya="3" hai0="72,98,117,22,1,11,110,65,19,66,54,10,129" hai1="90,82,31,84,95,43,106,13,36,114,78,55,24" hai2="87,14,80,85,26,128,29,74,76,69,7,9,115" hai3="49,132,46,17,64,0,104,16,41,60,112,68,109"/><W28/><G112/><T122/><D72/><U124/><E124/><V51/><F115/><W97/><G0/><T83/><D122/><U94/><E114/><V8/><F69/><W70/><G132/><T25/><D117/><U105/><E36/><V4/><F51/><W130/><G109/><T53/><D110/><U123/><E43/><V119/><F119/><W23/><G70/><T33/><D33/><U57/><E123/><V44/><F44/><W103/><REACH who="3" step="1"/><G130/><REACH who="3" ten="109,349,189,343" step="2"/><T102/><D129/><U77/><E105/><V38/><F128/><W100/><G100/><T2/><D102/><U126/><E106/><V118/><F118/><W96/><G96/><T63/><D98/><U5/><E126/><V107/><F107/><W71/><G71/><T39/><D1/><U62/><E78/><V20/><F38/><W92/><G92/><T48/><D39/><U15/><E94/><V88/><F88/><W47/><G47/><T59/><D2/><AGARI ba="2,1" hai="2,4,7,8,9,14,20,26,29,74,76,80,85,87" machi="2" ten="30,1000,0" yaku="7,1" doraHai="127" who="2" fromWho="0" sc="109,-16,349,0,189,26,343,0" /><INIT seed="4,0,0,2,4,49" ten="93,349,215,343" oya="0" hai0="70,5,10,18,65,90,13,4,39,80,36,94,88" hai1="78,55,50,111,35,120,20,95,109,48,93,108,29" hai2="123,47,131,43,31,57,132,84,79,91,122,56,21" hai3="63,9,23,59,121,28,58,17,69,26,73,81,7"/><T44/><D70/><U124/><E120/><V98/><F79/><W72/><G121/><T60/><D39/><U99/><E124/><V134/><F98/><W75/><G69/><T15/><D80/><U114/><E35/><V110/><F110/><W112/><G112/><T19/><D36/><U125/><E125/><V62/><F131/><W85/><G59/><T106/><D106/><U105/><E114/><V97/><F97/><W67/><G28/><T100/><D44/><U27/><E78/><V71/><F71/><W61/><G61/><T101/><D60/><U34/><E34/><V16/><F31/><W113/><G113/><T45/><D45/><U41/><E41/><V87/><F87/><W118/><G118/><T40/><D40/><U30/><E30/><V82/><F57/><W103/><G103/><T96/><D65/><U12/><E12/><V128/><F128/><W74/><G74/><T66/><D66/><U11/><E11/><V104/><F104/><W129/><G129/><T115/><D115/><U25/><E25/><V119/><F119/><W64/><G64/><T42/><D42/><U54/><E105/><V86/><F86/><W32/><G32/><T1/><D1/><U14/><E14/><N who="2" m="9367" /><F47/><W53/><G67/><T2/><D2/><U116/><E116/><V51/><F43/><W127/><G127/><T24/><D24/><U46/><E99/><V83/><F123/><W68/><G68/><T133/><D133/><N who="2" m="51306" /><F122/><W22/><G75/><T6/><D101/><U92/><E109/><V135/><N who="2" m="51314" /><V126/><DORA hai="37" /><F126/><W8/><G73/><RYUUKYOKU ba="0,0" sc="93,15,349,15,215,-15,343,-15" hai0="4,5,6,10,13,15,18,19,88,90,94,96,100" hai1="20,27,29,46,48,50,54,55,92,93,95,108,111" /><INIT seed="4,1,0,5,4,77" ten="108,364,200,328" oya="0" hai0="14,104,128,131,25,48,127,113,93,81,40,67,61" hai1="31,75,100,20,114,44,63,73,50,119,42,27,0" hai2="110,38,29,52,123,91,132,33,17,57,102,111,85" hai3="3,92,103,65,107,98,71,84,45,10,15,32,72"/><T6/><D104/><U35/><E119/><V41/><F123/><W11/><G32/><T105/><D105/><U59/><E0/><V96/><F41/><W69/><G72/><T74/><D127/><U122/><E122/><V121/><F38/><W80/><G107/><T18/><D113/><U87/><E114/><V13/><F121/><W2/><G65/><T94/><D25/><U68/><E68/><V130/><F130/><N who="0" m="49706" /><D6/><U79/><E100/><V83/><F132/><W129/><G129/><T66/><D48/><U115/><E115/><V88/><F91/><W47/><G71/><N who="0" m="42447" /><D40/><U99/><E35/><V43/><F43/><W118/><G69/><T124/><D67/><U28/><E28/><V26/><F13/><W101/><G2/><T116/><D124/><U90/><E99/><V86/><F17/><W4/><G118/><T5/><D5/><U76/><E75/><V7/><F85/><W117/><G117/><T24/><D24/><U54/><REACH who="1" step="1"/><E73/><REACH who="1" ten="108,354,200,328" step="2"/><V95/><F7/><W46/><G103/><T97/><D116/><U21/><E21/><V56/><F56/><W120/><G120/><T133/><D97/><U108/><E108/><V53/><REACH who="2" step="1"/><F57/><REACH who="2" ten="108,354,190,328" step="2"/><W125/><G125/><T62/><D133/><U60/><E60/><V135/><F135/><W51/><G3/><T37/><D62/><U23/><E23/><V39/><F39/><W89/><G11/><N who="0" m="6495" /><D37/><U70/><E70/><V1/><F1/><W112/><G112/><T58/><D58/><U9/><E9/><V36/><F36/><W8/><G8/><T106/><D106/><U12/><E12/><RYUUKYOKU ba="1,2" sc="108,0,354,0,190,0,328,0" hai0="74,81,93,94" hai1="20,27,31,42,44,50,54,59,63,76,79,87,90" hai2="26,29,33,52,53,83,86,88,95,96,102,110,111" hai3="4,10,15,45,46,47,51,80,84,89,92,98,101" /><INIT seed="4,2,2,3,2,35" ten="108,354,190,328" oya="0" hai0="6,51,31,56,98,123,13,26,82,8,95,107,36" hai1="40,66,109,76,41,117,27,80,102,1,74,29,114" hai2="22,50,45,60,58,89,23,63,130,87,79,49,30" hai3="0,97,113,127,132,20,25,4,14,85,37,59,93"/><T81/><D107/><U116/><E109/><V52/><F130/><W90/><G37/><T119/><D36/><U134/><E1/><V12/><F79/><W62/><G113/><T21/><D123/><U67/><E114/><V39/><F39/><W64/><G132/><T103/><REACH who="0" step="1"/><D119/><REACH who="0" ten="98,354,190,328" step="2"/><U69/><E116/><V68/><F68/><W120/><G120/><T43/><D43/><U61/><E117/><V75/><F75/><W124/><G124/><T71/><D71/><U100/><E134/><V70/><F70/><W125/><G127/><T112/><D112/><U42/><REACH who="1" step="1"/><E67/><REACH who="1" ten="98,344,190,328" step="2"/><V73/><F73/><W9/><G125/><T88/><D88/><U131/><E131/><V55/><F89/><W28/><REACH who="3" step="1"/><G85/><REACH who="3" ten="98,344,190,318" step="2"/><T46/><D46/><U104/><E104/><V92/><F87/><W105/><G105/><T16/><D16/><U118/><E118/><V86/><F86/><W72/><G72/><T121/><D121/><U53/><E53/><AGARI ba="2,5" hai="6,8,13,21,26,31,51,53,56,81,82,95,98,103" machi="53" ten="40,3900,0" yaku="1,1,8,1,53,0" doraHai="35" doraHaiUra="106" who="0" fromWho="1" sc="98,95,344,-45,190,0,318,0" /><INIT seed="4,3,0,4,3,31" ten="193,299,190,318" oya="0" hai0="4,119,14,25,22,28,82,29,33,30,54,72,129" hai1="1,90,58,98,86,125,78,71,5,96,123,107,88" hai2="68,108,38,0,97,63,61,99,23,105,60,126,9" hai3="39,55,59,85,49,65,92,21,7,37,64,91,8"/><T113/><D119/><U120/><E71/><V11/><F108/><W84/><G39/><T51/><D113/><U45/><E1/><V50/><F38/><W20/><G37/><T46/><D129/><U69/><E69/><V94/><F68/><W56/><G85/><T35/><D25/><U24/><E5/><V95/><F126/><W80/><G80/><T32/><D29/><U130/><E45/><V74/><F74/><W103/><G103/><T114/><D114/><U42/><E42/><V93/><F105/><W6/><G6/><T134/><D134/><U135/><E58/><V81/><F0/><W17/><G59/><T66/><D66/><U132/><E24/><V100/><F81/><W53/><G55/><T2/><D2/><U127/><E78/><V128/><F128/><W13/><G21/><T104/><D104/><U89/><E86/><V121/><F121/><N who="1" m="46665" /><E130/><V133/><F133/><N who="1" m="51273" /><E107/><V10/><F100/><W12/><AGARI ba="3,0" hai="7,8,12,13,17,20,49,53,56,64,65,84,91,92" machi="12" ten="20,8000,1" yaku="0,1,7,1,25,2,8,1" doraHai="31" who="3" fromWho="3" sc="193,-43,299,-23,190,-23,318,89" /><INIT seed="5,0,0,3,3,83" ten="150,276,167,407" oya="1" hai0="122,11,65,71,111,68,109,0,20,36,125,53,40" hai1="132,108,123,54,101,50,51,103,124,8,93,115,32" hai2="128,52,107,104,105,135,60,77,62,131,112,46,61" hai3="5,98,85,6,24,29,13,92,25,72,116,63,35"/><U126/><E123/><V38/><F135/><W87/><G72/><T102/><D102/><U31/><E132/><V88/><F77/><W10/><G116/><T106/><D106/><U26/><E115/><V18/><F112/><W57/><G5/><T14/><D0/><U3/><E108/><V118/><F118/><W94/><G25/><T99/><D99/><U17/><E51/><V95/><F18/><W120/><G120/><T55/><D125/><N who="1" m="48235" /><E93/><V34/><F34/><W110/><G110/><T64/><D20/><U30/><E31/><V100/><F100/><W134/><G134/><T74/><D74/><U39/><E39/><V16/><F16/><W117/><G94/><T67/><D14/><N who="1" m="7367" /><E3/><V9/><F9/><W96/><G96/><T21/><D11/><U41/><E41/><V121/><F121/><W127/><G117/><T81/><D21/><U76/><E76/><V86/><F38/><W97/><G97/><T66/><D81/><U2/><E2/><V42/><F42/><W75/><G127/><T23/><D23/><U84/><E84/><V78/><F78/><W1/><G1/><T130/><D122/><U119/><E119/><V82/><F95/><W4/><G75/><T90/><D111/><U44/><AGARI ba="0,0" hai="26,30,32,44,50,54,101,103" m="7367,48235" machi="44" ten="30,1500,0" yaku="18,1" doraHai="83" who="1" fromWho="1" sc="150,-5,276,15,167,-5,407,-5" /><INIT seed="5,1,0,2,5,118" ten="145,291,162,402" oya="1" hai0="53,133,33,26,107,79,18,115,95,114,105,36,68" hai1="58,16,132,10,65,7,2,108,30,74,13,11,89" hai2="0,31,6,99,110,43,59,121,126,61,129,100,55" hai3="134,97,3,49,72,116,103,52,46,21,24,125,44"/><U57/><E132/><V32/><F110/><W85/><G72/><T29/><D36/><U60/><E108/><V48/><F121/><W39/><G3/><T94/><D68/><U70/><E74/><V23/><F32/><W1/><G1/><T17/><D79/><U81/><REACH who="1" step="1"/><E30/><REACH who="1" ten="145,281,162,402" step="2"/><V96/><F31/><W131/><G134/><T28/><D133/><U37/><E37/><V14/><F126/><W34/><G125/><T78/><D33/><U104/><E104/><V47/><F129/><W64/><G131/><T67/><D107/><U15/><E15/><V119/><F119/><W69/><G39/><T90/><D105/><U117/><E117/><V120/><F0/><W82/><G116/><T62/><D29/><U124/><E124/><V87/><F14/><W9/><G34/><T41/><D28/><U106/><E106/><V54/><F120/><W5/><G24/><T35/><D26/><U101/><E101/><V86/><F100/><W50/><G103/><T27/><D27/><U91/><E91/><V51/><F23/><W66/><G21/><T102/><D90/><U38/><E38/><V20/><F20/><W98/><G9/><T22/><D102/><U25/><E25/><V112/><F112/><W127/><G127/><T130/><D35/><U4/><E4/><V111/><F6/><W92/><G5/><T77/><D130/><U80/><E80/><V109/><F109/><W42/><G82/><T128/><D128/><U12/><E12/><V113/><F111/><W93/><G93/><T76/><D115/><U73/><E73/><V40/><F113/><RYUUKYOKU ba="1,1" sc="145,-10,281,30,162,-10,402,-10" hai1="2,7,10,11,13,16,57,58,60,65,70,81,89" /><INIT seed="5,2,1,4,0,23" ten="135,311,152,392" oya="1" hai0="98,60,8,104,97,7,16,43,134,50,70,132,88" hai1="6,89,29,112,124,118,41,91,35,115,9,51,95" hai2="36,73,5,34,65,121,113,20,125,21,4,92,86" hai3="96,54,135,122,83,56,103,1,69,105,10,31,63"/><U26/><E118/><V30/><F121/><W131/><G122/><T46/><D104/><U18/><E124/><V93/><F73/><W64/><G135/><N who="0" m="51755" /><D70/><U42/><E18/><V75/><F75/><W82/><G131/><T72/><D72/><U28/><E28/><V78/><F36/><W24/><G10/><T119/><D60/><U14/><E91/><V108/><F108/><W13/><G13/><N who="0" m="7207" /><D7/><U40/><REACH who="1" step="1"/><E51/><REACH who="1" ten="135,301,152,392" step="2"/><V48/><F48/><N who="3" m="30791" /><G1/><T102/><D119/><U47/><E47/><V66/><F125/><W130/><G130/><T27/><D102/><U61/><E61/><V90/><F30/><W17/><G17/><T57/><D57/><U22/><E22/><V55/><F21/><W11/><G11/><T101/><D101/><U71/><E71/><V38/><F20/><W129/><G129/><T80/><D27/><U81/><E81/><V100/><F100/><W126/><G126/><T53/><D43/><U49/><E49/><V68/><F68/><W62/><G62/><T3/><D3/><U123/><E123/><V59/><F59/><W77/><G24/><T117/><D117/><U128/><E128/><V25/><F25/><W76/><G31/><T85/><AGARI ba="2,2" hai="46,50,53,80,85,88,97,98" m="7207,51755" machi="85" ten="30,7900,0" yaku="25,1,20,1,54,2" doraHai="23" who="0" fromWho="0" sc="135,105,301,-41,152,-22,392,-22" /><INIT seed="6,0,0,5,0,82" ten="240,260,130,370" oya="2" hai0="63,133,41,70,94,86,104,43,135,81,25,87,56" hai1="68,129,88,78,31,60,34,8,116,15,13,58,2" hai2="12,75,38,127,76,59,92,106,53,22,80,77,54" hai3="23,98,126,114,84,102,32,96,21,26,100,105,85"/><V19/><F106/><W73/><G73/><T122/><D70/><U46/><E116/><V27/><F127/><W118/><G118/><T101/><D104/><U52/><E129/><V36/><F77/><W28/><G126/><T134/><D122/><U125/><E125/><V93/><F54/><W33/><G114/><T4/><D4/><U111/><E111/><V99/><F12/><W71/><G71/><T79/><D25/><U35/><E68/><V50/><REACH who="2" step="1"/><F93/><REACH who="2" ten="240,260,120,370" step="2"/><W17/><G105/><T49/><D94/><U30/><E13/><V69/><F69/><W97/><G33/><T57/><D41/><U18/><E34/><V108/><F108/><W115/><G32/><T29/><D43/><U131/><E35/><V117/><F117/><W47/><G115/><T40/><D40/><U64/><E131/><V0/><F0/><W72/><G72/><T14/><D79/><U6/><E78/><V20/><F20/><W16/><G23/><T132/><D14/><U128/><E128/><V3/><F3/><W112/><G112/><T7/><D135/><U55/><E55/><V130/><F130/><W107/><G107/><T110/><D110/><U123/><E123/><V1/><F1/><W119/><G119/><T103/><D134/><U9/><E52/><V91/><AGARI ba="0,1" hai="19,22,27,36,38,50,53,59,75,76,80,91,92,99" machi="91" ten="20,7800,0" yaku="1,1,0,1,7,1,53,1" doraHai="82" doraHaiUra="45" who="2" fromWho="2" sc="240,-26,260,-26,120,88,370,-26" /><INIT seed="6,1,0,5,2,100" ten="214,234,208,344" oya="2" hai0="119,52,1,89,90,71,23,13,135,82,34,54,79" hai1="65,19,40,67,118,5,92,127,121,4,24,2,120" hai2="39,103,38,115,125,81,35,91,51,58,74,96,26" hai3="25,124,70,85,104,27,132,7,17,129,117,6,73"/><V114/><F125/><W31/><G73/><T30/><D71/><U10/><E118/><V8/><F8/><W128/><G70/><T101/><D1/><U49/><E127/><V60/><F51/><W123/><G124/><T43/><D43/><U76/><E76/><N who="2" m="44183" /><F91/><W15/><G85/><T133/><D34/><U130/><E130/><V95/><F35/><W98/><G117/><T64/><D101/><U59/><E92/><V113/><F26/><W12/><G98/><T32/><D64/><AGARI ba="1,0" hai="38,39,58,60,64,95,96,103,113,114,115" m="44183" machi="64" ten="30,1500,0" yaku="15,1" doraHai="100" who="2" fromWho="0" sc="214,-18,234,0,208,18,344,0" /><INIT seed="6,2,0,4,4,114" ten="196,234,226,344" oya="2" hai0="109,67,115,27,135,74,102,116,17,43,21,30,110" hai1="86,6,5,39,123,2,98,7,112,82,120,52,84" hai2="99,134,54,71,44,57,48,97,25,130,104,63,72" hai3="100,49,96,118,24,34,51,20,127,73,76,31,0"/><V3/><F72/><W90/><G118/><T42/><D74/><U40/><E112/><V18/><F3/><W77/><G0/><T78/><D115/><U128/><E128/><V19/><F130/><W70/><G70/><T87/><D116/><U117/><E2/><V33/><F134/><W126/><G90/><T69/><D135/><U1/><E1/><V10/><F71/><W60/><G60/><T80/><D102/><U59/><E98/><V23/><F33/><W121/><G121/><N who="1" m="46666" /><E117/><V131/><F131/><W75/><G34/><T11/><D69/><U85/><E40/><V61/><F61/><W50/><G75/><T111/><D67/><U56/><E39/><V79/><F79/><W16/><G31/><T62/><D62/><N who="1" m="36103" /><E59/><V38/><F38/><W66/><G66/><T125/><D125/><N who="3" m="47625" /><G73/><T107/><D107/><AGARI ba="2,0" hai="16,20,24,49,50,51,76,77,96,100,107" m="47625" machi="107" ten="30,2000,0" yaku="18,1,54,1" doraHai="114" who="3" fromWho="0" sc="196,-26,234,0,226,0,344,26" /><INIT seed="7,0,0,5,2,19" ten="170,234,226,370" oya="3" hai0="72,25,41,83,5,126,122,92,35,46,48,108,33" hai1="117,104,31,105,57,50,91,0,121,77,30,93,60" hai2="64,132,71,124,79,45,75,94,80,16,96,88,82" hai3="70,3,36,55,24,81,39,103,84,38,99,135,76"/><W118/><G118/><T102/><D122/><U7/><E121/><V110/><F110/><W115/><G3/><T129/><D108/><U63/><E77/><V97/><F132/><W28/><G70/><T26/><D129/><U106/><E117/><V69/><F124/><W32/><G115/><T73/><D126/><U87/><E50/><V14/><F64/><W58/><G135/><T134/><D134/><U109/><E109/><V111/><F111/><W27/><G27/><T37/><D37/><U15/><E0/><V130/><F130/><W49/><G39/><T101/><D5/><U40/><E40/><V1/><F1/><W53/><G53/><T62/><D62/><U9/><REACH who="1" step="1"/><E63/><REACH who="1" ten="170,224,226,370" step="2"/><V4/><F79/><W112/><G112/><T125/><D125/><U119/><E119/><V95/><F75/><W43/><G43/><T89/><D72/><U78/><E78/><V98/><F45/><W131/><G131/><T114/><D114/><U66/><AGARI ba="0,1" hai="7,9,15,30,31,57,60,66,87,91,93,104,105,106" machi="66" ten="30,4000,0" yaku="1,1,0,1,53,1" doraHai="19" doraHaiUra="52" who="1" fromWho="1" sc="170,-10,224,50,226,-10,370,-20" owari="160,-34.0,274,7.0,216,-18.0,350,45.0" /></mjloggm>