<mjloggm ver="2.3"><GO type="169" lobby="0"/><UN n0="%6F%72%74%68%6F%70%65%64" n1="%74%2E%6F%2E%6F%2E%73" n2="%E3%83%95%E3%83%BC%E3%82%AC" n3="%E3%82%A8%E3%82%B9%E3%82%BF%E3%83%BC" dan="16,18,18,17" rate="2051.49,2264.55,2170.78,2180.59" sx="M,M,M,M"/><TAIKYOKU oya="0"/><INIT seed="0,0,0,2,2,23" ten="250,250,250,250" oya="0" hai0="13,70,89,73,62,34,76,104,99,85,127,56,47" hai1="118,119,64,116,46,101,24,91,94,40,126,45,60" hai2="43,106,69,81,58,131,51,100,25,105,2,10,87" hai3="42,68,17,90,37,41,38,88,65,15,135,35,49"/><T11/><D34/><U117/><E126/><V44/><F131/><W12/><G35/><T7/><D70/><U129/><E129/><V71/><F71/><W74/><G74/><T59/><D47/><U83/><E101/><V16/><F69/><W123/><G68/><T66/><D127/><U86/><N who="1" m="29696" /><DORA hai="20" /><U18/><E83/><V113/><F113/><W53/><G135/><T72/><D76/><U1/><E1/><V9/><F2/><W4/><G17/><T14/><D14/><U52/><E64/><V133/><F133/><W55/><G49/><T50/><D99/><U36/><E18/><V79/><F100/><W111/><G65/><T22/><D22/><U67/><E67/><V130/><F130/><W57/><G57/><T0/><D104/><U96/><E24/><V30/><F58/><W112/><G112/><T132/><D0/><U98/><REACH who="1" step="1"/><E60/><REACH who="1" ten="250,240,250,250" step="2"/><V77/><F77/><W115/><G115/><T107/><D132/><U93/><E93/><V124/><F124/><W122/><REACH who="3" step="1"/><G4/><REACH who="3" ten="250,240,250,240" step="2"/><T39/><D7/><U21/><E21/><N who="2" m="15663" /><F105/><W108/><AGARI ba="0,2" hai="12,15,37,38,41,42,53,55,88,90,108,111,122,123" machi="108" ten="25,8000,1" yaku="1,1,0,1,22,2,54,1,53,0" doraHai="23,20" doraHaiUra="29,28" who="3" fromWho="3" sc="250,-40,240,-20,250,-20,240,100" /><INIT seed="1,0,0,3,4,8" ten="210,220,230,340" oya="1" hai0="29,43,31,71,122,76,108,126,118,26,89,4,1" hai1="5,110,51,32,117,27,107,7,119,35,99,38,49" hai2="47,128,61,96,135,133,106,42,65,10,62,53,15" hai3="121,94,33,37,39,3,125,92,102,36,2,44,81"/><U97/><E27/><V114/><F128/><W57/><G121/><T23/><D71/><U127/><E38/><V132/><F114/><W80/><G44/><T20/><D76/><U100/><E100/><V111/><F111/><W9/><G33/><T70/><D70/><U77/><E77/><V98/><F53/><W101/><G57/><T45/><D89/><U24/><E24/><V34/><F34/><W109/><G109/><T116/><D45/><U75/><E110/><V18/><F106/><W85/><G85/><T55/><D55/><U30/><E107/><V129/><F129/><W74/><G9/><T0/><D43/><U104/><E104/><V21/><F10/><W82/><G74/><T69/><D69/><U25/><E25/><V58/><REACH who="2" step="1"/><F62/><REACH who="2" ten="210,220,220,340" step="2"/><W95/><REACH who="3" step="1"/><G125/><REACH who="3" ten="210,220,220,330" step="2"/><T72/><D108/><U130/><E127/><V6/><F6/><W67/><G67/><T87/><D126/><U28/><REACH who="1" step="1"/><E130/><REACH who="1" ten="210,210,220,330" step="2"/><V131/><F131/><W115/><G115/><T86/><D122/><U64/><E64/><V93/><F93/><W46/><G46/><T73/><D118/><U52/><E52/><V91/><F91/><W22/><G22/><T14/><D116/><U83/><E83/><V48/><AGARI ba="0,3" hai="15,18,21,42,47,48,58,61,65,96,98,132,133,135" machi="48" ten="30,8000,1" yaku="1,1,0,1,20,1,52,1,53,1" doraHai="8" doraHaiUra="60" who="2" fromWho="2" sc="210,-20,210,-40,220,110,330,-20" /><INIT seed="2,0,0,1,5,19" ten="190,170,330,310" oya="2" hai0="53,107,25,89,68,126,18,81,75,40,82,4,108" hai1="122,28,33,61,118,125,97,27,0,60,120,124,106" hai2="30,62,104,2,112,90,110,131,35,9,8,119,109" hai3="133,32,93,70,87,7,45,5,99,37,21,12,47"/><V11/><F104/><W117/><G32/><T73/><D68/><U91/><E118/><V80/><F62/><W69/><G117/><T57/><D107/><U58/><E0/><V59/><F119/><W44/><G37/><T42/><D4/><U71/><E58/><V102/><F59/><W22/><G133/><T43/><D108/><N who="2" m="41578" /><F102/><W77/><G69/><T34/><D126/><N who="1" m="48747" /><E91/><V56/><F56/><W115/><G70/><T88/><D34/><U129/><E129/><V127/><F127/><W14/><G115/><T6/><D6/><N who="3" m="2057" /><G12/><T92/><D75/><U86/><E86/><N who="2" m="50503" /><F112/><W76/><G14/><T85/><D73/><U84/><E84/><V3/><F131/><W72/><G72/><T114/><D114/><U15/><E15/><V116/><F116/><W83/><G76/><T105/><D89/><AGARI ba="0,0" hai="21,22,44,45,47,77,83,87,89,93,99" m="2057" machi="89" ten="30,3900,0" yaku="8,1,52,2" doraHai="19" who="3" fromWho="0" sc="190,-39,170,0,330,0,310,39" /><INIT seed="3,0,0,1,1,6" ten="151,170,330,349" oya="3" hai0="54,98,15,122,20,127,130,76,30,23,60,78,67" hai1="114,99,102,44,84,47,110,21,111,89,109,106,101" hai2="91,36,1,58,19,105,10,97,59,33,42,28,52" hai3="34,43,118,57,92,9,49,94,115,120,68,128,18"/><W79/><G68/><T27/><D122/><U117/><E114/><V66/><F36/><W51/><G34/><T29/><D127/><U63/><E117/><V132/><F132/><W14/><G115/><T82/><D130/><U32/><E32/><V3/><F42/><W121/><G118/><T107/><D54/><U129/><E129/><V17/><F28/><W40/><G128/><T37/><D37/><U48/><E101/><V12/><F33/><W56/><G79/><T11/><D98/><U126/><E126/><V86/><F19/><W135/><G18/><T112/><D107/><U62/><E21/><V104/><F59/><W55/><G55/><T35/><D30/><U85/><E85/><V38/><F38/><W50/><G50/><T125/><D125/><U64/><E48/><V74/><F74/><W131/><G131/><T113/><D112/><U116/><E116/><V5/><F66/><W24/><G14/><T100/><D100/><U103/><E103/><V26/><F97/><W2/><G24/><T124/><D124/><U41/><E41/><V0/><F5/><W39/><G39/><T53/><D53/><U95/><REACH who="1" step="1"/><E62/><REACH who="1" ten="151,160,330,349" step="2"/><V90/><F86/><W96/><G96/><T108/><D113/><U46/><E46/><V65/><F104/><W88/><G49/><T22/><D108/><U75/><E75/><V31/><F105/><W93/><G51/><T133/><D133/><U16/><E16/><V45/><F45/><W72/><G43/><T70/><D82/><U73/><E73/><V80/><F80/><W13/><G40/><T123/><D123/><RYUUKYOKU ba="0,1" sc="151,15,160,15,330,-15,349,-15" hai0="11,15,20,22,23,27,29,35,60,67,70,76,78" hai1="44,47,63,64,84,89,95,99,102,106,109,110,111" /><INIT seed="4,1,1,4,0,30" ten="166,175,315,334" oya="0" hai0="109,15,77,37,26,71,98,106,131,19,16,128,49" hai1="11,81,84,54,116,40,8,24,10,118,5,12,117" hai2="121,38,63,86,70,130,75,125,112,132,69,127,57" hai3="83,4,87,39,78,46,2,124,111,67,129,120,29"/><T53/><D37/><U76/><E40/><V47/><F75/><W85/><G67/><T41/><D41/><U133/><E133/><V123/><F86/><W102/><G111/><T97/><D71/><N who="2" m="27146" /><F132/><W82/><G46/><T92/><D77/><U114/><E114/><V55/><F112/><W61/><G39/><T32/><D109/><U64/><E64/><V13/><F13/><W96/><G61/><T79/><D79/><U31/><REACH who="1" step="1"/><E54/><REACH who="1" ten="166,165,315,334" step="2"/><V3/><F55/><W21/><G120/><T74/><D128/><U101/><E101/><V91/><F130/><W80/><G102/><T135/><D131/><U14/><E14/><V89/><F123/><W20/><G129/><T73/><D135/><U95/><E95/><V65/><F121/><W115/><G115/><T42/><D42/><U27/><E27/><V99/><F65/><W36/><G80/><T51/><D15/><U22/><AGARI ba="1,2" hai="5,8,10,11,12,22,24,31,76,81,84,116,117,118" machi="22" ten="30,2000,0" yaku="1,1,0,1,53,0" doraHai="30" doraHaiUra="48" who="1" fromWho="1" sc="166,-11,165,43,315,-6,334,-6" /><INIT seed="5,0,0,5,4,98" ten="155,208,309,328" oya="1" hai0="59,42,65,123,30,19,95,97,73,41,45,83,16" hai1="72,15,39,107,105,13,121,101,34,0,127,133,25" hai2="135,7,88,87,124,118,82,74,94,116,78,38,114" hai3="128,103,75,28,8,104,29,129,71,70,17,69,6"/><U48/><E121/><V100/><F38/><W24/><G75/><T18/><D123/><U86/><E39/><V57/><F7/><W22/><G104/><T50/><D30/><U33/><E72/><V68/><F68/><W117/><G117/><T67/><D42/><U134/><E0/><V81/><F57/><W31/><REACH who="3" step="1"/><G103/><REACH who="3" ten="155,208,309,318" step="2"/><T115/><D115/><U20/><E101/><V60/><F114/><W110/><G110/><T90/><REACH who="0" step="1"/><D59/><REACH who="0" ten="145,208,309,318" step="2"/><U77/><E133/><V11/><F135/><W91/><G91/><T43/><D43/><U84/><E134/><V112/><F88/><W76/><G76/><AGARI ba="0,2" hai="16,18,19,41,45,50,65,67,73,76,83,90,95,97" machi="76" ten="40,2600,0" yaku="1,1,54,1,53,0" doraHai="98" doraHaiUra="58" who="0" fromWho="3" sc="145,46,208,0,309,0,318,-26" /><INIT seed="6,0,0,5,4,59" ten="191,208,309,292" oya="2" hai0="134,77,39,22,70,11,35,64,122,24,49,28,121" hai1="31,95,21,40,82,66,60,115,76,3,96,94,78" hai2="87,46,1,131,107,54,37,52,6,133,130,10,135" hai3="80,51,2,18,19,29,89,132,27,65,8,108,111"/><V20/><F107/><W128/><G132/><N who="2" m="50761" /><F20/><W56/><G128/><N who="2" m="49193" /><F87/><W26/><G2/><T32/><D39/><U62/><E115/><V106/><F106/><W116/><G116/><T9/><D49/><U42/><E3/><V34/><F34/><N who="0" m="12842" /><D64/><U123/><E123/><N who="0" m="47113" /><D70/><U43/><E94/><V85/><F85/><W47/><G89/><T16/><D77/><N who="1" m="29803" /><E66/><V126/><F126/><W74/><G8/><N who="0" m="3147" /><D134/><U44/><E44/><V23/><F23/><W93/><G93/><T79/><D79/><U61/><E82/><V124/><F124/><W110/><G80/><T71/><D71/><U33/><E33/><V58/><F58/><W7/><G56/><T50/><D50/><U0/><E0/><V114/><F114/><W45/><G51/><T72/><D72/><U68/><E68/><V41/><AGARI ba="0,0" hai="1,6,10,37,41,46,52,54" m="49193,50761" machi="41" ten="40,7800,0" yaku="20,1,19,1,54,1" doraHai="59" who="2" fromWho="2" sc="191,-26,208,-26,309,78,292,-26" /><INIT seed="6,1,0,3,5,67" ten="165,182,387,266" oya="2" hai0="101,12,80,2,64,59,19,65,129,122,47,84,55" hai1="83,43,3,54,82,72,95,105,29,104,69,34,18" hai2="32,21,133,135,9,44,28,132,119,57,92,24,99" hai3="76,7,93,112,81,1,103,90,87,78,124,56,75"/><V100/><F119/><W33/><G33/><T71/><D2/><U70/><E3/><V115/><F115/><W88/><G124/><T98/><D122/><U58/><E43/><V31/><F9/><W96/><G7/><T62/><D47/><U23/><E95/><V116/><F116/><W109/><G1/><T77/><D129/><U126/><E126/><V42/><F57/><W128/><G109/><T48/><D65/><U4/><E4/><V41/><F44/><W36/><G36/><T11/><D98/><U86/><E72/><V111/><F111/><W27/><G27/><AGARI ba="1,0" hai="21,24,27,28,31,32,41,42,92,99,100,132,133,135" machi="27" ten="40,2000,0" yaku="20,1" doraHai="67" who="2" fromWho="3" sc="165,0,182,0,387,23,266,-23" /><INIT seed="6,2,0,3,4,79" ten="165,182,410,243" oya="2" hai0="38,53,73,43,23,74,98,60,95,0,110,93,89" hai1="132,117,133,87,94,9,58,76,31,62,72,17,99" hai2="82,34,14,71,67,78,96,122,30,131,41,35,81" hai3="54,26,108,7,127,56,88,16,5,120,68,55,3"/><V28/><F122/><W118/><G68/><T18/><D0/><U70/><E117/><V129/><F41/><W124/><G108/><T134/><D110/><U64/><E31/><N who="2" m="11819" /><F78/><W19/><G118/><T97/><D134/><U33/><E33/><N who="2" m="12299" /><F14/><W80/><G120/><T24/><D38/><U115/><E115/><V40/><F40/><W13/><G3/><T86/><D43/><U29/><E72/><V106/><F71/><W83/><G26/><T37/><D37/><U101/><E29/><V11/><F11/><W50/><G54/><T63/><D63/><U109/><E70/><V32/><F32/><W42/><G42/><T49/><D86/><U103/><E109/><V21/><F21/><N who="3" m="11407" /><G19/><T1/><D1/><U61/><E61/><V47/><F47/><W39/><G39/><T4/><D4/><N who="3" m="1609" /><G88/><N who="0" m="55463" /><D49/><U107/><E107/><V111/><F67/><W113/><G113/><T15/><D15/><N who="1" m="7407" /><E133/><V90/><F111/><W10/><G10/><T52/><D53/><U126/><E132/><V6/><F6/><W102/><G102/><T123/><D123/><U84/><E103/><N who="2" m="62823" /><F90/><W44/><G44/><T12/><D12/><U51/><E51/><V66/><F66/><W36/><G36/><T125/><D125/><AGARI ba="2,0" hai="50,55,56,80,83,124,125,127" m="1609,11407" machi="125" ten="30,7700,0" yaku="18,1,52,2,54,1" doraHai="79" who="3" fromWho="0" sc="165,-83,182,0,410,0,243,83" /><INIT seed="7,0,0,5,3,36" ten="82,182,410,326" oya="3" hai0="89,50,82,86,135,68,0,96,37,56,54,128,116" hai1="40,6,48,4,90,55,121,81,118,58,131,106,122" hai2="111,91,53,49,84,127,108,38,79,65,33,80,11" hai3="99,19,100,46,92,64,125,102,110,7,15,83,63"/><W85/><G7/><T30/><D116/><U67/><E106/><V114/><F38/><W13/><G125/><T5/><D68/><U62/><E131/><V94/><F127/><W21/><G110/><T24/><D128/><U109/><E109/><V87/><F33/><W115/><G115/><T22/><D37/><U97/><E40/><V59/><F114/><W3/><G3/><T28/><D0/><U25/><E118/><V104/><F104/><W103/><G46/><T66/><D135/><U23/><E121/><V16/><F65/><W12/><G102/><T98/><D5/><U34/><E34/><V43/><F43/><W44/><G44/><T14/><D66/><U101/><E101/><V57/><F57/><W120/><G103/><T88/><D14/><U93/><E81/><V1/><F1/><W61/><G120/><T132/><D132/><U113/><E122/><V32/><F32/><W35/><G35/><T51/><D28/><N who="1" m="17471" /><E113/><V31/><F31/><W129/><G129/><T123/><D123/><U41/><E41/><V130/><F130/><W105/><G105/><T47/><REACH who="0" step="1"/><D89/><REACH who="0" ten="72,182,410,326" step="2"/><U95/><E4/><V69/><F69/><W52/><G64/><T18/><D18/><U112/><E6/><V8/><F111/><W70/><G70/><T76/><D76/><U10/><E112/><V17/><F108/><W26/><G63/><T117/><D117/><U9/><E67/><V78/><F78/><N who="3" m="46327" /><G61/><T20/><D20/><U119/><E119/><V42/><F42/><AGARI ba="0,1" hai="22,24,30,42,47,50,51,54,56,82,86,88,96,98" machi="42" ten="30,12000,2" yaku="1,1,7,1,8,1,52,1,54,1,53,1" doraHai="36" doraHaiUra="77" who="0" fromWho="2" sc="72,130,182,0,410,-120,326,0" owari="202,-20.0,182,-32.0,290,9.0,326,43.0" /></mjloggm>