<mjloggm ver="2.3"><GO type="169" lobby="0"/><UN n0="%E3%81%B2%E3%81%94%E3%82%93%E3%81%9F" n1="%61%6E%64%6F%35%35" n2="%E5%B8%B0%E3%82%8A%E3%81%9F%E3%81%84%E3%80%82" n3="%E3%83%9C%E3%82%B3%E3%83%9C%E3%82%B3%E3%81%AA%E3%81%A3%E3%81%A1%E3%82%87" dan="16,16,17,16" rate="2158.64,2159.00,2154.44,2070.91" sx="M,M,M,M"/><TAIKYOKU oya="0"/><INIT seed="0,0,0,4,0,111" ten="250,250,250,250" oya="0" hai0="109,91,9,83,0,132,92,69,58,30,26,97,134" hai1="20,35,17,55,93,78,5,85,130,62,74,29,71" hai2="80,99,22,66,127,119,104,3,135,133,48,31,96" hai3="64,129,70,19,63,102,110,41,94,40,10,103,46"/><T45/><D69/><U116/><E116/><V14/><F3/><W7/><G110/><T12/><D109/><U16/><E74/><V75/><F127/><W120/><G129/><T50/><D0/><U15/><E130/><V11/><F66/><W6/><G120/><T98/><D58/><N who="1" m="35167" /><E35/><V47/><F31/><W121/><G121/><T27/><D83/><N who="1" m="47351" /><E71/><V51/><F22/><W123/><G123/><T77/><D77/><U36/><E36/><V54/><F119/><W38/><G41/><T21/><D98/><U115/><E115/><V2/><F2/><W56/><G19/><T57/><D57/><U25/><E93/><V87/><F75/><W44/><G44/><T124/><D124/><U42/><E42/><V86/><F48/><W106/><G106/><T18/><REACH who="0" step="1"/><D27/><REACH who="0" ten="240,250,250,250" step="2"/><U34/><E34/><V128/><F128/><W101/><G56/><T67/><D67/><U114/><E114/><V32/><F32/><W52/><G70/><T126/><D126/><U8/><AGARI ba="0,1" hai="5,8,15,16,17,20,25,29" m="47351,35167" machi="8" ten="30,2000,0" yaku="8,1,54,1" doraHai="111" who="1" fromWho="1" sc="240,-10,250,30,250,-5,250,-5" /><INIT seed="1,0,0,2,5,34" ten="230,280,245,245" oya="1" hai0="9,114,51,32,73,103,44,7,55,82,30,65,131" hai1="38,106,96,40,95,93,25,91,56,124,57,130,99" hai2="100,64,8,19,116,86,113,90,128,104,18,77,88" hai3="13,39,118,15,1,109,35,135,14,28,119,71,17"/><U16/><E106/><V74/><F116/><N who="3" m="44587" /><G39/><T133/><D133/><U117/><E117/><V67/><F128/><W23/><G71/><T52/><D114/><U102/><E130/><V20/><F113/><W11/><G135/><T5/><D131/><U126/><E40/><V6/><F104/><W58/><G58/><T66/><D103/><U54/><E38/><V12/><F100/><W47/><G47/><T110/><D110/><U21/><REACH who="1" step="1"/><E57/><REACH who="1" ten="230,270,245,245" step="2"/><V112/><F112/><W63/><G109/><T129/><D129/><U0/><E0/><V94/><F67/><W72/><G72/><T3/><D66/><U87/><E87/><V81/><F64/><W79/><G1/><T42/><D65/><U33/><E33/><V59/><F59/><W120/><G35/><T108/><D108/><U60/><AGARI ba="0,1" hai="16,21,25,54,56,60,91,93,95,96,99,102,124,126" machi="60" ten="30,12000,1" yaku="1,1,0,1,25,2,54,1,53,0" doraHai="34" doraHaiUra="69" who="1" fromWho="1" sc="230,-40,270,130,245,-40,245,-40" /><INIT seed="1,1,0,2,5,117" ten="190,400,205,205" oya="1" hai0="109,84,24,59,129,111,67,12,45,93,57,115,92" hai1="110,104,30,11,127,72,17,26,105,119,29,1,66" hai2="50,9,118,78,27,54,74,37,32,75,132,97,7" hai3="18,63,86,88,62,77,85,19,122,83,125,42,131"/><U81/><E119/><V107/><F37/><W40/><G125/><T44/><D115/><U8/><E127/><V130/><F118/><W51/><G131/><T23/><D129/><U91/><E66/><V64/><F130/><W124/><G124/><T3/><D12/><U128/><E128/><V13/><F132/><W70/><G122/><T113/><D3/><U98/><E30/><V108/><F108/><N who="0" m="41546" /><D113/><U106/><E110/><V35/><F64/><W94/><G70/><T55/><D67/><U21/><E1/><V0/><F78/><W90/><G77/><T5/><D59/><U46/><E72/><V99/><F0/><W52/><G42/><T28/><D5/><U22/><E46/><N who="0" m="18025" /><D84/><U38/><E38/><V69/><F69/><W71/><G71/><T100/><D100/><U43/><E43/><V80/><F75/><W103/><G103/><T101/><D101/><U133/><E133/><V89/><F74/><W116/><G40/><T10/><D10/><U135/><E135/><V79/><F9/><W53/><G116/><T102/><D102/><U34/><E34/><V126/><F35/><W56/><REACH who="3" step="1"/><G53/><REACH who="3" ten="190,400,205,195" step="2"/><T6/><D6/><U68/><E68/><V49/><F7/><W120/><G120/><T15/><D15/><U114/><E114/><V96/><F13/><W39/><G39/><T134/><D134/><U25/><E106/><V20/><F107/><W36/><G36/><T82/><D82/><U16/><E104/><V60/><F80/><W95/><G95/><T121/><D121/><U48/><E81/><V61/><F126/><W41/><G41/><RYUUKYOKU ba="1,1" sc="190,15,400,-15,205,-15,195,15" hai0="23,24,28,55,57,92,93" hai3="18,19,51,52,56,62,63,83,85,86,88,90,94" /><INIT seed="2,2,1,0,5,23" ten="205,385,190,210" oya="2" hai0="85,76,60,88,116,126,46,22,54,31,118,99,27" hai1="132,114,4,5,101,130,110,87,49,21,84,109,131" hai2="11,121,50,37,79,74,44,92,73,1,51,122,30" hai3="57,28,75,7,39,124,25,52,67,66,26,105,91"/><V33/><F33/><W80/><G39/><T8/><D126/><U69/><E69/><V134/><F134/><W115/><G124/><T98/><D8/><U97/><E114/><V13/><F30/><W135/><G105/><T81/><D76/><U0/><E132/><V2/><F37/><W119/><G119/><N who="0" m="45611" /><D46/><U48/><E0/><V34/><F34/><W112/><G135/><T10/><D10/><U129/><E21/><V123/><F92/><W77/><G7/><N who="1" m="2634" /><E84/><V96/><F96/><W103/><G103/><T40/><D40/><U128/><N who="1" m="32768" /><DORA hai="20" /><U70/><E87/><V43/><F50/><N who="1" m="19561" /><E70/><V42/><F43/><W14/><G14/><T29/><D29/><U64/><E64/><N who="3" m="24618" /><G28/><T104/><D104/><AGARI ba="2,1" hai="97,101,104,109,110" m="19561,32768,2634" machi="104" ten="60,2000,0" yaku="19,1" doraHai="23,20" who="1" fromWho="0" sc="205,-26,385,36,190,0,210,0" /><INIT seed="3,0,0,0,3,51" ten="179,421,190,210" oya="3" hai0="38,74,83,89,65,80,30,29,72,33,10,25,85" hai1="109,77,97,133,26,32,95,68,79,61,6,15,18" hai2="122,47,52,131,91,132,125,104,101,108,55,40,4" hai3="99,92,56,117,96,39,78,8,66,124,63,50,118"/><W31/><G124/><T129/><D129/><U19/><E109/><V69/><F108/><W16/><G39/><T98/><D38/><U105/><E105/><V21/><F131/><W121/><G121/><T120/><D120/><U13/><E133/><V106/><F122/><W53/><G78/><T11/><D65/><U49/><E6/><V128/><F128/><W23/><G8/><T90/><D98/><U20/><E68/><V82/><F69/><W2/><G2/><T42/><D42/><U76/><E61/><V59/><F4/><W93/><G31/><T100/><D100/><U35/><E26/><V41/><F101/><W34/><G34/><T43/><D43/><U116/><E116/><V126/><F132/><W71/><G93/><T37/><D37/><U0/><E0/><V62/><F21/><W70/><G99/><T46/><D46/><U110/><E110/><V130/><F130/><W119/><G71/><T58/><D58/><U73/><E73/><V54/><F40/><W3/><G3/><T57/><D57/><U102/><REACH who="1" step="1"/><E49/><REACH who="1" ten="179,411,190,210" step="2"/><N who="2" m="26863" /><F106/><W12/><REACH who="3" step="1"/><G119/><REACH who="3" ten="179,411,190,200" step="2"/><T28/><D33/><U123/><E123/><V88/><F104/><W48/><G48/><T111/><D111/><U27/><E27/><V103/><F126/><W135/><G135/><T60/><D25/><U112/><E112/><V36/><F125/><W84/><G84/><N who="0" m="50311" /><D60/><U17/><E17/><V114/><F114/><W94/><G94/><N who="0" m="54607" /><D72/><U7/><E7/><V113/><F113/><W44/><G44/><T24/><D24/><U81/><E81/><V107/><F82/><W45/><G45/><RYUUKYOKU ba="0,2" sc="179,10,411,10,190,-30,200,10" hai0="10,11,28,29,30,74,83" hai1="13,15,18,19,20,32,35,76,77,79,95,97,102" hai3="12,16,23,50,53,56,63,66,70,92,96,117,118" /><INIT seed="3,1,2,0,5,19" ten="189,421,160,210" oya="3" hai0="36,46,59,116,99,3,114,110,14,6,112,75,131" hai1="12,132,105,128,22,77,11,40,124,65,25,4,71" hai2="1,101,48,39,83,74,117,9,0,130,87,51,17" hai3="45,62,120,94,127,50,123,108,35,37,34,80,91"/><W7/><G127/><T41/><D116/><U18/><E105/><V2/><F117/><W56/><G37/><T53/><D110/><U111/><E111/><V69/><F74/><W98/><G108/><T95/><D131/><U15/><E124/><V8/><F130/><W78/><G7/><T119/><D119/><U72/><E128/><V113/><F113/><N who="0" m="43626" /><D75/><U126/><E126/><V10/><F39/><W84/><G123/><T79/><D79/><U129/><E129/><V88/><F69/><W103/><G120/><T118/><D118/><U42/><E132/><V92/><F101/><W49/><G103/><N who="0" m="60927" /><D14/><U38/><E38/><V125/><F125/><W47/><G47/><T55/><D59/><U67/><E72/><V96/><REACH who="2" step="1"/><F17/><REACH who="2" ten="189,421,150,210" step="2"/><W104/><G104/><T21/><D21/><U31/><E71/><V107/><F107/><W57/><G35/><T81/><D81/><U73/><E73/><V20/><F20/><W133/><G34/><T32/><D32/><U30/><E18/><V27/><F27/><W33/><G33/><T82/><D82/><U5/><E22/><V90/><AGARI ba="1,3" hai="0,1,2,8,9,10,48,51,83,87,88,90,92,96" machi="90" ten="40,5200,0" yaku="1,1,0,1,54,1,53,0" doraHai="19" doraHaiUra="100" who="2" fromWho="2" sc="189,-14,421,-14,150,85,210,-27" /><INIT seed="4,0,0,5,0,105" ten="175,407,235,183" oya="0" hai0="134,15,29,117,82,24,133,115,131,12,119,110,108" hai1="121,62,54,14,114,38,116,61,8,76,135,103,69" hai2="125,30,100,64,7,43,86,5,96,95,91,3,106" hai3="46,129,16,109,10,42,120,92,48,107,19,87,18"/><T63/><D82/><U132/><E116/><N who="0" m="44617" /><D115/><U21/><E121/><V78/><F125/><W60/><G109/><N who="0" m="42091" /><D63/><U65/><E38/><V26/><F43/><W0/><G129/><T89/><D89/><U4/><E114/><V22/><F3/><W6/><G120/><T98/><D98/><U57/><E103/><V90/><F90/><W44/><G107/><T37/><D37/><U130/><E130/><V73/><F64/><W127/><G127/><T118/><N who="0" m="44625" /><T41/><DORA hai="34" /><D41/><U77/><REACH who="1" step="1"/><E21/><REACH who="1" ten="175,397,235,183" step="2"/><V32/><F22/><W23/><G23/><N who="0" m="15519" /><D131/><U68/><E68/><V104/><F104/><W111/><G111/><T74/><D74/><U79/><AGARI ba="0,1" hai="4,8,14,54,57,61,62,65,69,76,77,79,132,135" machi="79" ten="30,7900,0" yaku="1,1,0,1,53,2" doraHai="105,34" doraHaiUra="56,124" who="1" fromWho="1" sc="175,-39,397,89,235,-20,183,-20" /><INIT seed="5,0,0,4,1,43" ten="136,486,215,163" oya="1" hai0="59,81,39,77,82,67,36,125,114,133,123,75,20" hai1="76,79,25,101,54,2,57,15,92,102,5,80,73" hai2="70,63,9,106,58,88,119,91,12,100,56,115,4" hai3="89,105,98,84,99,110,27,33,128,24,120,96,74"/><U64/><E2/><V122/><F119/><W10/><G110/><T7/><D123/><U69/><E69/><V124/><F122/><W29/><G120/><T40/><D114/><U18/><E64/><V65/><F115/><W49/><G74/><T87/><D125/><U45/><E79/><V21/><F124/><W8/><G128/><T26/><D133/><U22/><E92/><V46/><F100/><W38/><G38/><T116/><D7/><U117/><E117/><V37/><F106/><W16/><G105/><T132/><D132/><U72/><E72/><V55/><F21/><W97/><N who="3" m="24576" /><DORA hai="3" /><W86/><G49/><T11/><D11/><U51/><E5/><V94/><F94/><W113/><G113/><T60/><D40/><U62/><E25/><V13/><F13/><W61/><G61/><T112/><D112/><U93/><E93/><V30/><F30/><W48/><G48/><T34/><D34/><U42/><AGARI ba="0,0" hai="15,18,22,42,45,51,54,57,62,73,76,80,101,102" machi="42" ten="20,3900,0" yaku="0,1,7,1,52,1" doraHai="43,3" who="1" fromWho="1" sc="136,-13,486,39,215,-13,163,-13" /><INIT seed="5,1,0,5,4,93" ten="123,525,202,150" oya="1" hai0="35,15,55,7,73,132,133,68,92,44,103,112,69" hai1="13,28,82,2,105,95,21,85,106,114,120,29,26" hai2="40,43,83,51,41,99,61,6,126,54,119,75,89" hai3="121,33,4,65,122,74,123,81,78,0,102,47,118"/><U32/><E120/><V96/><F119/><W20/><G118/><T60/><D35/><U98/><E2/><V42/><F126/><W56/><G20/><T5/><D73/><U34/><E114/><V53/><F6/><N who="0" m="2058" /><D15/><U22/><E34/><V107/><F107/><W38/><G33/><T30/><D30/><U57/><E32/><V18/><F18/><W134/><G134/><N who="0" m="51819" /><D112/><U80/><E80/><V109/><F109/><W50/><G102/><T66/><D44/><U12/><E57/><N who="2" m="34991" /><F75/><W71/><G56/><N who="0" m="34847" /><D66/><U130/><E130/><V58/><F40/><N who="3" m="22935" /><G50/><T48/><D48/><U23/><E106/><V64/><F64/><W70/><G65/><T9/><D9/><AGARI ba="1,0" hai="0,4,9,70,71,74,78,81,121,122,123" m="22935" machi="9" ten="30,2000,0" yaku="25,1,23,1" doraHai="93" who="3" fromWho="0" sc="123,-23,525,0,202,0,150,23" /><INIT seed="6,0,0,1,3,105" ten="100,525,202,173" oya="2" hai0="124,14,61,81,53,45,23,121,57,36,95,129,7" hai1="135,108,28,32,39,85,41,10,37,4,82,90,8" hai2="120,30,71,22,76,65,43,116,58,96,24,1,9" hai3="62,17,46,11,3,98,20,2,86,77,87,72,27"/><V88/><F116/><W25/><G98/><T26/><D121/><U51/><E108/><V99/><F71/><W63/><G46/><T64/><D124/><U60/><E135/><V123/><F43/><W56/><G25/><T117/><D117/><U101/><E10/><V127/><F127/><W42/><G42/><T118/><D118/><U67/><E101/><V80/><F1/><W6/><G3/><T131/><D95/><U100/><E100/><V44/><F44/><W128/><G128/><T113/><D113/><U31/><E31/><V74/><F9/><W50/><G50/><T84/><D7/><U5/><E5/><V110/><F110/><W68/><G68/><T93/><D93/><U83/><E83/><V48/><F120/><W70/><G70/><T75/><D75/><U33/><E33/><V134/><F134/><W111/><G111/><T69/><D14/><U107/><E107/><V15/><F15/><W114/><G114/><T40/><D81/><U130/><E130/><V94/><F123/><W78/><G63/><T91/><D91/><U122/><E122/><V126/><F126/><W12/><G2/><T132/><D84/><N who="3" m="32297" /><G72/><T29/><REACH who="0" step="1"/><D132/><REACH who="0" ten="90,525,202,173" step="2"/><U54/><E82/><V92/><F92/><W16/><G6/><T125/><D125/><U89/><E4/><V115/><F115/><W18/><G18/><T112/><D112/><U47/><E85/><V52/><F99/><W104/><G104/><T55/><D55/><AGARI ba="0,1" hai="11,12,16,17,20,27,55,56,62,77,78" m="32297" machi="55" ten="30,2000,0" yaku="8,1,54,1" doraHai="105" who="3" fromWho="0" sc="90,-20,525,0,202,0,173,30" /><INIT seed="7,0,0,1,3,73" ten="70,525,202,203" oya="3" hai0="114,28,97,104,80,63,50,56,44,121,22,3,101" hai1="106,11,34,67,123,37,23,126,90,64,10,86,20" hai2="33,120,19,125,14,74,127,87,108,129,9,42,55" hai3="41,88,59,105,30,48,1,95,61,124,17,107,119"/><W78/><G119/><T49/><D121/><U24/><E106/><V116/><F74/><W91/><G1/><T69/><D3/><U134/><E37/><V36/><F108/><W94/><G30/><T111/><D111/><U16/><E34/><V45/><F33/><W27/><G107/><T62/><D114/><U54/><E134/><V118/><F129/><W32/><G105/><T70/><D80/><N who="1" m="49479" /><E126/><N who="2" m="48139" /><F120/><W109/><G109/><T112/><D112/><U13/><E54/><V2/><F2/><W31/><G78/><T133/><D133/><U40/><E40/><V132/><F132/><W60/><G17/><T38/><D50/><U89/><E89/><V51/><F87/><W12/><G91/><T18/><D63/><U92/><E92/><V68/><F68/><W79/><G95/><T131/><D38/><U75/><E75/><V135/><F135/><W84/><G79/><T65/><D131/><U113/><E113/><V29/><F29/><W39/><G39/><T81/><D81/><U110/><E123/><V4/><F19/><W98/><G124/><T5/><D5/><U83/><E83/><V66/><F66/><N who="1" m="25129" /><E110/><V71/><F71/><W130/><G130/><T58/><D58/><AGARI ba="0,0" hai="4,9,14,36,42,45,51,55,58,116,118" m="48139" machi="58" ten="30,1000,0" yaku="18,1" doraHai="73" who="2" fromWho="0" sc="70,-10,525,0,202,10,203,0" owari="60,-44.0,525,63.0,212,1.0,203,-20.0" /></mjloggm>