<mjloggm ver="2.3"><GO type="169" lobby="0"/><UN n0="%6B%6F%6B%6F%72%6F%6E%69" n1="%E3%82%84%E3%81%8F%E3%81%97%E3%81%BE%E3%82%8B%E3%81%88%E3%81%A4%E3%81%93" n2="%63%68%78%66%66" n3="%4B%75%72%6F%73%75%6B%65" dan="16,16,17,16" rate="2151.06,2150.69,2213.42,2077.57" sx="M,F,M,M"/><TAIKYOKU oya="0"/><INIT seed="0,0,0,3,1,111" ten="250,250,250,250" oya="0" hai0="62,54,116,81,42,102,103,69,84,61,127,118,20" hai1="32,50,73,34,7,114,115,85,99,66,26,63,37" hai2="126,90,22,104,33,8,15,108,6,30,31,109,133" hai3="38,36,107,27,80,10,58,49,47,130,48,122,9"/><T92/><D127/><U24/><E73/><V55/><F104/><W113/><G107/><T29/><D42/><U110/><E37/><V105/><F105/><W3/><G130/><T18/><D29/><U23/><E110/><N who="2" m="42603" /><F55/><W74/><G122/><T86/><D69/><U98/><E85/><V12/><F90/><W19/><G58/><T95/><D54/><U35/><E7/><V41/><F41/><W11/><G3/><T57/><D81/><U17/><E50/><V2/><F133/><W88/><G74/><T87/><D20/><U59/><REACH who="1" step="1"/><E24/><REACH who="1" ten="250,240,250,250" step="2"/><N who="2" m="18663" /><F126/><W43/><G49/><T28/><D87/><U65/><E65/><V16/><F30/><W129/><G48/><T120/><D28/><U82/><E82/><V21/><F21/><W1/><G80/><T94/><D120/><U39/><E39/><V4/><F6/><W117/><G38/><T44/><D118/><U83/><E83/><V78/><F78/><W40/><G117/><T100/><D116/><U52/><E52/><V106/><F106/><W53/><G53/><T79/><D86/><U132/><E132/><V5/><F4/><W93/><G36/><T128/><D84/><U134/><E134/><V77/><F77/><W112/><G43/><T14/><D79/><U67/><E67/><V123/><F123/><W97/><G40/><T131/><D131/><U70/><E70/><V96/><F96/><AGARI ba="0,1" hai="17,23,26,32,34,35,59,63,66,96,98,99,114,115" machi="96" ten="50,6400,0" yaku="1,1,52,2,53,0" doraHai="111" doraHaiUra="68" who="1" fromWho="2" sc="250,0,240,74,250,-64,250,0" /><INIT seed="1,0,0,2,3,73" ten="250,314,186,250" oya="1" hai0="111,93,95,64,123,135,118,77,110,13,76,80,35" hai1="78,130,28,53,79,6,47,87,100,7,1,105,104" hai2="21,54,19,99,102,85,3,116,15,121,29,71,30" hai3="34,108,98,44,134,12,38,92,72,5,55,22,62"/><U0/><E87/><V50/><F121/><W66/><G34/><T90/><D35/><U48/><E28/><V26/><F71/><W126/><G108/><N who="0" m="41515" /><D64/><U18/><E130/><V106/><F3/><W58/><G126/><T8/><D123/><U20/><E1/><V91/><F116/><W17/><G134/><T119/><D135/><U23/><E23/><V83/><REACH who="2" step="1"/><F15/><REACH who="2" ten="250,314,176,250" step="2"/><W41/><G72/><T24/><D119/><U75/><E75/><V69/><F69/><W32/><G32/><T4/><D118/><U96/><E0/><V103/><F103/><W14/><G14/><T133/><D133/><U49/><E105/><V86/><F86/><W107/><G107/><T113/><D113/><U10/><E100/><V52/><F52/><W68/><G55/><T36/><D24/><U120/><E104/><V63/><F63/><W124/><G68/><T128/><D128/><U94/><E120/><V122/><F122/><W132/><G132/><T45/><D36/><U88/><E53/><V74/><F74/><W60/><G62/><T112/><D112/><U65/><E65/><V2/><F2/><W31/><G12/><T129/><D129/><U125/><E48/><V97/><F97/><W42/><G98/><T67/><D67/><U25/><E125/><V84/><F84/><W101/><G60/><T127/><D127/><U70/><E70/><V39/><F39/><W89/><G38/><T43/><D43/><N who="1" m="24831" /><E10/><V114/><F114/><W33/><G66/><T81/><D13/><U46/><E25/><V61/><F61/><W109/><G124/><T115/><D115/><RYUUKYOKU ba="0,1" sc="250,-10,314,-10,176,30,250,-10" hai2="19,21,26,29,30,50,54,83,85,91,99,102,106" /><INIT seed="2,1,1,4,0,129" ten="240,304,206,240" oya="2" hai0="64,93,81,57,133,78,117,7,10,30,2,45,134" hai1="101,96,0,52,122,106,34,123,82,105,127,18,27" hai2="29,88,107,9,67,102,97,118,46,94,80,5,69" hai3="40,111,48,110,63,33,44,73,79,14,25,20,36"/><V126/><F118/><W8/><G33/><T131/><D117/><U120/><E0/><V37/><F126/><W43/><G63/><T114/><D114/><U61/><E127/><V22/><F69/><W70/><G70/><T121/><D121/><U49/><E61/><V1/><F67/><W119/><G79/><T86/><D131/><U35/><E105/><V23/><F80/><W28/><G73/><T13/><D30/><U74/><E74/><V125/><F125/><W112/><G112/><T65/><D93/><U26/><E82/><V115/><F115/><W84/><G84/><T55/><D2/><U59/><E18/><V60/><F60/><W135/><G119/><T24/><D24/><AGARI ba="1,1" hai="24,26,27,34,35,49,52,59,96,101,106,120,122,123" machi="24" ten="40,2600,0" yaku="13,1,54,1" doraHai="129" who="1" fromWho="0" sc="240,-29,304,39,206,0,240,0" /><INIT seed="3,0,0,4,5,107" ten="211,343,206,240" oya="3" hai0="104,45,35,84,85,8,14,19,108,56,39,96,37" hai1="29,26,94,12,111,23,36,53,115,117,2,87,97" hai2="48,135,51,121,80,63,129,98,122,93,17,33,130" hai3="20,131,118,109,0,52,134,10,112,13,126,70,76"/><W57/><G0/><T82/><D35/><U79/><E2/><V78/><F33/><W62/><G112/><T9/><D108/><U38/><E111/><V100/><F63/><W105/><G109/><T61/><D104/><U66/><E115/><V6/><F17/><W132/><G118/><T89/><D96/><U83/><E117/><V86/><F6/><N who="3" m="3287" /><G105/><T64/><D45/><U5/><E66/><V30/><F30/><W15/><G70/><T106/><D106/><U133/><E133/><N who="3" m="51306" /><G126/><T91/><REACH who="0" step="1"/><D9/><REACH who="0" ten="201,343,206,240" step="2"/><U16/><E97/><V103/><F135/><W11/><G131/><N who="2" m="50185" /><F103/><W22/><G76/><T27/><D27/><U43/><E26/><V49/><AGARI ba="0,1" hai="48,49,51,78,80,86,93,98,100,121,122" m="50185" machi="49" ten="40,1500,0" yaku="19,1" doraHai="107" who="2" fromWho="2" sc="201,-4,343,-4,206,25,240,-7" /><INIT seed="4,0,0,5,4,89" ten="197,339,231,233" oya="0" hai0="23,92,117,42,2,80,58,112,45,21,46,71,11" hai1="33,10,79,47,48,13,97,35,67,65,111,104,49" hai2="52,24,135,34,88,56,17,40,75,61,78,108,76" hai3="18,53,106,68,114,118,69,19,28,131,123,115,44"/><T59/><D71/><U96/><E111/><V12/><F108/><W110/><G53/><T126/><D117/><U8/><E13/><V74/><F135/><W3/><G44/><T62/><D2/><U99/><E79/><V93/><F40/><W120/><G106/><T122/><D122/><N who="3" m="46633" /><G110/><T25/><D11/><N who="1" m="4139" /><E47/><V128/><F128/><W30/><G118/><T107/><D107/><U125/><E125/><V38/><F38/><W94/><G94/><T29/><D126/><U51/><E104/><V100/><F100/><W63/><G63/><T124/><D124/><U98/><E98/><N who="2" m="57639" /><F34/><AGARI ba="0,0" hai="33,34,35,48,49,51,65,67,96,97,99" m="4139" machi="34" ten="40,2600,0" yaku="28,2" doraHai="89" who="1" fromWho="2" sc="197,0,339,26,231,-26,233,0" /><INIT seed="5,0,0,4,3,55" ten="197,365,205,233" oya="1" hai0="97,78,15,14,1,83,92,135,74,45,10,117,50" hai1="124,133,17,116,103,57,102,107,96,84,53,88,59" hai2="3,44,47,28,77,132,9,16,20,79,40,71,4" hai3="11,70,51,128,108,69,109,58,8,68,29,23,46"/><U62/><E116/><V115/><F71/><W73/><G73/><T113/><D117/><U95/><E124/><V24/><F132/><W125/><G29/><T67/><D135/><U122/><E133/><V94/><F115/><W118/><G23/><T64/><D113/><U56/><E122/><V114/><F114/><W85/><G85/><T30/><D30/><U98/><E17/><V131/><F131/><W63/><G11/><T106/><D106/><AGARI ba="0,0" hai="53,56,57,59,62,84,88,95,96,98,102,103,106,107" machi="106" ten="30,18000,2" yaku="7,1,9,1,52,3,54,1" doraHai="55" who="1" fromWho="0" sc="197,-180,365,180,205,0,233,0" /><INIT seed="5,1,0,5,5,75" ten="17,545,205,233" oya="1" hai0="4,135,134,0,63,104,16,27,77,126,122,2,92" hai1="61,8,83,90,11,36,103,107,3,6,39,91,30" hai2="105,102,81,53,22,99,100,17,56,124,55,59,112" hai3="89,58,66,54,65,15,21,113,62,76,37,68,47"/><U33/><E33/><V42/><F124/><W119/><G113/><T79/><D104/><U127/><E30/><V128/><F128/><W52/><G21/><N who="0" m="13735" /><D122/><U118/><E118/><V115/><F42/><W40/><G15/><T64/><D126/><U95/><E127/><V9/><F9/><W43/><G89/><T130/><D130/><U125/><E125/><V32/><F32/><W23/><G23/><T45/><D45/><U86/><E107/><V29/><F29/><W121/><G76/><N who="0" m="29259" /><D92/><U116/><E39/><V49/><F81/><W7/><G47/><T98/><D98/><U20/><E36/><V14/><F100/><W35/><G37/><T44/><D4/><U120/><E6/><V109/><F109/><W117/><G7/><T87/><D87/><U133/><E86/><V78/><F78/><W1/><G121/><T110/><D44/><U38/><E3/><V24/><F24/><W25/><G1/><T60/><D110/><U34/><E34/><V96/><F96/><W71/><G35/><T28/><D28/><U97/><E38/><V94/><F105/><W10/><G119/><T84/><D84/><U123/><E95/><V51/><AGARI ba="1,0" hai="14,17,22,49,51,53,55,56,59,94,99,102,112,115" machi="51" ten="30,2000,0" yaku="0,1,9,1" doraHai="75" who="2" fromWho="2" sc="17,-6,545,-11,205,23,233,-6" /><INIT seed="6,0,0,0,0,29" ten="11,534,228,227" oya="2" hai0="48,12,60,73,62,135,10,16,132,50,116,113,59" hai1="53,123,68,40,76,41,131,112,114,35,22,118,98" hai2="25,32,9,78,117,99,130,93,90,21,26,11,65" hai3="24,124,18,28,74,2,75,91,105,58,47,71,84"/><V19/><F117/><W77/><G71/><T70/><D73/><U106/><E118/><V79/><F130/><W103/><G124/><T133/><D116/><U129/><E35/><V30/><REACH who="2" step="1"/><F65/><REACH who="2" ten="11,534,218,227" step="2"/><W87/><G75/><T89/><D113/><U121/><E131/><V5/><F5/><W3/><G74/><T8/><D89/><U43/><E129/><V44/><F44/><W4/><G47/><T102/><D102/><U0/><E112/><V37/><F37/><W51/><G4/><T56/><D70/><U54/><E68/><V46/><F46/><W80/><G91/><T97/><D97/><U122/><E98/><V94/><F94/><W110/><G103/><T85/><D85/><U95/><E114/><V83/><F83/><W69/><G80/><T36/><D36/><U55/><E95/><V96/><F96/><W72/><G87/><T67/><REACH who="0" step="1"/><D10/><AGARI ba="0,1" hai="9,10,11,19,21,25,26,30,32,78,79,90,93,99" machi="10" ten="40,7700,0" yaku="1,1,52,1,53,1" doraHai="29" doraHaiUra="15" who="2" fromWho="0" sc="11,-77,534,0,218,87,227,0" owari="-66,-57.0,534,63.0,305,11.0,227,-17.0" /></mjloggm>