<mjloggm ver="2.3"><GO type="169" lobby="0"/><UN n0="%E3%81%AF%E3%81%BF%E3%82%82%E3%82%93" n1="%6E%61%6F%6B%69%33%39" n2="%E3%81%AC%E3%81%8F%E3%82%82%E3%82%8A" n3="%40%6B%6B%6B" dan="18,16,17,16" rate="2227.65,2181.69,2166.24,2142.94" sx="M,M,M,M"/><TAIKYOKU oya="0"/><INIT seed="0,0,0,5,1,105" ten="250,250,250,250" oya="0" hai0="128,111,0,73,63,96,130,36,11,114,107,69,86" hai1="133,103,46,112,89,5,101,29,47,135,34,108,44" hai2="80,100,16,50,99,93,15,26,125,32,66,49,124" hai3="60,83,123,117,74,88,43,102,37,6,7,129,59"/><T40/><D86/><U23/><E34/><V9/><F66/><W120/><G117/><T121/><D63/><U53/><E5/><V104/><F104/><W42/><G102/><T75/><D114/><U27/><E112/><V98/><F98/><W77/><G129/><N who="0" m="49771" /><D121/><N who="3" m="46665" /><G37/><T55/><D111/><U24/><E24/><V132/><F132/><N who="1" m="50761" /><E108/><V45/><F45/><W19/><G19/><T52/><D69/><U71/><E71/><V122/><F122/><W91/><G7/><N who="0" m="1511" /><D40/><N who="3" m="15401" /><G6/><T113/><D36/><U126/><E53/><AGARI ba="0,0" hai="53,59,60,74,77,83,88,91" m="15401,46665" machi="53" ten="30,3900,0" yaku="13,1,52,1,54,1" doraHai="105" who="3" fromWho="1" sc="250,0,250,-39,250,0,250,39" /><INIT seed="1,0,0,5,2,119" ten="250,211,250,289" oya="1" hai0="33,15,107,16,36,130,74,131,54,53,49,92,133" hai1="14,42,85,116,5,19,41,126,106,13,1,50,0" hai2="127,88,103,12,61,20,24,100,86,67,23,76,125" hai3="82,18,66,117,39,129,118,128,99,77,101,35,134"/><U95/><E116/><N who="3" m="44650" /><G35/><T111/><D107/><U105/><E126/><N who="2" m="48139" /><F76/><W112/><G39/><T32/><D36/><U124/><E124/><V132/><F12/><W104/><G66/><T51/><D74/><U120/><E5/><V3/><F3/><W43/><G43/><T6/><D6/><U122/><E85/><V37/><F132/><W115/><G18/><T65/><D65/><U7/><E7/><V63/><F63/><W26/><G26/><T60/><D60/><U44/><E95/><N who="2" m="54679" /><F37/><W78/><G78/><T59/><D133/><U135/><E135/><V8/><F8/><W110/><G134/><T123/><D123/><U2/><E41/><V22/><F24/><W25/><G25/><T87/><D111/><U46/><E46/><V29/><F29/><W96/><G96/><T75/><D75/><U45/><E45/><V47/><F47/><W121/><G121/><T56/><D33/><U27/><E27/><V48/><F48/><W102/><G102/><T68/><D32/><U55/><E42/><V40/><F40/><W11/><G11/><T64/><D68/><AGARI ba="0,0" hai="20,22,23,61,67,68,100,103" m="54679,48139" machi="68" ten="30,2000,0" yaku="18,1,54,1" doraHai="119" who="2" fromWho="0" sc="250,-20,211,0,250,20,289,0" /><INIT seed="2,0,0,2,1,117" ten="230,211,270,289" oya="2" hai0="121,19,84,124,45,52,21,110,9,131,133,75,10" hai1="47,22,92,57,119,89,46,39,125,50,11,130,120" hai2="103,28,63,116,86,4,112,118,8,134,80,34,33" hai3="126,102,48,79,37,64,83,122,107,58,0,95,15"/><V56/><F112/><W42/><G0/><T74/><D110/><U106/><E106/><V132/><F103/><W127/><G37/><T61/><D124/><U1/><E119/><V32/><F28/><W53/><G42/><T36/><D131/><U29/><E39/><V23/><F23/><W40/><G40/><T98/><D133/><N who="2" m="51306" /><F86/><W12/><G107/><T7/><D98/><U25/><E125/><N who="3" m="47626" /><G64/><T18/><D84/><U77/><E77/><V55/><F80/><W16/><G122/><T108/><D121/><U70/><E70/><V54/><F55/><W78/><G12/><AGARI ba="0,0" hai="4,8,12,32,33,34,54,56,63,116,118" m="51306" machi="12" ten="40,2000,0" yaku="20,1" doraHai="117" who="2" fromWho="3" sc="230,0,211,0,270,20,289,-20" /><INIT seed="2,1,0,4,0,78" ten="230,211,290,269" oya="2" hai0="42,45,36,110,9,30,104,53,5,38,132,64,101" hai1="90,68,50,82,80,128,114,12,88,16,21,54,66" hai2="103,58,22,81,52,74,70,29,6,24,34,79,111" hai3="15,89,37,95,120,125,14,27,8,18,116,10,117"/><V118/><F118/><W102/><G37/><T87/><D110/><U56/><E114/><V69/><F111/><W31/><G102/><T48/><D132/><U47/><E68/><V93/><F6/><W98/><G120/><T127/><D127/><U126/><E126/><V51/><REACH who="2" step="1"/><F34/><REACH who="2" ten="230,211,280,269" step="2"/><W96/><G125/><T112/><D5/><U92/><E128/><V46/><F46/><W108/><G108/><T32/><D32/><U73/><E73/><V63/><F63/><W57/><G117/><T41/><D45/><U55/><E66/><V109/><F109/><W7/><G116/><T61/><D61/><N who="1" m="35991" /><E90/><V28/><F28/><W67/><G67/><T100/><D30/><U19/><E19/><V129/><F129/><W2/><G2/><T124/><D64/><U94/><E88/><V72/><F72/><W62/><G62/><T20/><D124/><U121/><E121/><V99/><AGARI ba="1,1" hai="22,24,29,51,52,58,69,70,74,79,81,93,99,103" machi="99" ten="30,12000,1" yaku="1,1,0,1,52,1,54,1,53,1" doraHai="78" doraHaiUra="97" who="2" fromWho="2" sc="230,-41,211,-41,280,133,269,-41" /><INIT seed="2,2,0,2,1,112" ten="189,170,413,228" oya="2" hai0="29,100,33,120,79,134,44,119,108,56,105,2,96" hai1="43,90,26,32,15,52,61,0,24,63,130,75,83" hai2="13,18,117,21,102,48,23,78,73,92,42,64,86" hai3="12,39,123,10,128,67,14,68,114,125,36,35,93"/><V11/><F64/><W40/><G35/><T116/><D108/><U107/><E107/><V59/><F117/><N who="0" m="45130" /><D120/><U132/><E0/><V25/><F73/><W3/><G3/><T17/><D134/><U45/><E132/><V57/><F23/><W124/><G123/><T129/><D129/><U27/><E32/><V5/><F102/><W131/><G114/><T31/><D2/><U4/><E130/><N who="3" m="49706" /><G14/><T46/><D79/><U16/><E4/><V133/><F133/><W98/><G67/><T127/><D127/><N who="3" m="48713" /><G40/><T135/><D135/><U95/><E43/><V54/><F42/><W104/><G68/><T53/><D17/><U58/><E45/><N who="0" m="17513" /><D33/><U121/><E121/><V7/><F7/><N who="3" m="3167" /><G104/><T106/><D105/><U113/><E113/><V89/><F5/><W19/><G19/><T28/><D29/><U34/><E34/><V37/><F18/><W30/><G30/><T88/><D88/><AGARI ba="2,0" hai="36,39,88,93,98" m="3167,48713,49706" machi="88" ten="30,3900,0" yaku="19,1,18,1,54,1" doraHai="112" who="3" fromWho="0" sc="189,-45,170,0,413,0,228,45" /><INIT seed="3,0,0,1,5,95" ten="144,170,413,273" oya="3" hai0="85,105,8,49,32,46,43,100,123,66,79,61,126" hai1="39,99,101,118,120,74,36,131,0,21,116,10,124" hai2="76,104,110,135,56,65,60,45,29,111,18,129,127" hai3="15,103,115,78,133,75,31,73,83,41,89,6,28"/><W47/><G115/><T33/><D123/><U48/><E120/><V81/><F129/><W24/><G133/><T125/><D105/><U94/><E74/><V25/><F135/><W4/><G89/><T128/><D128/><U108/><E131/><V72/><F127/><N who="0" m="48650" /><D8/><U87/><E124/><V55/><F18/><W122/><G122/><T84/><D100/><U22/><E48/><V30/><F104/><W93/><G75/><T112/><D112/><U132/><E132/><V82/><F82/><W98/><G15/><T27/><D27/><U53/><E53/><V50/><REACH who="2" step="1"/><F25/><REACH who="2" ten="144,170,403,273" step="2"/><W40/><G31/><AGARI ba="0,1" hai="29,30,31,45,50,55,56,60,65,72,76,81,110,111" machi="31" ten="40,2600,0" yaku="1,1,2,1,53,0" doraHai="95" doraHaiUra="119" who="2" fromWho="3" sc="144,0,170,0,403,36,273,-26" /><INIT seed="4,0,0,4,3,62" ten="144,170,439,247" oya="0" hai0="87,135,115,2,84,52,102,37,63,58,83,40,0" hai1="110,7,49,114,107,80,19,85,29,106,36,27,34" hai2="38,59,17,10,70,61,35,130,8,91,5,96,97" hai3="99,111,14,112,26,47,127,69,25,33,31,12,78"/><T3/><D115/><U74/><E110/><V131/><F38/><W54/><G78/><T21/><D135/><U72/><E36/><V65/><F35/><W57/><G111/><T90/><D102/><U124/><E7/><V134/><F134/><W77/><G69/><T50/><D37/><U11/><E114/><V122/><F122/><W82/><G127/><T68/><D21/><U32/><E32/><V94/><F96/><W1/><G1/><T46/><D84/><U75/><E124/><V113/><F113/><W20/><G47/><T9/><REACH who="0" step="1"/><D68/><REACH who="0" ten="134,170,439,247" step="2"/><U60/><E74/><V22/><F70/><W86/><G112/><T71/><D71/><U120/><E75/><V23/><F22/><W129/><G99/><T118/><D118/><U95/><E72/><V45/><F23/><W56/><G33/><T55/><D55/><U93/><E85/><V51/><F97/><W109/><G109/><T76/><D76/><U104/><E34/><V88/><F91/><W123/><G20/><T133/><D133/><U4/><E106/><V119/><F88/><W73/><G54/><T125/><D125/><U105/><E105/><V13/><F119/><W81/><G73/><T15/><D15/><U92/><E104/><V24/><F13/><W64/><G86/><T132/><D132/><U41/><E107/><V16/><F130/><W28/><G129/><T18/><D18/><U108/><E19/><V121/><F17/><W67/><G77/><T66/><D66/><U103/><E103/><V101/><F16/><W128/><G128/><T39/><D39/><U126/><E126/><RYUUKYOKU ba="0,1" sc="134,15,170,-15,439,-15,247,15" hai0="0,2,3,9,40,46,50,52,58,63,83,87,90" hai3="12,14,25,26,28,31,56,57,64,67,81,82,123" /><INIT seed="4,1,1,0,1,19" ten="149,155,424,262" oya="0" hai0="96,11,65,135,62,91,125,120,47,49,82,131,72" hai1="77,27,24,75,16,29,61,97,48,134,106,94,67" hai2="117,107,26,43,56,25,98,59,118,44,34,60,10" hai3="40,99,51,90,74,13,129,89,58,69,86,128,119"/><T46/><D120/><U83/><E106/><V114/><F114/><W12/><G69/><T39/><D39/><U30/><E134/><V80/><F10/><W88/><G74/><T0/><D135/><U53/><E27/><V81/><F59/><W85/><G119/><N who="2" m="45577" /><F107/><W55/><G40/><T6/><D131/><N who="3" m="50249" /><G99/><T111/><D125/><U31/><E67/><V4/><F4/><W3/><G3/><T108/><D96/><U105/><E105/><V54/><F98/><W64/><G64/><T18/><D18/><U45/><E61/><V102/><F102/><W115/><G115/><T36/><D36/><U123/><E123/><V8/><F8/><W112/><G112/><T32/><D62/><U2/><E2/><V63/><F60/><W70/><G70/><T126/><D126/><U133/><E133/><V38/><F34/><W1/><G1/><T37/><D32/><U92/><REACH who="1" step="1"/><E97/><REACH who="1" ten="149,145,424,262" step="2"/><V87/><F26/><W66/><G66/><T130/><D65/><U113/><E113/><V9/><F25/><W122/><G122/><T78/><D130/><U15/><E15/><AGARI ba="1,2" hai="12,13,15,51,55,58,85,86,88,89,90" m="50249" machi="15" ten="30,2000,0" yaku="19,1,54,1" doraHai="19" who="3" fromWho="1" sc="149,0,145,-23,424,0,262,43" /><INIT seed="5,0,0,4,4,98" ten="149,122,424,305" oya="1" hai0="58,57,132,93,86,34,38,73,44,76,133,125,106" hai1="117,121,21,95,113,123,128,35,59,12,92,108,91" hai2="9,19,78,55,6,67,4,120,110,90,49,101,8" hai3="28,80,54,23,40,11,102,111,83,97,68,100,87"/><U61/><E35/><V20/><F110/><W96/><G68/><T103/><D34/><U18/><E117/><V5/><F120/><W15/><G40/><T84/><D125/><U71/><E71/><V50/><F101/><N who="3" m="39019" /><G111/><T114/><D106/><U7/><E108/><V81/><F67/><W33/><G33/><T65/><D114/><U129/><E7/><V14/><F90/><N who="3" m="51583" /><G80/><T51/><D65/><U43/><E43/><V30/><F30/><W79/><G79/><T60/><D38/><U89/><E113/><V134/><F134/><W3/><G3/><T13/><D76/><U16/><E121/><V36/><F36/><W27/><G54/><T17/><D73/><U24/><E123/><V104/><F104/><W119/><G119/><T122/><D122/><U70/><E70/><V10/><REACH who="2" step="1"/><F55/><REACH who="2" ten="149,122,414,305" step="2"/><W107/><G107/><T116/><D116/><U26/><E91/><V126/><F126/><W85/><G85/><AGARI ba="0,1" hai="4,5,6,8,9,10,14,19,20,49,50,78,81,85" machi="85" ten="40,2600,0" yaku="1,1,8,1,53,0" doraHai="98" doraHaiUra="37" who="2" fromWho="3" sc="149,0,122,0,414,36,305,-26" /><INIT seed="6,0,0,1,4,85" ten="149,122,450,279" oya="2" hai0="111,3,104,63,117,112,35,17,24,90,36,92,31" hai1="12,39,46,65,41,70,13,94,26,116,97,95,45" hai2="130,8,19,51,43,120,55,67,110,61,78,7,29" hai3="82,1,57,71,102,10,64,75,72,58,89,84,81"/><V131/><F120/><W93/><G71/><T119/><D104/><U52/><E116/><N who="0" m="44617" /><D112/><U79/><E79/><V42/><F29/><W124/><G1/><T33/><D36/><U133/><E133/><V62/><F19/><W126/><G10/><T99/><D111/><U11/><E26/><V127/><F78/><W101/><G64/><T105/><D3/><U48/><E94/><V83/><F83/><N who="3" m="31755" /><G58/><T23/><D105/><U74/><E74/><N who="3" m="28202" /><G57/><T68/><D31/><U132/><E132/><V0/><F62/><W6/><G6/><T66/><AGARI ba="0,0" hai="17,23,24,33,35,63,66,68,90,92,99" m="44617" machi="66" ten="30,2000,0" yaku="12,1,52,1" doraHai="85" who="0" fromWho="0" sc="149,20,122,-5,450,-10,279,-5" /><INIT seed="7,0,0,5,4,50" ten="169,117,440,274" oya="3" hai0="79,100,15,40,62,8,132,24,95,22,121,83,124" hai1="33,107,75,105,131,37,46,25,118,120,80,57,35" hai2="5,1,91,90,2,14,42,73,19,102,18,23,69" hai3="114,125,6,93,17,103,71,3,88,72,12,49,111"/><W9/><G114/><T60/><D124/><U135/><E120/><V48/><F69/><W112/><G112/><T106/><D106/><U77/><E131/><V81/><F5/><W31/><G71/><T44/><D132/><U16/><E135/><V82/><F102/><W11/><G72/><T27/><D27/><U28/><E118/><V10/><F73/><W130/><G125/><T97/><D121/><U45/><E45/><N who="2" m="25655" /><F2/><W59/><G31/><T98/><D98/><U84/><E84/><V134/><F1/><W68/><G68/><T99/><D99/><U76/><E76/><V87/><F134/><W47/><G59/><T86/><D44/><U41/><E35/><V7/><F23/><W43/><G103/><T70/><D40/><U36/><E36/><V85/><AGARI ba="0,0" hai="7,10,14,18,19,81,82,85,87,90,91" m="25655" machi="85" ten="30,1100,0" yaku="8,1" doraHai="50" who="2" fromWho="2" sc="169,-3,117,-3,440,11,274,-5" owari="166,-23.0,114,-39.0,451,55.0,269,7.0" /></mjloggm>