<mjloggm ver="2.3"><GO type="169" lobby="0"/><UN n0="%E8%A5%BF%E9%83%B7" n1="%E7%89%87%E5%B2%A1%E7%AF%A4%E5%8F%B2" n2="%53%43%50%2D%31%30%36" n3="%E3%82%AC%E3%83%AB%E3%81%8A%E3%81%98%E3%83%9F%E3%82%AD" dan="16,17,16,16" rate="2081.68,2156.80,2085.84,2065.92" sx="M,M,M,M"/><TAIKYOKU oya="0"/><INIT seed="0,0,0,2,0,108" ten="250,250,250,250" oya="0" hai0="45,125,76,21,15,4,65,14,105,86,7,101,69" hai1="99,25,36,12,55,17,32,34,109,40,84,51,83" hai2="130,30,127,112,26,39,61,27,133,9,1,88,31" hai3="82,22,118,56,49,75,102,5,100,10,90,131,129"/><T132/><D132/><U97/><E109/><V77/><F39/><W91/><G118/><T124/><D45/><U111/><E111/><V28/><F77/><W16/><G75/><T29/><D105/><U6/><E36/><V38/><F38/><W67/><G82/><T58/><D69/><U42/><E32/><V57/><F133/><W122/><G122/><T81/><D101/><U50/><E6/><V123/><F123/><W106/><G106/><T74/><D29/><U92/><E25/><V70/><F70/><W85/><G131/><T119/><D74/><U126/><E34/><V60/><F60/><N who="3" m="38279" /><G49/><N who="1" m="18442" /><E55/><V18/><F127/><N who="0" m="48714" /><D119/><U47/><E47/><V114/><F130/><W78/><G78/><T11/><D21/><N who="1" m="11431" /><E126/><V37/><F37/><W80/><G91/><T93/><D7/><U44/><E44/><V135/><F88/><W19/><G5/><T71/><D4/><U54/><E54/><V33/><F135/><W20/><G129/><T52/><D65/><U8/><E8/><V104/><F104/><W24/><G10/><T98/><D11/><U68/><E68/><V94/><F1/><W64/><G64/><T0/><D71/><U121/><E121/><V115/><F33/><W2/><G2/><T103/><D0/><U120/><E120/><V46/><F46/><W72/><G72/><T134/><D134/><U117/><E117/><V43/><F9/><W48/><G48/><AGARI ba="0,0" hai="14,15,48,52,58,76,81,86,93,98,103" m="48714" machi="48" ten="30,2900,0" yaku="18,1,54,1" doraHai="108" who="0" fromWho="3" sc="250,29,250,0,250,0,250,-29" /><INIT seed="0,1,0,0,4,87" ten="279,250,250,221" oya="0" hai0="91,47,99,109,34,68,26,134,67,27,94,106,82" hai1="101,29,121,80,28,64,72,21,44,37,17,112,57" hai2="11,63,4,116,103,42,117,122,115,130,53,120,75" hai3="50,74,69,20,15,61,98,40,48,97,62,100,10"/><T131/><D134/><U5/><E121/><V79/><F42/><W118/><G74/><T25/><D131/><U23/><E5/><V127/><F115/><W32/><G32/><T111/><D106/><U96/><E112/><V6/><F103/><W108/><G108/><N who="0" m="41547" /><D47/><U52/><E64/><V51/><F63/><W65/><G62/><N who="0" m="40055" /><D82/><U89/><E23/><V84/><F130/><W12/><G40/><T58/><D58/><U77/><E44/><V35/><F35/><AGARI ba="1,0" hai="25,26,27,34,35,91,94,99" m="40055,41547" machi="35" ten="30,5800,0" yaku="14,1,10,1,52,1" doraHai="87" who="0" fromWho="2" sc="279,61,250,0,250,-61,221,0" /><INIT seed="0,2,0,4,5,124" ten="340,250,189,221" oya="0" hai0="20,14,86,46,36,116,131,77,115,54,76,6,24" hai1="23,107,85,29,5,51,122,90,12,48,0,28,1" hai2="58,53,93,71,37,26,110,99,120,3,114,134,61" hai3="16,106,65,7,112,33,132,39,103,129,97,59,52"/><T96/><D115/><U73/><E73/><V121/><F114/><W101/><G112/><T83/><D116/><U35/><E107/><V100/><F110/><W70/><G39/><T41/><D96/><U79/><E79/><V123/><F134/><W62/><G103/><T91/><D54/><U8/><E122/><V69/><F37/><W18/><G7/><T92/><D6/><U81/><E28/><V95/><F3/><W32/><G132/><T30/><D14/><U40/><E0/><V15/><F15/><W117/><G117/><T17/><D77/><U133/><E40/><V13/><F13/><W135/><G135/><T82/><D82/><U98/><E98/><V125/><F125/><W27/><G129/><T119/><D119/><U113/><E133/><V127/><F127/><W45/><G45/><T87/><REACH who="0" step="1"/><D30/><REACH who="0" ten="330,250,189,221" step="2"/><U78/><E78/><V109/><F109/><W64/><G64/><T10/><D10/><U102/><E113/><V94/><REACH who="2" step="1"/><F26/><REACH who="2" ten="330,250,179,221" step="2"/><W105/><G27/><T22/><D22/><U72/><E23/><V118/><F118/><W2/><G2/><T75/><D75/><U34/><E72/><V25/><F25/><W89/><G18/><T11/><D11/><U9/><E29/><V63/><F63/><W60/><G16/><T56/><D56/><U130/><E8/><V38/><F38/><W42/><G62/><T47/><D47/><U108/><E1/><V44/><F44/><W111/><G60/><T68/><D68/><AGARI ba="2,2" hai="53,58,61,68,69,71,93,94,95,99,100,120,121,123" machi="68" ten="50,3200,0" yaku="1,1,53,1" doraHai="124" doraHaiUra="50" who="2" fromWho="0" sc="330,-38,250,0,179,58,221,0" /><INIT seed="1,0,0,3,1,112" ten="292,250,237,221" oya="1" hai0="31,97,133,30,11,95,132,107,92,6,113,8,90" hai1="75,27,123,98,72,128,54,108,105,93,23,34,51" hai2="120,44,28,24,52,86,35,71,96,119,100,106,5" hai3="43,101,81,48,25,17,84,69,94,38,37,50,18"/><U127/><E123/><V103/><F120/><W125/><G125/><T2/><D113/><U10/><E105/><V85/><F5/><W7/><G69/><T78/><D107/><U16/><E127/><V55/><F103/><W66/><G66/><T115/><D115/><U129/><E34/><V126/><F126/><W83/><G7/><T68/><D68/><U67/><E67/><V59/><F119/><W45/><G101/><T130/><D11/><U22/><E10/><V110/><F110/><W0/><G0/><T15/><D78/><U20/><E108/><V89/><F71/><W41/><G94/><T4/><D130/><N who="1" m="50283" /><E23/><V122/><F122/><W49/><G25/><T26/><D95/><U57/><E22/><V63/><REACH who="2" step="1"/><F89/><AGARI ba="0,0" hai="16,20,27,51,54,57,72,75,89,93,98" m="50283" machi="89" ten="30,2900,0" yaku="19,1,54,1" doraHai="112" who="1" fromWho="2" sc="292,0,250,29,237,-29,221,0" /><INIT seed="1,1,0,0,5,96" ten="292,279,208,221" oya="1" hai0="69,124,113,23,90,47,98,38,16,22,54,48,49" hai1="32,83,126,55,131,109,2,14,128,64,80,50,35" hai2="28,21,5,56,105,81,74,116,86,107,106,87,7" hai3="25,4,110,89,63,53,65,34,60,103,1,17,111"/><U59/><E2/><V101/><F116/><W114/><G114/><T91/><D124/><U85/><E126/><V92/><F56/><W19/><G89/><T127/><D127/><U115/><E115/><V37/><F37/><W13/><G53/><T133/><D133/><U0/><E0/><V94/><F28/><W62/><G65/><T112/><D38/><U102/><E64/><V27/><F27/><W104/><G1/><T12/><D69/><U117/><E117/><V10/><F21/><W36/><G36/><T122/><D122/><U119/><E119/><V82/><F10/><W79/><G79/><T121/><D121/><U77/><E14/><V72/><F107/><W71/><G71/><T29/><D49/><U33/><E109/><N who="3" m="41482" /><G34/><T99/><D113/><U93/><REACH who="1" step="1"/><E80/><REACH who="1" ten="292,269,208,221" step="2"/><V95/><REACH who="2" step="1"/><F94/><REACH who="2" ten="292,269,198,221" step="2"/><W42/><G25/><T31/><D112/><U118/><E118/><V30/><F30/><W26/><G26/><T78/><D31/><U76/><E76/><V132/><F132/><W134/><G134/><T100/><D78/><U75/><E75/><V108/><F108/><W39/><G104/><T68/><D29/><U73/><E73/><V15/><F15/><W130/><G13/><T58/><D12/><U46/><E46/><V20/><F20/><W97/><G4/><T52/><D23/><U67/><E67/><V84/><F84/><W8/><G8/><T66/><D66/><U24/><E24/><V18/><F18/><W57/><G19/><T70/><D16/><U45/><E45/><V125/><F125/><W120/><G17/><T51/><D22/><RYUUKYOKU ba="1,2" sc="292,-15,269,15,198,15,221,-15" hai1="32,33,35,50,55,59,77,83,85,93,102,128,131" hai2="5,7,72,74,81,82,86,87,92,95,101,105,106" /><INIT seed="1,2,2,0,1,4" ten="277,284,213,206" oya="1" hai0="57,48,124,93,56,90,9,18,105,26,6,89,21" hai1="68,66,67,25,98,5,100,3,10,62,110,36,13" hai2="96,135,118,35,113,94,16,47,97,17,1,83,108" hai3="112,129,52,114,99,34,106,63,73,8,71,72,130"/><U53/><E36/><V44/><F108/><W76/><G34/><T123/><D124/><U30/><E110/><V7/><F118/><W15/><G71/><T14/><D105/><U122/><E67/><V70/><F70/><W54/><G76/><T107/><D107/><N who="1" m="63895" /><E53/><N who="3" m="20586" /><G63/><T82/><D123/><U117/><E117/><V45/><F35/><W24/><G24/><T33/><D48/><U88/><E122/><V11/><F113/><N who="3" m="43627" /><G106/><T58/><D33/><N who="1" m="20687" /><E88/><V116/><F116/><W80/><G99/><T29/><D82/><U92/><E92/><V111/><F111/><W91/><G91/><T86/><REACH who="0" step="1"/><D90/><REACH who="0" ten="267,284,213,206" step="2"/><U79/><E79/><V95/><F83/><W49/><G49/><T104/><D104/><U134/><E134/><V127/><F135/><W132/><G132/><T43/><D43/><U42/><E42/><V38/><F127/><W51/><G51/><T59/><N who="0" m="14336" /><DORA hai="120" /><T46/><D46/><U40/><E40/><V131/><F38/><W121/><G121/><T126/><D126/><U28/><E28/><AGARI ba="2,3" hai="6,9,14,18,21,26,28,29,86,89,93" m="14336" machi="28" ten="50,16000,3" yaku="1,1,8,1,52,1,53,5" doraHai="4,120" doraHaiUra="20,55" who="0" fromWho="1" sc="267,196,284,-166,213,0,206,0" /><INIT seed="2,0,0,2,5,94" ten="463,118,213,206" oya="2" hai0="0,92,118,83,42,12,111,97,76,13,17,114,79" hai1="133,47,116,26,95,9,52,56,48,74,72,82,34" hai2="8,127,37,59,32,96,81,16,80,45,28,25,53" hai3="15,68,91,78,134,130,18,10,62,51,40,1,35"/><V113/><F113/><W93/><G130/><T126/><D0/><U101/><E116/><V124/><F37/><W57/><G134/><T44/><D114/><U100/><E133/><V71/><F71/><W61/><G35/><T86/><D118/><U58/><E9/><V31/><F31/><W106/><G106/><T20/><D111/><U105/><E105/><V49/><F45/><W99/><G68/><T33/><D33/><U63/><E58/><V73/><F73/><W123/><G123/><T70/><D70/><U27/><E100/><V29/><F29/><W64/><G1/><T85/><D126/><N who="2" m="48170" /><F96/><W84/><G62/><T119/><D119/><U120/><E120/><V129/><F129/><W135/><G135/><T66/><D66/><U121/><E121/><V110/><F110/><W60/><G60/><T24/><D86/><U4/><E74/><V43/><F43/><W90/><G78/><T30/><D79/><U109/><E109/><V122/><F122/><W50/><REACH who="3" step="1"/><G40/><REACH who="3" ten="463,118,213,196" step="2"/><T19/><D42/><U41/><E34/><V102/><F102/><W117/><G117/><T54/><D76/><U104/><E104/><V103/><F103/><W112/><G112/><T87/><D54/><U125/><E125/><V88/><F88/><W11/><G11/><T2/><D2/><U67/><E41/><V131/><F131/><W77/><G77/><T46/><D20/><U7/><E72/><V107/><F107/><W14/><G14/><AGARI ba="0,1" hai="8,14,16,25,28,32,49,53,59,80,81" m="48170" machi="14" ten="30,2900,0" yaku="18,1,54,1" doraHai="94" who="2" fromWho="3" sc="463,0,118,0,213,39,196,-29" /><INIT seed="2,1,0,2,4,70" ten="463,118,252,167" oya="2" hai0="79,6,126,58,75,83,46,133,122,63,14,84,82" hai1="35,9,16,18,104,37,68,106,4,118,76,73,116" hai2="31,92,42,10,93,2,72,115,74,21,39,101,121" hai3="90,17,56,119,85,49,112,52,47,65,40,66,33"/><V11/><F115/><W12/><G119/><T100/><D126/><U89/><E68/><V98/><F121/><W27/><G27/><T99/><D133/><U86/><E35/><V81/><F11/><W88/><G33/><T19/><D6/><U8/><E9/><V103/><F21/><N who="3" m="11431" /><G112/><T69/><D69/><U94/><E37/><V3/><F31/><W28/><G28/><T130/><D130/><U71/><E71/><V1/><F10/><W53/><G53/><T41/><D122/><U24/><E116/><V67/><F67/><N who="3" m="25611" /><G85/><T123/><D123/><U59/><E59/><V132/><F132/><W120/><G120/><T32/><D32/><U30/><E118/><V55/><F55/><W48/><AGARI ba="1,0" hai="40,47,48,49,52,56,88,90" m="25611,11431" machi="48" ten="30,4000,0" yaku="8,1,54,2" doraHai="70" who="3" fromWho="3" sc="463,-11,118,-11,252,-21,167,43" /><INIT seed="3,0,0,1,0,85" ten="452,107,231,210" oya="3" hai0="43,99,37,9,93,14,111,19,36,101,39,134,82" hai1="132,73,46,38,45,116,11,58,79,107,7,94,100" hai2="12,33,110,41,88,130,119,114,89,22,57,29,123" hai3="126,53,67,78,35,80,96,34,30,68,27,55,26"/><W6/><G126/><T75/><D111/><U106/><E45/><V128/><F114/><W103/><G6/><T3/><D134/><U127/><E58/><V115/><F115/><W109/><G109/><T83/><D3/><N who="1" m="511" /><E132/><V77/><F110/><W1/><G1/><T92/><D75/><U62/><E62/><V59/><F119/><W31/><G67/><T49/><D43/><N who="1" m="22903" /><E127/><V32/><F77/><W5/><G5/><T69/><D69/><U112/><E116/><V118/><F118/><W25/><G25/><T90/><REACH who="0" step="1"/><D49/><REACH who="0" ten="442,107,231,210" step="2"/><U61/><E112/><V133/><F41/><W13/><G68/><T52/><D52/><U71/><E71/><V113/><F113/><W17/><G17/><T23/><D23/><U125/><E125/><V63/><F133/><W72/><REACH who="3" step="1"/><G13/><REACH who="3" ten="442,107,231,200" step="2"/><T87/><AGARI ba="0,2" hai="9,14,19,36,37,39,82,83,87,90,92,93,99,101" machi="87" ten="30,4000,0" yaku="1,1,0,1,52,1,53,0" doraHai="85" doraHaiUra="131" who="0" fromWho="0" sc="442,60,107,-10,231,-10,200,-20" /><INIT seed="4,0,0,1,3,20" ten="502,97,221,180" oya="0" hai0="78,36,132,88,42,25,116,134,29,57,24,131,130" hai1="32,18,77,96,48,105,92,107,35,106,110,113,115" hai2="59,101,123,120,2,58,125,75,128,47,118,17,80" hai3="33,83,0,84,43,5,68,87,86,41,45,3,19"/><T104/><D78/><U62/><E62/><V72/><F2/><W34/><G68/><T122/><D104/><U109/><E48/><V23/><F101/><W16/><G83/><T69/><D69/><U91/><E18/><V82/><F128/><N who="0" m="49194" /><D116/><U22/><E22/><V53/><F125/><W112/><G112/><N who="1" m="43082" /><E32/><V11/><F11/><W117/><G87/><T14/><D122/><U126/><E35/><V40/><F118/><W44/><REACH who="3" step="1"/><G5/><REACH who="3" ten="502,97,221,170" step="2"/><T60/><D134/><U46/><E46/><V64/><F47/><W93/><G93/><T21/><D132/><U8/><E8/><V27/><F82/><W114/><G114/><T99/><D36/><U63/><E77/><V103/><F120/><W70/><G70/><T133/><D133/><U67/><E126/><V85/><F123/><W121/><G121/><T79/><D79/><U4/><E4/><V13/><F59/><AGARI ba="0,1" hai="59,63,67,91,92,96,105,106,107,109,110" m="43082" machi="59" ten="40,2600,0" yaku="15,1,11,1" doraHai="20" who="1" fromWho="2" sc="502,0,97,36,221,-26,170,0" /><INIT seed="5,0,0,2,4,65" ten="502,133,195,170" oya="1" hai0="93,101,10,47,77,111,134,106,18,30,1,72,31" hai1="78,102,17,13,135,91,9,80,96,16,21,53,123" hai2="8,128,119,71,22,79,94,24,32,51,90,35,114" hai3="130,74,95,23,43,27,68,28,48,50,117,122,118"/><U67/><E135/><V45/><F119/><N who="3" m="45579" /><G122/><T88/><D111/><U76/><E123/><V89/><F128/><W82/><G130/><T127/><D127/><U100/><E67/><V40/><F79/><N who="1" m="30249" /><E53/><V20/><F71/><W63/><G82/><T73/><D134/><U85/><E96/><V26/><F8/><W15/><G74/><T113/><D73/><U92/><E80/><V75/><F75/><W115/><G115/><T126/><D113/><U44/><E44/><V60/><F60/><W36/><G36/><T25/><D1/><U5/><E5/><V116/><F116/><W49/><G95/><T11/><D106/><U81/><E92/><V14/><F114/><W38/><G38/><T84/><D72/><U46/><E46/><V109/><F94/><W131/><G131/><T129/><D47/><U52/><E52/><V70/><F45/><N who="3" m="25663" /><G15/><AGARI ba="0,0" hai="9,13,15,16,17,21,81,85,91,100,102" m="30249" machi="15" ten="30,2900,0" yaku="8,1,54,1" doraHai="65" who="1" fromWho="3" sc="502,0,133,29,195,0,170,-29" /><INIT seed="5,1,0,3,3,64" ten="502,162,195,141" oya="1" hai0="123,69,1,41,73,50,36,39,34,38,134,96,135" hai1="119,51,53,35,23,0,9,105,100,67,30,83,121" hai2="10,45,95,25,115,109,26,99,124,116,114,125,88" hai3="37,47,130,104,131,6,33,101,18,46,127,87,128"/><U28/><E119/><V24/><F109/><W7/><G33/><T68/><D96/><U91/><E35/><V118/><F45/><W11/><G127/><N who="2" m="48713" /><F10/><W98/><G87/><T17/><D34/><U82/><E121/><V70/><F70/><N who="0" m="27242" /><D73/><U126/><E67/><V57/><F57/><W102/><G102/><T89/><D1/><U62/><E62/><V132/><F132/><N who="0" m="50730" /><D123/><U56/><E126/><V13/><F13/><N who="3" m="7487" /><G47/><T122/><D50/><U117/><E100/><V133/><F133/><W49/><G37/><T44/><D122/><U78/><E0/><V2/><F2/><W77/><G77/><T55/><D55/><AGARI ba="1,0" hai="6,7,46,49,55,98,101,104,128,130,131" m="7487" machi="55" ten="30,1000,0" yaku="19,1" doraHai="64" who="3" fromWho="0" sc="502,-13,162,0,195,0,141,13" /><INIT seed="6,0,0,3,1,70" ten="489,162,195,154" oya="2" hai0="45,65,133,21,124,68,122,110,69,130,116,11,109" hai1="47,104,84,39,85,96,20,13,31,117,92,5,38" hai2="89,73,14,48,23,43,106,95,6,12,118,19,72" hai3="97,103,67,123,127,30,135,63,28,81,132,9,101"/><V8/><F118/><W41/><G123/><T60/><D21/><U114/><E104/><V62/><F106/><W61/><G127/><T131/><D11/><U26/><E117/><V32/><F32/><W99/><G9/><T0/><D0/><U17/><E5/><V98/><F43/><W4/><G41/><T24/><D24/><U113/><E47/><V107/><F107/><W90/><G81/><T36/><D116/><U74/><E74/><V7/><F7/><W44/><G4/><T42/><D122/><U51/><E51/><V108/><F108/><W134/><G44/><T75/><D75/><U59/><E59/><V66/><REACH who="2" step="1"/><F48/><REACH who="2" ten="489,162,185,154" step="2"/><W120/><G120/><T121/><D121/><U50/><E50/><V53/><F53/><W49/><G49/><T22/><D110/><U82/><E113/><V56/><AGARI ba="0,1" hai="6,8,12,14,19,23,56,62,66,72,73,89,95,98" machi="56" ten="20,3900,0" yaku="1,1,0,1,7,1,53,0" doraHai="70" doraHaiUra="79" who="2" fromWho="2" sc="489,-13,162,-13,185,49,154,-13" /><INIT seed="6,1,0,5,5,39" ten="476,149,234,141" oya="2" hai0="56,90,71,108,92,118,41,100,70,130,55,127,6" hai1="48,36,65,20,15,63,2,22,52,51,77,21,116" hai2="66,43,42,38,57,49,102,37,32,81,121,78,131" hai3="128,35,13,59,114,64,126,33,134,125,30,84,80"/><V40/><F32/><W62/><G128/><T112/><D108/><U107/><E2/><V26/><F121/><W95/><G134/><T106/><D106/><U25/><E107/><V79/><F102/><W123/><G123/><T87/><D100/><U74/><E36/><V10/><F38/><W111/><G111/><T11/><D112/><U119/><E51/><V96/><F37/><W8/><G114/><T98/><D130/><U44/><E25/><V88/><F131/><W97/><G30/><T86/><D127/><U105/><E105/><V76/><F26/><W101/><G126/><T3/><D87/><U9/><E77/><V89/><F10/><W31/><G31/><T122/><D118/><U34/><E74/><V82/><F96/><W16/><REACH who="3" step="1"/><G125/><REACH who="3" ten="476,149,234,131" step="2"/><T103/><D122/><U117/><E34/><V99/><F99/><W12/><G12/><T72/><D3/><U113/><E113/><V104/><F104/><W120/><G120/><T133/><D133/><U47/><E117/><V53/><F66/><W54/><G54/><T115/><D55/><U29/><E29/><V7/><F7/><W19/><G19/><T24/><D6/><N who="1" m="3511" /><E119/><V18/><F18/><W28/><G28/><T58/><D98/><U1/><E1/><V60/><F60/><W75/><G75/><T61/><D72/><U14/><E14/><V110/><F110/><W4/><G4/><T73/><D73/><U94/><E116/><V85/><F85/><W129/><G129/><T93/><D86/><U69/><E94/><V45/><F82/><W17/><G17/><T23/><D115/><RYUUKYOKU ba="1,1" sc="476,-15,149,15,234,-15,131,15" hai1="20,21,22,44,47,48,52,63,65,69" hai3="8,13,16,33,35,59,62,64,80,84,95,97,101" /><INIT seed="7,2,1,0,1,104" ten="461,164,219,146" oya="3" hai0="58,29,83,54,2,23,56,98,90,36,77,32,95" hai1="132,115,10,71,44,31,66,81,72,101,18,17,125" hai2="60,47,62,67,1,107,92,19,86,11,52,20,116" hai3="94,79,111,88,76,109,6,89,129,134,61,30,0"/><W105/><G105/><T122/><D32/><U123/><E31/><V127/><F107/><W59/><G129/><T106/><D2/><U25/><E25/><V135/><F116/><W120/><G120/><T63/><D36/><U28/><E28/><V22/><F22/><W34/><G134/><T85/><D122/><U42/><E115/><V113/><F113/><W82/><G89/><T15/><D106/><U43/><E101/><V119/><F127/><W27/><G6/><T48/><D29/><U73/><E10/><V45/><F1/><W14/><G14/><T26/><D15/><U80/><E44/><V41/><F11/><W131/><G0/><T24/><D23/><U53/><E123/><V38/><F135/><W118/><G118/><T128/><D128/><U3/><E3/><V5/><F5/><W64/><G131/><T97/><D98/><U4/><E4/><V87/><F38/><W12/><G12/><T91/><D77/><U103/><E103/><V108/><F119/><W69/><G69/><T114/><D114/><U33/><E33/><V100/><F100/><W96/><REACH who="3" step="1"/><G79/><REACH who="3" ten="461,164,219,136" step="2"/><T93/><D91/><U40/><E132/><V13/><F13/><W70/><G70/><T51/><D90/><U21/><E71/><V57/><F108/><W84/><AGARI ba="2,2" hai="27,30,34,59,61,64,76,82,84,88,94,96,109,111" machi="84" ten="30,6000,0" yaku="1,1,0,1,54,1,53,0" doraHai="104" doraHaiUra="8" who="3" fromWho="3" sc="461,-22,164,-22,219,-22,136,86" /><INIT seed="7,3,0,4,5,25" ten="439,142,197,222" oya="3" hai0="5,86,43,35,74,17,65,23,56,37,52,6,72" hai1="14,58,109,50,0,87,47,103,84,116,1,69,21" hai2="71,108,8,81,120,135,85,31,33,118,126,130,45" hai3="80,90,55,75,88,94,107,117,13,48,28,122,97"/><W100/><G122/><T95/><D35/><U123/><E109/><V73/><RYUUKYOKU type="yao9" ba="3,0" sc="439,0,142,0,197,0,222,0" hai2="8,31,33,45,71,73,81,85,108,118,120,126,130,135" /><INIT seed="7,4,0,2,0,13" ten="439,142,197,222" oya="3" hai0="30,42,82,47,11,29,34,87,130,20,135,133,88" hai1="23,27,96,9,104,117,35,107,2,56,16,68,126" hai2="114,50,73,76,53,128,28,120,92,24,81,71,7" hai3="58,49,6,134,99,83,62,116,123,37,46,101,102"/><W127/><G123/><T31/><D130/><U77/><E126/><V86/><F71/><W61/><G116/><T43/><D20/><U95/><E68/><V98/><F128/><W41/><G127/><T36/><D43/><U131/><E131/><V5/><F73/><W10/><G134/><N who="0" m="51211" /><D11/><U55/><E77/><V100/><F114/><W0/><G83/><T122/><D122/><U129/><E117/><V70/><F70/><W39/><G102/><T60/><D60/><N who="1" m="35871" /><E35/><AGARI ba="4,0" hai="29,30,31,34,35,36,42,47,82,87,88" m="51211" machi="35" ten="30,2000,0" yaku="20,1,54,1" doraHai="13" who="0" fromWho="1" sc="439,32,142,-32,197,0,222,0" owari="471,57.0,110,-39.0,197,-20.0,222,2.0" /></mjloggm>