<mjloggm ver="2.3"><GO type="185" lobby="0"/><UN n0="%E3%81%A0%E3%81%83" n1="%E9%BE%8D%E9%A6%AC%E3%81%AE%E5%B0%8F%E5%80%89" n2="%E8%B5%A4%E8%A3%8F%E3%83%9B%E3%82%B7%E3%83%BC%E3%83%8E" n3="" dan="16,18,16,0" rate="2146.05,2289.16,2151.37,1500.00" sx="M,M,M,C"/><TAIKYOKU oya="0"/><INIT seed="0,0,0,4,5,33" ten="350,350,350,0" oya="0" hai0="104,0,59,108,121,68,112,3,87,125,55,47,123" hai1="92,66,106,79,74,62,85,96,130,34,90,111,89" hai2="50,77,131,97,117,135,42,103,78,101,133,60,76" hai3=""/><T129/><N who="0" m="31008" /><T58/><N who="0" m="31520" /><T113/><D104/><U53/><E34/><V132/><F131/><T94/><D68/><U49/><E130/><V48/><F117/><T82/><D129/><U56/><E111/><V86/><F60/><T39/><D108/><U114/><E114/><V116/><F116/><T84/><D125/><U102/><E89/><V32/><F32/><T91/><D59/><U64/><E79/><V54/><F42/><T46/><D112/><U36/><E74/><V120/><N who="2" m="30752" /><V107/><F103/><T72/><D72/><U95/><E36/><V124/><F124/><T1/><D39/><U80/><REACH who="1" step="1"/><E66/><REACH who="1" ten="350,340,350,0" step="2"/><V134/><F134/><T128/><D128/><U44/><AGARI ba="0,1" hai="44,49,53,56,62,64,80,85,90,92,95,96,102,106" machi="44" ten="20,3900,0" yaku="1,1,2,1,0,1,7,1,53,0" doraHai="33" doraHaiUra="119" who="1" fromWho="1" sc="350,-26,340,49,350,-13,0,0" /><INIT seed="1,0,0,5,2,0" ten="324,389,337,0" oya="1" hai0="34,43,94,72,65,98,113,53,60,88,110,58,39" hai1="123,62,57,40,118,111,96,48,75,50,121,128,116" hai2="135,106,120,99,89,80,112,117,92,33,64,59,3" hai3=""/><U56/><N who="1" m="31008" /><U119/><N who="1" m="31520" /><U95/><E75/><V84/><N who="2" m="30752" /><V78/><F3/><T108/><D113/><U86/><E128/><V55/><F112/><T129/><D72/><U124/><E124/><V61/><F117/><T67/><D129/><U91/><E111/><N who="0" m="42537" /><D34/><U35/><E35/><V42/><F135/><T133/><D133/><U38/><E56/><V79/><F33/><T122/><N who="0" m="31264" /><T47/><AGARI ba="0,0" hai="39,43,47,53,58,60,65,67,88,94,98" m="31264,42537" machi="47" ten="30,5900,0" yaku="4,1,14,1,52,1,54,1" doraHai="0" who="0" fromWho="0" sc="324,59,389,-39,337,-20,0,0" /><INIT seed="2,0,0,5,4,75" ten="383,350,317,0" oya="2" hai0="2,76,112,56,0,107,68,69,106,88,85,94,62" hai1="45,132,38,105,44,83,79,129,50,72,103,98,61" hai2="66,60,64,87,39,114,111,63,108,37,59,42,89" hai3=""/><V97/><F114/><T101/><D112/><U92/><E129/><V32/><F97/><T77/><D0/><U35/><E132/><V82/><F32/><T80/><D2/><U119/><E119/><V110/><REACH who="2" step="1"/><F42/><REACH who="2" ten="383,350,307,0" step="2"/><T122/><N who="0" m="31264" /><T41/><D41/><U109/><E35/><V43/><F43/><T134/><D134/><U117/><E117/><V93/><F93/><T53/><D107/><U104/><E104/><V126/><F126/><T54/><D106/><U113/><E113/><V34/><F34/><T124/><D124/><U120/><N who="1" m="30752" /><U67/><E105/><V123/><N who="2" m="31520" /><V55/><F55/><T46/><D94/><U121/><N who="1" m="31008" /><U71/><E109/><V102/><F102/><T57/><D101/><U33/><E33/><V130/><F130/><T84/><D80/><U115/><E115/><V40/><F40/><T36/><D53/><U73/><E103/><V125/><F125/><T100/><D54/><U52/><E98/><V58/><AGARI ba="0,1" hai="37,39,58,59,60,63,64,66,82,87,89,108,110,111" m="31520" machi="58" ten="30,12000,2" yaku="1,1,0,1,9,1,14,1,10,1,52,1,53,0" doraHai="75" doraHaiUra="95" who="2" fromWho="2" sc="383,-60,350,-60,307,130,0,0" /><INIT seed="2,1,0,5,1,108" ten="323,290,437,0" oya="2" hai0="98,59,88,122,53,78,86,126,35,60,111,62,43" hai1="55,83,76,48,71,39,102,90,131,52,50,65,67" hai2="32,84,69,130,81,1,134,77,49,89,47,96,99" hai3=""/><V51/><F1/><T105/><N who="0" m="31264" /><T129/><D111/><U46/><E131/><V120/><N who="2" m="30752" /><V127/><F32/><T97/><D129/><U63/><E102/><V80/><F69/><T0/><D0/><U132/><E132/><V116/><F134/><T135/><D135/><U107/><E107/><V110/><F130/><T112/><D35/><U114/><E90/><V38/><F116/><T61/><D126/><U100/><E100/><V93/><F127/><T95/><D43/><U3/><E3/><V45/><F38/><T57/><D105/><U34/><E34/><V72/><F110/><T94/><D112/><U92/><E92/><V125/><F125/><T41/><D41/><U42/><E114/><V101/><REACH who="2" step="1"/><F96/><REACH who="2" ten="323,290,427,0" step="2"/><T103/><D59/><U2/><E2/><V54/><F54/><T128/><D128/><U123/><N who="1" m="31520" /><U119/><E119/><V68/><F68/><T133/><D133/><U79/><E65/><V33/><F33/><T75/><D57/><U56/><E83/><V106/><F106/><T118/><D53/><U82/><E82/><V44/><AGARI ba="1,1" hai="44,45,47,49,51,72,77,80,81,84,89,93,99,101" m="30752" machi="44" ten="30,4000,0" yaku="1,1,0,1,52,1,53,0" doraHai="108" doraHaiUra="124" who="2" fromWho="2" sc="323,-21,290,-21,427,52,0,0" /><INIT seed="2,2,0,1,1,90" ten="302,269,479,0" oya="2" hai0="125,104,41,110,88,64,55,67,3,97,69,93,60" hai1="40,128,66,129,98,84,123,133,105,59,85,99,38" hai2="130,68,113,89,74,75,87,107,39,78,61,62,83" hai3=""/><V51/><F39/><T80/><D110/><U109/><N who="1" m="31520" /><U57/><E109/><V92/><F113/><T112/><D3/><U50/><E38/><V76/><F68/><T34/><D34/><U127/><E105/><V72/><F51/><T44/><D112/><U102/><E50/><V111/><F111/><T100/><D125/><U131/><E127/><V2/><F2/><T0/><D0/><U117/><E102/><V132/><F61/><T77/><D55/><U122/><N who="1" m="31264" /><U1/><E1/><V73/><F62/><T135/><D135/><U95/><E133/><V48/><F48/><T54/><D54/><U116/><E40/><V53/><F53/><T96/><D69/><U94/><E129/><V103/><F132/><T58/><D58/><U124/><E124/><V101/><F130/><T86/><REACH who="0" step="1"/><D60/><REACH who="0" ten="292,269,479,0" step="2"/><U43/><E43/><V134/><F134/><T79/><D79/><U56/><E56/><V37/><F37/><AGARI ba="2,1" hai="37,41,44,64,67,77,80,86,88,93,96,97,100,104" machi="37" ten="30,12000,2" yaku="1,1,7,1,52,1,54,1,53,2" doraHai="90" doraHaiUra="63" who="0" fromWho="2" sc="292,134,269,0,479,-124,0,0" /><INIT seed="4,0,0,3,3,113" ten="426,269,355,0" oya="0" hai0="87,48,128,135,104,47,84,75,77,46,116,88,122" hai1="109,3,94,114,126,85,118,102,80,86,100,111,64" hai2="105,32,90,119,89,129,76,58,123,134,81,103,71" hai3=""/><T106/><N who="0" m="31264" /><T52/><D116/><U35/><E3/><V0/><N who="2" m="31520" /><V98/><F0/><T79/><D128/><U45/><E35/><V82/><F32/><T132/><D84/><U42/><E64/><V108/><F71/><T67/><D67/><U63/><E63/><V133/><F58/><T65/><D65/><U44/><E114/><V117/><F108/><T54/><D75/><U61/><E61/><V95/><F129/><T97/><D97/><U33/><E33/><V49/><F49/><T101/><D101/><U57/><E57/><V56/><F56/><T130/><D130/><U53/><E80/><V112/><F112/><T37/><D37/><U70/><E70/><V43/><F43/><T55/><D48/><U121/><N who="1" m="31008" /><U34/><E34/><V1/><F82/><T92/><D47/><U59/><E59/><V38/><F38/><T60/><D46/><U78/><E44/><V96/><F90/><T110/><D110/><U36/><E45/><V72/><F1/><T68/><D60/><U83/><E36/><V69/><F69/><T125/><D68/><U93/><E109/><V51/><F51/><T50/><D50/><U74/><E111/><V91/><F91/><T39/><D88/><RYUUKYOKU ba="0,0" sc="426,-10,269,-10,355,20,0,0" hai2="72,76,81,89,95,96,98,103,105,117,119,133,134" /><INIT seed="5,1,0,5,1,59" ten="416,259,375,0" oya="1" hai0="2,71,44,111,119,123,84,129,133,61,131,48,109" hai1="33,116,87,99,45,124,132,57,55,43,74,125,93" hai2="117,106,90,75,32,35,94,42,62,69,92,112,88" hai3=""/><U46/><E74/><V38/><F75/><T36/><N who="0" m="31520" /><T85/><D2/><U65/><E116/><V108/><F106/><T96/><D119/><U0/><E0/><V82/><F117/><T47/><D133/><U120/><N who="1" m="30752" /><U64/><E87/><V127/><F108/><T81/><D96/><U77/><E77/><V115/><F82/><T51/><D36/><U97/><E33/><V54/><F42/><T70/><D81/><U53/><E43/><V135/><F38/><T58/><D58/><U114/><E57/><V37/><F37/><T40/><D40/><U79/><E79/><V39/><F39/><T95/><D95/><U91/><E91/><V83/><F83/><T101/><D101/><U121/><N who="1" m="31008" /><U41/><E41/><V105/><F90/><T113/><D113/><U126/><E126/><V63/><F94/><T34/><D34/><U72/><E72/><V100/><F100/><T76/><D76/><U68/><E68/><V3/><F127/><T80/><D80/><U130/><E93/><V128/><F92/><T89/><D89/><U122/><N who="1" m="31264" /><U66/><E66/><V67/><F35/><T102/><D102/><U134/><E114/><V56/><F112/><T118/><D118/><RYUUKYOKU ba="1,0" sc="416,10,259,10,375,-20,0,0" hai0="44,47,48,51,61,70,71,84,85,109,111,129,131" hai1="45,46,53,55,64,65,97,99,124,125,130,132,134" /><INIT seed="5,2,0,1,0,124" ten="426,269,355,0" oya="1" hai0="84,112,40,36,77,118,99,49,127,51,69,61,67" hai1="79,111,107,58,43,59,128,35,86,48,94,90,88" hai2="44,89,115,120,39,126,129,109,60,2,47,131,75" hai3=""/><U65/><E35/><V91/><N who="2" m="30752" /><V113/><F2/><T130/><D127/><U81/><E107/><V97/><F126/><T108/><D108/><U68/><E111/><V87/><F75/><T110/><D110/><U66/><E68/><V71/><F109/><T119/><D112/><N who="2" m="43082" /><F97/><T96/><D36/><U135/><E135/><V50/><F39/><T74/><D74/><U55/><E128/><N who="2" m="49227" /><F50/><T114/><D51/><U116/><E116/><N who="0" m="44585" /><D114/><U83/><E43/><V102/><F102/><T1/><D1/><U101/><E101/><V33/><F33/><T132/><D132/><U103/><E103/><V46/><F87/><T98/><D130/><U125/><E125/><V80/><F80/><T95/><D77/><U78/><E58/><V53/><F53/><T122/><N who="0" m="31264" /><T121/><N who="0" m="31008" /><T85/><D95/><U0/><E0/><V62/><F62/><T41/><D41/><U134/><E134/><V45/><N who="2" m="11264" /><DORA hai="104" /><V37/><F37/><T72/><D72/><U38/><E38/><V106/><F106/><T133/><D133/><U76/><REACH who="1" step="1"/><E81/><REACH who="1" ten="426,259,355,0" step="2"/><V92/><F92/><T117/><D117/><U73/><E73/><V57/><F57/><T82/><D82/><U64/><E64/><AGARI ba="2,1" hai="60,64,71,89,91" m="11264,49227,43082,30752" machi="64" ten="50,12000,2" yaku="15,1,11,1,19,1,52,4" doraHai="124,104" who="2" fromWho="1" sc="426,0,259,-124,355,134,0,0" /><INIT seed="6,0,0,4,0,78" ten="426,135,489,0" oya="2" hai0="68,3,36,135,104,1,94,76,85,33,90,2,53" hai1="34,80,61,87,112,101,71,133,126,63,41,44,81" hai2="120,100,83,96,91,42,122,84,39,45,89,102,55" hai3=""/><V115/><F115/><T129/><D33/><U107/><E34/><V132/><F132/><T67/><D135/><U59/><E133/><V111/><F111/><T125/><D125/><U0/><E0/><V103/><F55/><T127/><D127/><U60/><E126/><V58/><F58/><T124/><D124/><U131/><E112/><V49/><F39/><T134/><D134/><U40/><E131/><V72/><F72/><T32/><D32/><U82/><E71/><V46/><F46/><T128/><D104/><U73/><E73/><V74/><F74/><T69/><D36/><U47/><E59/><V93/><AGARI ba="0,0" hai="42,45,49,83,84,89,91,93,96,100,102,103,120,122" machi="93" ten="30,2000,0" yaku="0,1,52,1" doraHai="78" who="2" fromWho="2" sc="426,-10,135,-10,489,20,0,0" owari="416,2.0,125,-47.0,509,45.0,0,0.0" /></mjloggm>