<mjloggm ver="2.3"><GO type="169" lobby="0"/><UN n0="%E3%81%BE%E3%81%95%EF%BC%A7" n1="%E6%99%82%E5%B4%8E%E7%8B%82%E4%B8%89" n2="%4E%64%63" n3="%E3%81%BE%E3%82%8B%E3%81%A8%E3%83%BC" dan="16,16,16,17" rate="2180.53,2067.97,2047.99,2100.16" sx="M,F,M,M"/><TAIKYOKU oya="0"/><INIT seed="0,0,0,3,5,120" ten="250,250,250,250" oya="0" hai0="32,71,42,3,81,18,113,21,51,96,131,66,75" hai1="128,101,8,110,55,122,25,119,53,104,103,31,9" hai2="37,82,30,62,105,76,57,10,129,6,74,15,29" hai3="98,35,1,107,134,124,68,54,12,20,86,38,64"/><T33/><D113/><U88/><E119/><V115/><F105/><W116/><G98/><T123/><D123/><U127/><E122/><V132/><F115/><W125/><G86/><T40/><D3/><U61/><E127/><V45/><F132/><W26/><G64/><T43/><D131/><U70/><E128/><V84/><F74/><W2/><G54/><T78/><D51/><U58/><E70/><V56/><F56/><W50/><G50/><T111/><D96/><U36/><E36/><V83/><F83/><W117/><G38/><T41/><N who="0" m="10240" /><DORA hai="126" /><T121/><D121/><U23/><E104/><V114/><F114/><W49/><G49/><T112/><D112/><U90/><E55/><V85/><F37/><W44/><G68/><T80/><D80/><U13/><E8/><V65/><F45/><W109/><G44/><T4/><D4/><U99/><E110/><V14/><F85/><W0/><G107/><T79/><D79/><U95/><REACH who="1" step="1"/><E103/><REACH who="1" ten="250,240,250,250" step="2"/><V133/><F129/><W72/><G109/><T34/><D111/><U67/><E67/><V118/><F118/><W102/><G125/><T73/><D73/><U7/><AGARI ba="0,1" hai="7,9,13,23,25,31,53,58,61,88,90,95,99,101" machi="7" ten="20,8000,1" yaku="1,1,0,1,7,1,8,1,54,1,53,0" doraHai="120,126" doraHaiUra="39,46" who="1" fromWho="1" sc="250,-40,240,90,250,-20,250,-20" /><INIT seed="1,0,0,5,5,129" ten="210,330,230,230" oya="1" hai0="41,111,113,30,133,26,8,115,4,32,81,69,20" hai1="18,63,28,34,104,124,78,3,50,53,57,97,67" hai2="132,79,17,95,51,5,15,120,131,48,109,116,118" hai3="6,49,44,107,37,74,10,45,35,39,103,11,128"/><U123/><E123/><V92/><F120/><W47/><G74/><T85/><D69/><U64/><E3/><V75/><F131/><W2/><G128/><T102/><D102/><U68/><E124/><V58/><F5/><W38/><G35/><T52/><D41/><U130/><E130/><V54/><F109/><W122/><G122/><T33/><D111/><U24/><E67/><V96/><F79/><W99/><REACH who="3" step="1"/><G11/><REACH who="3" ten="210,330,230,220" step="2"/><T43/><D113/><U1/><E1/><V93/><F75/><W112/><G112/><T12/><D115/><U90/><E78/><V36/><F118/><W110/><G110/><T56/><D43/><AGARI ba="0,1" hai="2,6,10,37,38,39,43,44,45,47,49,99,103,107" machi="43" ten="40,1300,0" yaku="1,1,53,0" doraHai="129" doraHaiUra="114" who="3" fromWho="0" sc="210,-13,330,0,230,0,220,23" /><INIT seed="2,0,0,4,5,121" ten="197,330,230,243" oya="2" hai0="2,3,118,133,72,45,42,30,16,109,66,101,38" hai1="22,104,98,99,113,74,60,28,83,64,115,135,117" hai2="68,39,97,52,88,56,18,27,1,89,107,69,129" hai3="93,108,100,127,4,82,37,73,130,112,125,91,86"/><V123/><F123/><W54/><G37/><T12/><D72/><U23/><E117/><V65/><F1/><W36/><G36/><T85/><D118/><U8/><E135/><V92/><F39/><W17/><G4/><T31/><D133/><U71/><E8/><V128/><F107/><W53/><G17/><T132/><D132/><U26/><E22/><N who="2" m="13783" /><F89/><W7/><G7/><T49/><D101/><U96/><REACH who="1" step="1"/><E104/><REACH who="1" ten="197,320,230,243" step="2"/><V114/><F114/><W90/><G112/><T63/><D2/><U33/><E33/><V21/><F21/><W77/><G127/><T29/><D3/><U14/><E14/><V34/><F34/><W44/><G125/><T67/><D38/><U111/><E111/><V134/><F134/><W76/><G108/><T10/><D109/><U110/><E110/><V5/><F5/><W95/><G130/><N who="2" m="50281" /><F65/><W119/><G119/><T24/><D24/><U9/><E9/><V102/><F102/><W48/><G100/><T13/><D13/><U6/><E6/><V78/><F78/><AGARI ba="0,1" hai="23,26,28,60,64,71,74,78,83,96,98,99,113,115" machi="78" ten="40,1300,0" yaku="1,1,53,0" doraHai="121" doraHaiUra="81" who="1" fromWho="2" sc="197,0,320,23,230,-13,243,0" /><INIT seed="3,0,0,4,4,89" ten="197,343,217,243" oya="3" hai0="68,10,87,121,32,47,104,83,36,50,26,130,44" hai1="65,100,128,14,27,48,12,114,116,110,94,59,35" hai2="101,28,1,11,57,53,69,0,135,85,103,3,99" hai3="96,79,80,129,124,91,126,119,37,111,19,67,24"/><W81/><G119/><T117/><D117/><U41/><E116/><V9/><F69/><W78/><G37/><T122/><D130/><U2/><E114/><V49/><F28/><W40/><G40/><T20/><D68/><U90/><E2/><V33/><F33/><W115/><G67/><T66/><D32/><U21/><E35/><V120/><F135/><W127/><G24/><T113/><D113/><U34/><E34/><V42/><F85/><N who="3" m="48279" /><G19/><T82/><D104/><U112/><E112/><V64/><F64/><W38/><G38/><T54/><D66/><U105/><E105/><V39/><F120/><W88/><G115/><T25/><D83/><U92/><E100/><V109/><F103/><W63/><G63/><T7/><D44/><N who="1" m="25615" /><E128/><V29/><F29/><W13/><G13/><N who="1" m="5226" /><E90/><N who="3" m="34346" /><G129/><T131/><D36/><U134/><E134/><V15/><F39/><W5/><G5/><T106/><D131/><U84/><E84/><V72/><F42/><W30/><G30/><T43/><D43/><U77/><E77/><V61/><F9/><W98/><G111/><T17/><D122/><U60/><E110/><V52/><F109/><W102/><G102/><T56/><D121/><U97/><E97/><V6/><F3/><W74/><AGARI ba="0,0" hai="74,79,81,96,98,124,126,127" m="34346,48279" machi="74" ten="40,12000,1" yaku="18,1,34,2,54,1" doraHai="89" who="3" fromWho="3" sc="197,-40,343,-40,217,-40,243,120" /><INIT seed="3,1,0,0,5,50" ten="157,303,177,363" oya="3" hai0="82,46,94,7,39,119,121,126,124,38,20,12,49" hai1="100,1,28,120,104,73,52,3,51,25,24,59,118" hai2="130,36,40,114,63,5,129,57,95,135,103,8,29" hai3="99,41,98,58,84,34,132,105,72,86,106,67,117"/><W85/><G34/><T134/><D119/><U21/><E120/><V13/><F114/><W61/><G117/><T128/><D121/><U23/><E73/><V27/><F135/><W33/><G33/><T90/><D134/><U131/><E118/><V96/><F40/><W102/><G132/><T45/><D82/><U113/><E113/><V127/><F36/><W116/><G116/><T6/><D128/><U18/><REACH who="1" step="1"/><E131/><REACH who="1" ten="157,293,177,363" step="2"/><V42/><F130/><W101/><G72/><T31/><D126/><U15/><E15/><V81/><F127/><W125/><G125/><T71/><D124/><U110/><E110/><V108/><F108/><W91/><G41/><T78/><D12/><U9/><E9/><V69/><F42/><W115/><G115/><T4/><D38/><U64/><E64/><N who="2" m="39023" /><F129/><W48/><G48/><T16/><D39/><U35/><E35/><V133/><F133/><W30/><G30/><T54/><D31/><U79/><E79/><V14/><F14/><W87/><G87/><N who="0" m="52575" /><D78/><U19/><E19/><V111/><F111/><W26/><G26/><N who="0" m="14599" /><D71/><U97/><AGARI ba="1,1" hai="1,3,18,21,23,24,25,28,51,52,59,97,100,104" machi="97" ten="30,7900,0" yaku="1,1,0,1,52,1,54,1,53,0" doraHai="50" doraHaiUra="66" who="1" fromWho="1" sc="157,-21,293,92,177,-21,363,-40" /><INIT seed="4,0,0,0,1,109" ten="136,385,156,323" oya="0" hai0="27,92,44,13,123,56,118,49,86,33,124,100,110" hai1="51,102,52,35,129,43,64,117,73,63,42,39,3" hai2="31,72,96,87,83,59,32,62,69,55,16,38,122" hai3="9,22,113,107,25,98,79,133,17,58,104,45,76"/><T54/><D118/><U61/><E3/><V128/><F72/><W115/><G133/><T67/><D123/><U47/><E35/><V66/><F122/><W108/><G108/><T119/><D119/><U10/><E73/><V78/><F38/><W70/><G70/><T125/><D110/><U0/><E102/><V134/><F134/><W84/><G45/><T57/><D13/><U91/><E91/><V89/><F31/><W46/><G46/><T111/><D111/><U82/><E82/><V7/><F7/><W1/><G58/><T71/><D71/><N who="1" m="42383" /><E10/><V81/><F128/><W14/><G1/><T120/><D120/><U68/><E0/><V88/><F32/><W21/><G21/><T50/><D33/><U37/><E129/><V105/><F105/><N who="3" m="40523" /><G98/><N who="0" m="59463" /><D86/><U19/><E19/><V53/><F69/><W34/><G34/><T97/><D97/><U18/><E18/><V30/><F30/><N who="3" m="17719" /><G84/><T23/><D67/><N who="1" m="41087" /><E117/><V5/><F5/><W112/><AGARI ba="0,0" hai="9,14,17,76,79,112,113,115" m="17719,40523" machi="112" ten="40,8000,1" yaku="15,1,52,3" doraHai="109" who="3" fromWho="3" sc="136,-40,385,-20,156,-20,323,80" /><INIT seed="5,0,0,3,4,107" ten="96,365,136,403" oya="1" hai0="31,52,72,57,36,101,74,76,124,12,54,121,123" hai1="0,117,118,106,11,34,125,97,60,2,84,133,21" hai2="45,115,50,87,64,61,111,77,41,79,15,17,112" hai3="27,85,44,91,16,43,13,75,71,62,132,46,130"/><U98/><E34/><V70/><F87/><W86/><G130/><T24/><D36/><U81/><E125/><V131/><F111/><W89/><G132/><T63/><D124/><U93/><E133/><V104/><F104/><W109/><G109/><T113/><D76/><U90/><E21/><V105/><F105/><W102/><G102/><T7/><D101/><U96/><E106/><V35/><F35/><W94/><G75/><T69/><D69/><U32/><E32/><V23/><REACH who="2" step="1"/><F131/><REACH who="2" ten="96,365,126,403" step="2"/><W49/><G86/><T78/><D78/><AGARI ba="0,1" hai="15,17,23,41,45,50,61,64,70,77,78,79,112,115" machi="78" ten="40,5200,0" yaku="1,1,2,1,53,1" doraHai="107" doraHaiUra="9" who="2" fromWho="0" sc="96,-52,365,0,126,62,403,0" /><INIT seed="6,0,0,2,3,2" ten="44,365,188,403" oya="2" hai0="135,84,109,75,123,100,39,19,107,3,126,96,21" hai1="7,40,58,92,70,17,68,46,102,51,103,118,132" hai2="116,85,77,69,30,134,47,24,114,80,14,74,57" hai3="23,131,110,18,45,88,62,124,64,29,5,61,90"/><V56/><F116/><W121/><G110/><T133/><D39/><U73/><E118/><V63/><F114/><W91/><G121/><T113/><D3/><U25/><E73/><V8/><F134/><W41/><G131/><T72/><D21/><U108/><E108/><V55/><F69/><W13/><G124/><T97/><D19/><U12/><E132/><N who="0" m="50761" /><D109/><U95/><E70/><V52/><F47/><W122/><G122/><T81/><D123/><U130/><E68/><V54/><F74/><N who="0" m="28202" /><D97/><U101/><E130/><V27/><F30/><W104/><G104/><T49/><D49/><U83/><E83/><V120/><F120/><W10/><G29/><T32/><D32/><U53/><E25/><N who="2" m="9803" /><F63/><W38/><REACH who="3" step="1"/><G64/><REACH who="3" ten="44,365,188,393" step="2"/><T16/><D16/><AGARI ba="0,1" hai="8,14,16,52,54,55,56,57,77,80,85" m="9803" machi="16" ten="30,5800,0" yaku="8,1,54,2" doraHai="2" who="2" fromWho="0" sc="44,-58,365,0,188,68,393,0" owari="-14,-51.0,365,17.0,256,-14.0,393,48.0" /></mjloggm>