<mjloggm ver="2.3"><GO type="169" lobby="0"/><UN n0="%6B%6F%69%74%74%65" n1="%E5%A4%A7%E8%94%B5%E9%81%8A%E6%98%9F" n2="%E8%8A%B1%E6%BE%A4%E3%83%91%E3%82%AF%E3%83%81%E3%83%BC" n3="%74%61%6B%65%2D%79%6F%75" dan="17,16,16,17" rate="2201.10,2127.23,2108.51,2204.79" sx="F,F,M,M"/><TAIKYOKU oya="0"/><INIT seed="0,0,0,5,1,52" ten="250,250,250,250" oya="0" hai0="55,91,110,63,71,34,17,88,30,90,124,111,56" hai1="21,25,29,2,35,38,70,128,37,97,49,96,125" hai2="3,19,132,134,79,1,54,26,9,58,81,4,98" hai3="36,59,39,94,23,127,101,95,109,10,83,87,113"/><T31/><D124/><U68/><E2/><V104/><F1/><W13/><G113/><T115/><D115/><U122/><E122/><V102/><F19/><W11/><G127/><T51/><D34/><U43/><E125/><V131/><F131/><W105/><G109/><N who="0" m="41483" /><D17/><U84/><E128/><V60/><REACH who="2" step="1"/><F26/><REACH who="2" ten="250,250,240,250" step="2"/><W12/><G12/><T135/><D135/><U93/><E25/><V103/><F103/><W22/><G13/><T80/><D80/><U20/><E29/><V40/><F40/><W47/><G101/><T48/><D71/><U118/><E43/><V46/><F46/><W75/><G47/><N who="0" m="28063" /><D51/><U8/><E49/><V50/><F50/><W28/><G83/><T53/><AGARI ba="0,1" hai="30,31,53,56,63,88,90,91" m="28063,41483" machi="53" ten="30,11700,0" yaku="14,1,10,1,52,1,54,1" doraHai="52" who="0" fromWho="0" sc="250,127,250,-39,240,-39,250,-39" /><INIT seed="0,1,0,1,2,9" ten="377,211,201,211" oya="0" hai0="53,97,27,13,38,47,64,109,5,43,66,114,91" hai1="68,30,70,99,82,29,90,21,118,100,104,78,20" hai2="119,52,48,25,11,77,0,8,45,108,67,72,16" hai3="63,61,129,2,124,10,69,116,102,44,131,50,105"/><T1/><D114/><U40/><E118/><V36/><F108/><W121/><G116/><T22/><D1/><U49/><E90/><V17/><F119/><W83/><G124/><T34/><D34/><U74/><E21/><V51/><F36/><W55/><G121/><T24/><D24/><U94/><E104/><V23/><F67/><W113/><G113/><T15/><D53/><U122/><E122/><V123/><F123/><W76/><G105/><T117/><D117/><U107/><E20/><N who="2" m="13447" /><F0/><W18/><G102/><T80/><D5/><U130/><E130/><N who="3" m="49674" /><G69/><T133/><D133/><U98/><E98/><V111/><F111/><W7/><G18/><T96/><D109/><U112/><E112/><V57/><F77/><W86/><AGARI ba="1,0" hai="2,7,10,44,50,55,61,63,76,83,86" m="49674" machi="86" ten="30,1100,0" yaku="19,1" doraHai="9" who="3" fromWho="3" sc="377,-6,211,-4,201,-4,211,14" /><INIT seed="1,0,0,0,1,75" ten="371,207,197,225" oya="1" hai0="47,0,17,130,120,31,6,28,41,95,1,14,35" hai1="69,107,101,72,76,9,122,19,60,125,73,128,104" hai2="37,56,34,126,96,50,127,13,15,135,16,46,124" hai3="10,132,84,123,86,91,54,94,23,30,102,26,27"/><U80/><E19/><V100/><F34/><W45/><G123/><T119/><D47/><U68/><E122/><V42/><F135/><W117/><G132/><T5/><D41/><U81/><E9/><V71/><F71/><N who="1" m="27209" /><E60/><V63/><F37/><W44/><G117/><T52/><D52/><U134/><E134/><V105/><REACH who="2" step="1"/><F16/><REACH who="2" ten="371,207,187,225" step="2"/><W21/><G10/><T131/><D17/><U8/><E8/><V29/><F29/><W3/><G30/><T92/><D120/><U64/><E64/><AGARI ba="0,1" hai="13,15,42,46,50,56,63,64,96,100,105,124,126,127" machi="64" ten="40,2600,0" yaku="1,1,18,1,53,0" doraHai="75" doraHaiUra="32" who="2" fromWho="1" sc="371,0,207,-26,187,36,225,0" /><INIT seed="2,0,0,1,5,92" ten="371,181,223,225" oya="2" hai0="67,95,125,62,109,68,114,70,75,128,87,82,40" hai1="3,105,66,45,123,110,83,57,46,101,120,29,12" hai2="72,117,9,119,33,100,0,54,131,20,16,39,44" hai3="108,10,96,38,111,132,37,98,18,43,93,59,42"/><V8/><F33/><W89/><G132/><T60/><D109/><N who="3" m="42057" /><G59/><T91/><D114/><U112/><E3/><V58/><F131/><W124/><G124/><T48/><D128/><U133/><E133/><V104/><F72/><W106/><G18/><T32/><D125/><U74/><E112/><V130/><F130/><W24/><G24/><T77/><D32/><U53/><E66/><V79/><F79/><W113/><G10/><T69/><D62/><U71/><E71/><V52/><F104/><W61/><G61/><T135/><D135/><U84/><E74/><V17/><F100/><N who="3" m="62743" /><G113/><T7/><D7/><U118/><E110/><V34/><F34/><W15/><G15/><T81/><D48/><U76/><E12/><N who="2" m="9223" /><F0/><W122/><G122/><N who="1" m="46634" /><E29/><V50/><F39/><AGARI ba="0,0" hai="37,38,39,42,43,89,93,96" m="62743,42057" machi="39" ten="30,3900,0" yaku="14,1,52,2" doraHai="92" who="3" fromWho="2" sc="371,0,181,0,223,-39,225,39" /><INIT seed="3,0,0,3,4,87" ten="371,181,184,264" oya="3" hai0="85,103,33,4,82,102,58,60,109,54,97,68,114" hai1="55,120,130,28,45,78,111,81,107,75,73,117,93" hai2="84,91,88,57,43,5,108,70,83,53,74,21,22" hai3="50,133,95,76,52,24,72,94,112,71,96,66,39"/><W59/><G112/><T17/><D109/><U135/><E111/><V32/><F32/><W63/><G133/><T122/><D33/><U124/><E120/><V0/><F108/><W99/><G24/><T18/><D122/><U64/><E107/><V38/><F70/><W19/><G19/><T86/><D68/><U119/><E75/><V9/><F74/><W56/><G72/><T104/><D102/><U16/><E28/><V105/><F105/><W44/><G76/><T127/><D127/><U35/><E35/><V51/><F38/><W6/><G6/><T31/><D31/><U110/><E110/><V11/><F43/><W80/><G80/><T115/><D86/><U128/><E64/><V30/><F11/><W65/><G65/><T129/><D129/><N who="1" m="49771" /><E135/><V77/><REACH who="2" step="1"/><F21/><REACH who="2" ten="371,181,174,264" step="2"/><W34/><G34/><T36/><D36/><U10/><E124/><V61/><F61/><W113/><G113/><N who="0" m="43019" /><D4/><U47/><E119/><V67/><F67/><W2/><G39/><T123/><D123/><U134/><E117/><V79/><F79/><AGARI ba="0,1" hai="17,18,54,58,60,79,82,85,97,103,104" m="43019" machi="79" ten="30,1000,0" yaku="11,1" doraHai="87" who="0" fromWho="2" sc="371,20,181,0,174,-10,264,0" /><INIT seed="4,0,0,0,2,92" ten="391,181,164,264" oya="0" hai0="54,46,30,47,129,45,11,26,126,120,73,105,7" hai1="133,12,103,121,14,56,10,41,85,22,112,58,82" hai2="4,55,17,34,83,64,78,48,9,72,69,44,70" hai3="53,135,42,37,102,80,124,38,87,68,96,75,77"/><T81/><D120/><U132/><E121/><V107/><F107/><W2/><G68/><T24/><D126/><U88/><E41/><V23/><F34/><W122/><G122/><T125/><D129/><U118/><E118/><V49/><F64/><W109/><G109/><T67/><D67/><U36/><E36/><V90/><F90/><W3/><G124/><T33/><D24/><U18/><E112/><V8/><F49/><W59/><G135/><T127/><D105/><U5/><REACH who="1" step="1"/><E103/><REACH who="1" ten="391,171,164,264" step="2"/><V1/><REACH who="2" step="1"/><F9/><REACH who="2" ten="391,171,154,264" step="2"/><W62/><G37/><T50/><D125/><U115/><E115/><V86/><F86/><W79/><G38/><T99/><D127/><U28/><E28/><V35/><F35/><W19/><G87/><T66/><D30/><U89/><E89/><V16/><F16/><W94/><G19/><T116/><D33/><U15/><E15/><AGARI ba="0,2" hai="1,4,8,15,17,23,44,48,55,69,70,72,78,83" machi="15" ten="30,2000,0" yaku="1,1,7,1,53,0" doraHai="92" doraHaiUra="84" who="2" fromWho="1" sc="391,0,171,-20,154,40,264,0" /><INIT seed="5,0,0,5,1,121" ten="391,151,194,264" oya="1" hai0="90,110,94,16,58,126,119,14,46,89,60,20,85" hai1="104,44,57,53,70,102,22,33,105,122,112,81,49" hai2="61,73,107,8,48,13,74,76,39,98,115,23,0" hai3="118,12,133,83,6,36,68,4,28,9,21,7,92"/><U51/><E122/><V29/><F39/><W100/><G68/><T129/><D126/><U71/><E33/><V117/><F117/><W95/><G36/><T125/><D129/><U55/><E112/><V124/><F124/><W64/><G118/><T72/><D72/><U54/><E54/><V40/><F0/><W88/><G133/><T69/><D69/><U113/><E113/><V17/><F115/><W56/><G100/><T42/><D119/><U132/><E132/><V65/><F76/><W50/><G83/><T52/><D110/><U34/><E34/><V32/><F32/><W131/><G131/><T79/><D125/><U111/><E111/><V11/><F11/><W106/><G106/><T114/><D79/><U59/><E44/><V10/><F10/><W127/><G127/><T135/><D135/><U82/><E102/><V75/><F75/><W120/><G120/><T2/><D2/><U80/><E80/><V5/><F29/><W30/><G92/><T96/><D114/><U87/><E22/><V97/><F48/><W109/><G109/><T84/><D90/><U101/><E101/><N who="2" m="62895" /><F98/><W25/><G30/><T67/><D67/><U62/><REACH who="1" step="1"/><E87/><REACH who="1" ten="391,141,194,264" step="2"/><V18/><F40/><W77/><G21/><T27/><D85/><U123/><E123/><V37/><F23/><W41/><G41/><T66/><D84/><U91/><E91/><V38/><F74/><W3/><G88/><T31/><D42/><U86/><E86/><V43/><F43/><W19/><G77/><T1/><D46/><U63/><AGARI ba="0,1" hai="49,51,53,55,57,59,62,63,70,71,81,82,104,105" machi="63" ten="25,18000,2" yaku="1,1,0,1,22,2,53,2" doraHai="121" doraHaiUra="78" who="1" fromWho="1" sc="391,-60,141,190,194,-60,264,-60" /><INIT seed="5,1,0,5,3,76" ten="331,331,134,204" oya="1" hai0="72,123,127,128,108,134,46,36,31,44,39,17,37" hai1="88,8,38,45,67,115,54,33,112,89,20,12,121" hai2="63,92,131,81,4,35,34,99,93,6,98,68,118" hai3="40,48,3,104,122,74,52,107,53,2,55,13,29"/><U65/><E33/><V94/><F118/><W59/><G122/><T73/><D17/><U0/><E121/><V49/><F131/><W57/><G29/><T69/><D31/><U119/><E119/><V32/><F49/><W23/><G74/><N who="0" m="28779" /><D123/><U102/><E0/><V114/><F114/><N who="1" m="43561" /><E20/><V105/><F105/><W78/><G78/><T111/><D69/><U79/><E102/><V87/><F63/><W58/><G23/><T70/><D70/><U10/><E79/><V100/><F68/><W64/><G13/><T135/><D127/><U97/><E8/><V60/><F60/><W11/><G64/><N who="1" m="24650" /><E97/><V125/><F125/><W90/><G90/><T120/><D128/><U91/><E38/><V116/><F116/><W24/><G24/><T86/><D120/><U9/><E12/><V95/><REACH who="2" step="1"/><F99/><REACH who="2" ten="331,331,124,204" step="2"/><W124/><G124/><T14/><D36/><U61/><E61/><V5/><F5/><W16/><G48/><AGARI ba="1,1" hai="9,10,45,48,54,88,89,91" m="24650,43561" machi="48" ten="40,3900,0" yaku="15,1,54,1" doraHai="76" who="1" fromWho="3" sc="331,0,331,52,124,0,204,-42" /><INIT seed="5,2,0,4,5,78" ten="331,383,124,162" oya="1" hai0="116,30,131,113,46,124,33,26,9,25,62,72,29" hai1="54,63,21,52,67,36,11,135,6,50,66,95,17" hai2="59,98,83,71,45,133,60,122,120,111,99,41,19" hai3="108,61,31,115,117,76,127,1,44,105,125,48,23"/><U13/><E135/><V106/><F111/><W97/><G108/><T126/><D72/><U93/><E36/><V90/><F71/><W100/><G1/><T88/><D116/><U51/><E51/><V49/><F133/><W86/><G117/><T132/><D132/><U16/><E17/><V81/><F106/><W84/><G115/><T35/><D62/><U103/><E54/><V121/><F19/><W2/><G2/><T102/><D102/><U56/><E103/><V3/><F3/><W130/><G130/><T119/><D46/><U28/><E28/><V7/><F7/><W14/><G61/><T107/><D107/><U134/><E134/><V85/><REACH who="2" step="1"/><F83/><REACH who="2" ten="331,383,114,162" step="2"/><W38/><G105/><T79/><D119/><U68/><E67/><AGARI ba="2,1" hai="41,45,49,59,60,67,81,85,90,98,99,120,121,122" machi="67" ten="40,8000,1" yaku="1,1,2,1,52,1,53,1" doraHai="78" doraHaiUra="82" who="2" fromWho="1" sc="331,0,383,-86,114,96,162,0" /><INIT seed="6,0,0,1,1,80" ten="331,297,210,162" oya="2" hai0="19,85,17,31,125,58,28,25,105,15,6,135,73" hai1="46,95,4,65,37,62,50,70,41,49,107,32,117" hai2="132,106,120,47,23,18,72,91,113,129,57,36,7" hai3="11,69,76,82,88,68,126,8,24,27,38,94,75"/><V114/><F120/><W100/><G38/><T59/><D73/><U21/><E107/><V116/><F116/><W96/><G126/><T86/><D105/><U92/><E32/><V66/><F72/><W90/><G69/><T14/><D135/><U13/><E117/><V104/><F132/><W79/><G68/><T67/><D6/><U35/><E35/><V29/><F29/><N who="0" m="11338" /><D25/><U33/><E33/><V111/><F7/><W16/><G79/><T108/><D108/><U97/><E95/><V128/><F111/><W51/><G51/><T127/><D67/><U102/><REACH who="1" step="1"/><E4/><REACH who="1" ten="331,287,210,162" step="2"/><V93/><F106/><W1/><G1/><T87/><D127/><U26/><E26/><V118/><F104/><W81/><G27/><T112/><D125/><U63/><E63/><N who="2" m="38255" /><F118/><W78/><G24/><T30/><D112/><U83/><E83/><V42/><F93/><W0/><G0/><T134/><D134/><U20/><E20/><V43/><F113/><W122/><G122/><T53/><D30/><U61/><E61/><V40/><F114/><W99/><G16/><AGARI ba="0,1" hai="13,16,21,37,41,46,49,50,62,65,70,92,97,102" machi="16" ten="40,2600,0" yaku="1,1,54,1,53,0" doraHai="80" doraHaiUra="130" who="1" fromWho="3" sc="331,0,287,36,210,0,162,-26" /><INIT seed="7,0,0,3,4,48" ten="331,323,210,136" oya="3" hai0="114,131,29,134,55,116,112,105,33,25,10,71,64" hai1="80,88,78,130,44,26,72,74,98,27,123,43,14" hai2="91,73,65,118,8,104,90,83,7,47,0,23,96" hai3="70,1,120,110,85,101,113,62,135,42,119,124,5"/><W18/><G119/><T100/><D134/><U50/><E74/><V102/><F118/><W24/><G120/><T94/><D131/><U28/><E130/><V111/><F111/><W16/><G135/><T129/><D116/><U19/><E123/><V2/><F2/><W11/><G110/><T36/><D129/><U51/><E51/><V56/><F23/><W66/><G113/><N who="0" m="43627" /><D55/><U86/><E28/><V3/><F0/><W106/><G124/><T84/><D10/><N who="1" m="6615" /><E72/><V122/><F122/><W121/><G121/><T89/><D36/><U54/><E43/><V68/><F68/><W31/><G85/><T9/><D9/><U57/><E44/><V82/><F47/><W63/><G63/><N who="0" m="40351" /><D105/><U127/><E127/><V39/><F39/><W49/><G49/><T99/><D100/><U34/><E34/><V109/><F109/><W92/><G42/><T13/><D13/><U30/><E30/><V75/><F56/><W87/><G87/><AGARI ba="0,0" hai="25,29,33,84,87,89,94,99" m="40351,43627" machi="87" ten="30,2000,0" yaku="15,1,11,1" doraHai="48" who="0" fromWho="3" sc="331,20,323,0,210,0,136,-20" owari="351,45.0,323,12.0,210,-19.0,116,-38.0" /></mjloggm>