<mjloggm ver="2.3"><GO type="169" lobby="0"/><UN n0="%E3%81%8B%E3%81%A3%E9%A3%9B%E3%81%B0%E3%81%9B%E5%85%A8%E9%83%A8" n1="%63%61%74%6D%65%56%47%43" n2="%E3%81%8B%E3%81%B0%E3%82%84%E3%81%8D%E3%82%89%E3%81%8F%E3%81%A0" n3="%E4%B8%83%E3%83%84%E6%98%9F%E3%83%9B%E3%82%AF%E3%82%B5%E3%82%A4" dan="17,16,17,17" rate="2197.99,2153.84,2096.10,2172.27" sx="M,M,M,M"/><TAIKYOKU oya="0"/><INIT seed="0,0,0,4,4,66" ten="250,250,250,250" oya="0" hai0="107,110,4,22,26,15,75,38,36,114,100,126,76" hai1="105,91,51,42,11,130,122,49,12,60,58,57,10" hai2="67,41,113,65,37,19,99,56,13,54,48,120,72" hai3="102,34,14,39,98,44,78,119,7,59,95,94,2"/><T43/><D114/><U3/><E122/><V6/><F120/><W104/><G119/><T73/><D126/><U135/><E105/><V123/><F123/><W79/><G34/><T53/><D100/><U5/><E135/><V52/><F113/><W77/><G2/><T71/><D107/><U124/><E130/><V70/><F72/><W8/><REACH who="3" step="1"/><G59/><REACH who="3" ten="250,250,250,240" step="2"/><T46/><D110/><U64/><E124/><V62/><F56/><W125/><G125/><T33/><D33/><U1/><E1/><V83/><F70/><W96/><G96/><T88/><D71/><U90/><E58/><V128/><F99/><W132/><G132/><T115/><D115/><U84/><E42/><AGARI ba="0,1" hai="7,8,14,39,42,44,77,78,79,94,95,98,102,104" machi="42" ten="40,1300,0" yaku="1,1,53,0" doraHai="66" doraHaiUra="31" who="3" fromWho="1" sc="250,0,250,-13,250,0,240,23" /><INIT seed="1,0,0,4,5,97" ten="250,237,250,263" oya="1" hai0="27,106,85,33,94,4,19,87,125,2,9,11,43" hai1="18,77,116,39,67,114,42,46,76,95,22,60,7" hai2="23,120,112,102,68,129,28,69,91,135,71,113,124" hai3="79,108,47,64,127,86,58,78,17,40,26,81,49"/><U115/><E116/><V118/><F118/><W15/><G108/><T99/><D125/><U82/><E7/><V5/><F120/><W90/><G127/><T13/><D106/><U70/><E95/><V12/><F124/><W128/><G128/><T14/><D43/><U89/><E89/><V123/><F123/><W117/><G26/><T75/><D75/><U103/><E103/><V8/><F135/><W6/><G6/><T92/><D92/><U131/><E131/><V104/><F91/><W93/><G117/><T122/><D122/><U25/><REACH who="1" step="1"/><E76/><REACH who="1" ten="250,227,250,263" step="2"/><V132/><F129/><W3/><G3/><T84/><D2/><U121/><E121/><V65/><F102/><W133/><G133/><T83/><D94/><U74/><AGARI ba="0,1" hai="18,22,25,39,42,46,60,67,70,74,77,82,114,115" machi="74" ten="20,3900,0" yaku="1,1,0,1,7,1,53,0" doraHai="97" doraHaiUra="30" who="1" fromWho="1" sc="250,-13,227,49,250,-13,263,-13" /><INIT seed="1,1,0,2,3,48" ten="237,276,237,250" oya="1" hai0="77,131,10,118,85,130,93,44,31,58,0,33,51" hai1="120,54,94,107,56,84,47,6,65,73,83,30,115" hai2="98,39,40,106,32,29,25,46,50,59,133,9,126" hai3="70,15,89,60,92,95,57,18,7,21,97,62,45"/><U2/><E115/><V34/><F133/><W113/><G113/><T35/><D118/><U124/><E120/><V68/><F126/><W114/><G114/><T76/><D58/><U67/><E124/><V37/><F68/><W61/><G70/><T8/><D93/><U110/><E107/><V80/><F34/><W3/><G3/><T12/><D0/><U38/><E110/><V16/><F80/><W90/><G7/><T20/><D20/><U127/><E127/><V79/><F79/><N who="0" m="30282" /><D85/><U81/><E73/><V42/><F42/><W129/><G129/><N who="0" m="49163" /><D31/><U104/><E104/><V14/><REACH who="2" step="1"/><F59/><REACH who="2" ten="237,276,227,250" step="2"/><W117/><G117/><T122/><D122/><U135/><E83/><V119/><F119/><W78/><G78/><T23/><D33/><U132/><E81/><V69/><F69/><W64/><REACH who="3" step="1"/><G45/><REACH who="3" ten="237,276,227,240" step="2"/><T63/><D44/><U27/><E47/><V55/><F55/><W91/><G91/><T19/><D35/><U108/><E54/><V100/><AGARI ba="1,2" hai="9,14,16,25,29,32,37,39,40,46,50,98,100,106" machi="100" ten="30,4000,0" yaku="1,1,0,1,54,1,53,0" doraHai="48" doraHaiUra="74" who="2" fromWho="2" sc="237,-11,276,-21,227,63,240,-11" /><INIT seed="2,0,0,2,1,39" ten="226,255,290,229" oya="2" hai0="109,22,110,119,52,32,134,85,6,98,33,31,3" hai1="41,105,90,10,8,83,97,118,53,106,130,5,129" hai2="133,59,57,36,0,127,123,128,44,62,75,125,71" hai3="60,63,55,47,1,135,80,24,9,43,40,116,42"/><V65/><F0/><W104/><G116/><T15/><D85/><U26/><E118/><V7/><F7/><W82/><G104/><T72/><D72/><U58/><E26/><V17/><F17/><W35/><G135/><T4/><D98/><U91/><E41/><N who="3" m="10498" /><W12/><DORA hai="115" /><G1/><T28/><D52/><U93/><E83/><N who="3" m="31786" /><G35/><N who="0" m="13387" /><D119/><U102/><E106/><V20/><F75/><W29/><G24/><T14/><D134/><U49/><E105/><V100/><F133/><W18/><G29/><N who="0" m="11339" /><D3/><N who="1" m="63" /><E10/><V48/><F127/><W126/><G126/><T86/><D86/><U76/><E76/><V64/><F125/><W23/><G9/><N who="0" m="4391" /><D22/><U77/><E77/><V88/><F20/><W13/><G13/><T113/><D113/><U120/><E120/><V46/><F123/><W69/><G69/><T30/><D30/><U66/><E66/><V50/><F65/><W78/><G78/><T56/><D6/><U68/><E68/><V99/><F71/><W70/><G70/><T25/><D15/><U11/><E11/><V51/><F64/><W132/><G132/><T38/><D25/><U37/><E37/><V19/><F36/><W2/><G2/><T114/><D38/><U84/><E84/><V74/><F74/><W117/><G117/><T96/><D114/><U112/><E112/><V87/><F87/><W67/><G67/><T73/><D73/><U121/><E121/><V21/><F21/><W122/><G122/><T94/><D110/><U103/><E97/><V45/><F99/><W124/><G124/><T131/><D109/><U61/><E93/><V108/><F108/><RYUUKYOKU ba="0,0" sc="226,-10,255,-10,290,-10,229,30" hai3="12,18,23,47,55,60,63" /><INIT seed="3,1,0,0,4,129" ten="216,245,280,259" oya="3" hai0="60,111,67,75,38,65,50,69,93,84,0,97,10" hai1="25,63,24,94,47,81,82,27,95,45,83,86,123" hai2="116,110,70,23,34,31,66,26,92,49,52,87,13" hai3="124,1,72,30,125,98,9,48,11,108,107,39,32"/><W28/><G39/><T37/><D75/><U78/><E123/><V5/><F116/><W14/><G72/><T104/><D111/><U57/><E78/><V19/><F110/><W120/><G108/><T44/><D67/><U126/><E126/><N who="3" m="48746" /><G120/><T133/><D104/><U29/><E29/><N who="3" m="11370" /><G32/><T122/><D122/><U105/><E105/><V8/><F70/><W68/><G68/><T80/><D0/><U46/><REACH who="1" step="1"/><E86/><REACH who="1" ten="216,235,280,259" step="2"/><V16/><F34/><W135/><G107/><T96/><D84/><U58/><E58/><N who="2" m="33039" /><F66/><AGARI ba="1,1" hai="24,25,27,45,46,47,57,63,66,81,82,83,94,95" machi="66" ten="50,8000,1" yaku="1,1,29,2,8,1,53,0" doraHai="129" doraHaiUra="71" who="1" fromWho="2" sc="216,0,235,93,280,-83,259,0" /><INIT seed="4,0,0,2,3,57" ten="216,328,197,259" oya="0" hai0="113,95,6,55,89,79,12,112,100,78,129,111,53" hai1="69,117,52,132,34,4,66,72,86,130,125,1,93" hai2="70,36,49,85,38,22,92,28,31,61,32,118,109" hai3="91,56,124,135,19,51,63,43,64,106,45,33,88"/><T127/><D6/><U37/><RYUUKYOKU type="yao9" ba="0,0" sc="216,0,328,0,197,0,259,0" hai1="1,4,34,37,52,66,69,72,86,93,117,125,130,132" /><INIT seed="4,1,0,1,0,98" ten="216,328,197,259" oya="0" hai0="134,90,88,15,10,82,72,63,14,39,132,81,116" hai1="5,126,25,45,60,7,99,16,40,118,3,44,100" hai2="48,68,108,58,56,26,0,75,47,91,38,1,33" hai3="111,97,85,93,65,129,31,83,53,125,89,52,67"/><T51/><D116/><U114/><E118/><V79/><F108/><W105/><G111/><T61/><D51/><U8/><E126/><V92/><F68/><W84/><G125/><T32/><D32/><U24/><E114/><V76/><F38/><W86/><G129/><T17/><D10/><U104/><E7/><V103/><F103/><N who="3" m="60847" /><G105/><T77/><D77/><U71/><E45/><V110/><F110/><W101/><G31/><T2/><D17/><U23/><E60/><V22/><F33/><W12/><G101/><T124/><D124/><U70/><REACH who="1" step="1"/><E25/><REACH who="1" ten="216,318,197,259" step="2"/><V27/><F26/><W69/><G69/><T74/><REACH who="0" step="1"/><D39/><AGARI ba="1,1" hai="3,5,8,16,23,24,39,40,44,70,71,99,100,104" machi="39" ten="30,8000,1" yaku="1,1,2,1,7,1,52,1,54,1,53,0" doraHai="98" doraHaiUra="50" who="1" fromWho="0" sc="216,-83,318,93,197,0,259,0" /><INIT seed="5,0,0,4,2,103" ten="133,411,197,259" oya="1" hai0="6,133,23,46,20,119,68,62,26,100,116,32,60" hai1="120,64,39,121,94,122,43,30,67,108,14,50,9" hai2="78,130,123,93,7,61,74,134,2,92,28,127,22" hai3="18,19,81,115,8,126,3,132,97,16,110,59,90"/><U83/><E108/><V118/><F118/><W25/><G110/><T77/><D133/><U35/><E39/><V56/><F123/><W47/><G115/><T48/><D32/><U96/><E83/><V4/><F74/><W76/><G132/><T109/><D109/><U105/><E30/><V24/><F78/><W52/><G126/><T33/><D33/><U29/><E29/><V80/><F134/><W73/><G47/><T71/><D6/><U91/><E35/><V42/><F130/><W85/><G97/><T102/><D46/><U55/><E43/><V124/><F42/><W37/><G37/><T1/><D48/><U57/><REACH who="1" step="1"/><E105/><REACH who="1" ten="133,401,197,259" step="2"/><V41/><F80/><W38/><G38/><T65/><D116/><U0/><E0/><V125/><F41/><W17/><G3/><T13/><D119/><U128/><E128/><V58/><F2/><W86/><G73/><T49/><D1/><U11/><E11/><V79/><F28/><W27/><N who="3" m="4096" /><DORA hai="12" /><W101/><G8/><T44/><D23/><U15/><E15/><V51/><F22/><W40/><G40/><T107/><D13/><U114/><E114/><V117/><F117/><W98/><G25/><T63/><D26/><U88/><E88/><V53/><F24/><W36/><G27/><T89/><D89/><U113/><E113/><V21/><F125/><W69/><G36/><T5/><D20/><U99/><E99/><V10/><F21/><W87/><G90/><T72/><D72/><U112/><E112/><V75/><F127/><W129/><G129/><T54/><D107/><U45/><E45/><RYUUKYOKU ba="0,1" sc="133,-10,401,30,197,-10,259,-10" hai1="9,14,50,55,57,64,67,91,94,96,120,121,122" /><INIT seed="5,1,1,1,1,29" ten="123,431,187,249" oya="1" hai0="126,41,28,31,70,99,78,55,43,56,66,128,111" hai1="53,51,39,45,67,131,73,60,26,120,118,25,4" hai2="24,102,54,85,121,74,33,134,117,65,30,113,37" hai3="12,52,129,95,8,23,64,47,90,13,10,58,83"/><U122/><E118/><V110/><F74/><W72/><G129/><T127/><D111/><U88/><E131/><V0/><F117/><W46/><G64/><T35/><D128/><U94/><E73/><V77/><F110/><W87/><G72/><T125/><D78/><U114/><E114/><V19/><F121/><W123/><G83/><T97/><D66/><U132/><E132/><V63/><F37/><W62/><G123/><T38/><D70/><U75/><E75/><V7/><F102/><W57/><G57/><T104/><D31/><U61/><E4/><V1/><F134/><W16/><G23/><T86/><D86/><U133/><E133/><V32/><F19/><AGARI ba="1,1" hai="8,10,12,13,16,19,46,47,52,58,62,87,90,95" machi="19" ten="30,8000,1" yaku="7,1,9,1,8,1,54,2" doraHai="29" who="3" fromWho="2" sc="123,0,431,0,187,-83,249,93" /><INIT seed="6,0,0,5,3,106" ten="123,431,104,342" oya="2" hai0="102,105,27,126,37,85,2,128,88,97,24,93,112" hai1="15,22,13,135,48,74,44,26,98,8,72,65,34" hai2="80,103,101,111,36,61,54,53,95,40,96,32,119" hai3="35,20,45,73,12,131,76,7,41,108,78,11,68"/><V67/><F119/><W39/><G108/><T75/><D112/><U77/><E34/><V46/><F111/><W70/><G131/><T30/><D128/><U29/><E77/><V19/><F32/><W94/><G94/><T33/><D126/><U66/><E135/><V79/><F19/><W115/><G78/><T109/><D109/><U100/><E15/><V31/><F31/><W58/><G115/><T104/><D2/><U134/><E134/><V23/><F23/><W0/><G58/><T10/><D37/><U121/><E121/><V120/><F103/><W3/><G3/><T125/><D125/><U51/><E66/><V86/><REACH who="2" step="1"/><F120/><REACH who="2" ten="123,431,94,342" step="2"/><W69/><G20/><T43/><D33/><U123/><E123/><V62/><F62/><W107/><G35/><T1/><D30/><U110/><E110/><V47/><F47/><W50/><G45/><T38/><D102/><U89/><E100/><V99/><F99/><W64/><G7/><T90/><D97/><U18/><E44/><V9/><F9/><W132/><G11/><T116/><D10/><U84/><E98/><V17/><F17/><W60/><G60/><T130/><D130/><U129/><E129/><V124/><F124/><W63/><G63/><T6/><D116/><U133/><E133/><V113/><F113/><W71/><G132/><T42/><D6/><U82/><E65/><V4/><F4/><W117/><G64/><T122/><D122/><U21/><E21/><V28/><F28/><W25/><G117/><T127/><D127/><U91/><E29/><V57/><AGARI ba="0,1" hai="36,40,46,53,54,57,61,67,79,80,86,95,96,101" machi="57" ten="20,12000,1" yaku="1,1,0,1,7,1,53,2" doraHai="106" doraHaiUra="49" who="2" fromWho="2" sc="123,-40,431,-40,94,130,342,-40" /><INIT seed="6,1,0,3,4,8" ten="83,391,224,302" oya="2" hai0="62,119,64,88,91,71,132,115,97,106,57,25,125" hai1="46,79,128,117,72,94,60,87,20,78,6,93,47" hai2="77,99,35,26,114,95,68,23,39,104,12,98,41" hai3="110,5,121,19,69,54,50,13,107,74,58,63,134"/><V124/><F68/><W56/><G110/><T3/><D115/><U9/><E117/><V36/><F114/><W30/><G121/><T85/><D119/><U1/><E128/><V32/><F77/><W0/><G74/><T67/><D125/><U66/><E72/><V17/><F124/><W21/><G107/><T108/><D108/><U105/><E105/><V127/><F127/><W92/><G134/><T33/><D132/><U44/><E20/><V34/><F104/><W89/><G69/><T16/><D3/><U96/><E87/><V42/><F42/><W81/><G0/><T118/><D118/><U133/><E133/><V100/><F99/><W112/><G112/><T120/><D120/><U40/><E94/><V10/><REACH who="2" step="1"/><F41/><REACH who="2" ten="83,391,214,302" step="2"/><W18/><G81/><N who="0" m="49199" /><D71/><U102/><REACH who="1" step="1"/><E40/><REACH who="1" ten="83,381,214,302" step="2"/><V109/><F109/><W65/><G92/><N who="0" m="56479" /><D106/><U82/><E82/><V4/><AGARI ba="1,2" hai="4,10,12,17,23,26,32,34,35,36,39,95,98,100" machi="4" ten="30,11700,0" yaku="1,1,0,1,52,1,53,1" doraHai="8" doraHaiUra="90" who="2" fromWho="2" sc="83,-40,381,-40,214,140,302,-40" /><INIT seed="6,2,0,5,5,134" ten="43,341,354,262" oya="2" hai0="55,113,105,101,131,116,19,30,32,77,56,135,44" hai1="31,10,93,53,46,80,72,115,95,121,12,90,33" hai2="109,4,5,8,74,118,117,2,14,66,35,108,6" hai3="128,92,124,67,57,27,107,52,48,96,45,59,62"/><V26/><F74/><W112/><G128/><T13/><D77/><U86/><E115/><V24/><F66/><W50/><G107/><T78/><D78/><U119/><E119/><N who="2" m="45579" /><F2/><W79/><G112/><T51/><D101/><U81/><E121/><V89/><F89/><W0/><G0/><T38/><D19/><N who="1" m="8599" /><E81/><V47/><F47/><W73/><G124/><T41/><D30/><U54/><E54/><V133/><F133/><W98/><G73/><T104/><D13/><U40/><E40/><V94/><F94/><W28/><G79/><T9/><D9/><U43/><E43/><V61/><F61/><W39/><G39/><T82/><D38/><U120/><E72/><V34/><F14/><W70/><G50/><T132/><D116/><U69/><E69/><V85/><F85/><W110/><G110/><N who="2" m="42601" /><F8/><W63/><G92/><T42/><D113/><U91/><E91/><V88/><F88/><W49/><G70/><T114/><D114/><U99/><E99/><N who="3" m="37930" /><G45/><T16/><D44/><U64/><E64/><V123/><F123/><W36/><G36/><T3/><D3/><U25/><E120/><V87/><F87/><W7/><G7/><T60/><D60/><U75/><E75/><V129/><F129/><W111/><G111/><T103/><D131/><U83/><E83/><V65/><F65/><W102/><G102/><T58/><D103/><U18/><E18/><V106/><F106/><W97/><N who="3" m="37938" /><W29/><DORA hai="100" /><G29/><T122/><D132/><U15/><E15/><V37/><F37/><W68/><G68/><T17/><D135/><U1/><E1/><RYUUKYOKU ba="2,0" sc="43,-30,341,10,354,10,262,10" hai1="25,31,33,46,53,80,86,90,93,95" hai2="4,5,6,24,26,34,35" hai3="27,28,48,49,52,57,59,62,63,67" /><INIT seed="6,3,0,4,0,19" ten="13,351,364,272" oya="2" hai0="91,78,39,21,4,125,116,31,37,51,65,48,60" hai1="109,103,43,23,112,92,99,5,55,131,79,28,129" hai2="100,22,77,104,113,50,88,16,93,89,57,94,120" hai3="71,90,128,54,14,49,118,26,20,85,58,12,101"/><V73/><F120/><W27/><G118/><T82/><D116/><U45/><E109/><V9/><F113/><W33/><G71/><T127/><D4/><U96/><E112/><V117/><F117/><W52/><G128/><N who="1" m="49226" /><E55/><N who="2" m="31991" /><F104/><W134/><G134/><T10/><D10/><U67/><E67/><V95/><F73/><W40/><G101/><T32/><D31/><U44/><E5/><V64/><F77/><W59/><G40/><T35/><D78/><U115/><E115/><V122/><F64/><W123/><G33/><T133/><D65/><U102/><E79/><V126/><F126/><W63/><G123/><T34/><D82/><U111/><E111/><V8/><F100/><W114/><G27/><T121/><D121/><U15/><E43/><V81/><F122/><W108/><G108/><T53/><D53/><U18/><E28/><V56/><F56/><W87/><G114/><T135/><D91/><N who="2" m="34890" /><F81/><W124/><G124/><T47/><D35/><U11/><E11/><V6/><F6/><W106/><G106/><AGARI ba="3,0" hai="15,18,23,44,45,92,96,99,102,103,106" m="49226" machi="106" ten="30,2000,0" yaku="19,1,52,1" doraHai="19" who="1" fromWho="3" sc="13,0,351,29,364,0,272,-29" /><INIT seed="7,0,0,5,2,129" ten="13,380,364,243" oya="3" hai0="82,89,39,91,122,88,17,77,3,106,105,79,29" hai1="98,0,25,83,15,54,135,132,108,48,57,16,78" hai2="14,40,13,95,19,69,22,42,117,24,130,128,4" hai3="134,65,126,127,74,121,124,112,75,111,103,60,116"/><W67/><G121/><T62/><D39/><U94/><E108/><V113/><F69/><W90/><G116/><T71/><D3/><U41/><E0/><V85/><F117/><W1/><G1/><T45/><D45/><U81/><E25/><V92/><F113/><W87/><G112/><T107/><D17/><U9/><E41/><N who="2" m="15979" /><F4/><W21/><G111/><T101/><D71/><U61/><E61/><V34/><F85/><W59/><G103/><T84/><D62/><U56/><E56/><V72/><F72/><N who="3" m="27691" /><G21/><T119/><D119/><U73/><REACH who="1" step="1"/><E81/><REACH who="1" ten="13,370,364,243" step="2"/><V37/><F34/><W123/><G123/><T50/><D29/><U131/><E131/><N who="2" m="50219" /><F37/><W97/><G97/><N who="0" m="61615" /><D50/><U115/><E115/><V133/><F133/><W32/><G32/><T52/><D52/><U63/><E63/><V125/><F125/><N who="3" m="32003" /><W28/><DORA hai="6" /><G28/><T93/><D122/><U96/><E96/><V109/><F109/><W8/><G67/><T58/><D58/><U38/><E38/><V86/><F86/><W110/><G110/><T31/><D31/><U114/><E114/><V64/><F64/><W53/><G65/><T44/><D44/><U104/><E104/><N who="0" m="39977" /><D77/><U23/><E23/><V43/><F43/><W10/><G60/><T18/><D18/><U99/><E99/><V30/><F30/><W46/><G46/><T11/><D11/><N who="3" m="4137" /><G59/><T66/><D66/><U118/><E118/><V100/><F100/><AGARI ba="0,1" hai="9,15,16,48,54,57,73,78,83,94,98,100,132,135" machi="100" ten="40,12000,2" yaku="1,1,52,3,54,1,53,1" doraHai="129,6" doraHaiUra="55,102" who="1" fromWho="2" sc="13,0,370,130,364,-120,243,0" owari="13,-49.0,500,61.0,244,4.0,243,-16.0" /></mjloggm>