<mjloggm ver="2.3"><GO type="169" lobby="0"/><UN n0="%6B%6F%6B%6F%72%6F%6E%69" n1="%6F%73%61%74%61%64%61" n2="%E3%81%8B%E3%81%93%E3%81%A8%E3%82%93" n3="%E6%8C%AF%E3%82%8A%E8%BE%BC%E3%81%BF%E3%83%9E%E3%82%B8%E3%83%B3%E3%82%AC" dan="16,16,17,16" rate="2153.54,2033.37,2111.81,2100.95" sx="M,M,M,M"/><TAIKYOKU oya="0"/><INIT seed="0,0,0,0,2,116" ten="250,250,250,250" oya="0" hai0="43,84,33,56,127,82,89,126,109,107,30,21,81" hai1="46,91,70,39,37,5,63,67,95,26,99,71,88" hai2="129,53,31,75,13,34,51,15,41,90,50,125,78" hai3="103,83,79,42,77,23,118,119,122,128,44,106,104"/><T105/><D33/><U117/><E117/><V100/><F100/><W108/><G108/><T74/><D43/><U38/><E5/><V10/><F75/><W86/><G23/><T47/><D47/><U36/><E71/><V62/><F78/><W6/><G6/><T123/><D56/><U57/><E70/><V76/><F76/><W115/><G115/><T111/><D21/><U49/><N who="1" m="9216" /><DORA hai="2" /><U93/><E26/><V55/><F62/><W35/><G35/><T27/><D27/><U114/><E114/><V98/><F41/><W0/><G0/><T87/><D30/><U12/><E12/><V72/><F72/><N who="3" m="43431" /><G44/><T121/><D89/><U135/><E135/><V7/><F31/><W9/><G9/><T73/><AGARI ba="0,0" hai="73,74,81,82,84,87,105,107,109,111,121,123,126,127" machi="73" ten="25,24000,3" yaku="0,1,22,2,34,3,52,2" doraHai="116,2" who="0" fromWho="0" sc="250,240,250,-80,250,-80,250,-80" /><INIT seed="0,1,0,3,1,27" ten="490,170,170,170" oya="0" hai0="82,31,127,126,28,13,118,7,99,59,111,132,9" hai1="60,56,52,123,34,129,76,75,83,78,74,68,53" hai2="96,85,61,106,86,125,101,47,87,38,70,128,130" hai3="26,94,43,41,54,120,5,22,79,51,65,112,46"/><T80/><D118/><U133/><E123/><V72/><F72/><W90/><G112/><T114/><D114/><U4/><E129/><V16/><F125/><N who="0" m="47626" /><D132/><U122/><E122/><V49/><F38/><W30/><G120/><T117/><D117/><U40/><E133/><V63/><F16/><W116/><G116/><T108/><D99/><U124/><E68/><V88/><F70/><W17/><G79/><T35/><D59/><U50/><E40/><V102/><F47/><W15/><G65/><T0/><D13/><U11/><E34/><V91/><F49/><W62/><G5/><T110/><D35/><U92/><E92/><V89/><REACH who="2" step="1"/><F101/><REACH who="2" ten="490,170,160,170" step="2"/><W69/><G69/><T77/><D77/><U95/><E124/><V2/><F2/><W134/><G134/><T100/><D100/><U12/><E76/><V67/><F67/><W1/><G1/><T58/><D58/><U71/><E71/><V3/><F3/><W119/><G119/><T48/><D48/><U135/><E135/><V97/><F97/><N who="3" m="57559" /><G62/><AGARI ba="1,1" hai="61,62,63,85,86,87,88,89,91,96,102,106,128,130" machi="62" ten="50,3200,0" yaku="1,1,54,1,53,0" doraHai="27" doraHaiUra="109" who="2" fromWho="3" sc="490,0,170,0,160,45,170,-35" /><INIT seed="1,0,0,1,1,111" ten="490,170,205,135" oya="1" hai0="30,123,12,94,45,119,76,24,89,132,46,15,113" hai1="77,27,126,11,58,71,112,125,79,83,43,131,98" hai2="107,86,55,28,7,115,61,135,73,13,105,85,84" hai3="49,31,8,60,66,33,103,68,32,47,18,62,21"/><U78/><E71/><V44/><F73/><W51/><G8/><T40/><D119/><U106/><E43/><V70/><F28/><W37/><G31/><T42/><D123/><U2/><E27/><V124/><F124/><N who="1" m="47721" /><E58/><V36/><F36/><W100/><G37/><T1/><D1/><U35/><E35/><V54/><F7/><W67/><G33/><T88/><D76/><N who="1" m="29291" /><E11/><V81/><F70/><W69/><G32/><T110/><D30/><U59/><E59/><V4/><F44/><W41/><REACH who="3" step="1"/><G51/><REACH who="3" ten="490,170,205,125" step="2"/><T34/><D34/><U109/><E2/><V96/><F135/><W25/><AGARI ba="0,1" hai="18,21,25,41,47,49,60,62,66,67,68,69,100,103" machi="25" ten="20,8000,1" yaku="1,1,2,1,0,1,7,1,9,1,53,0" doraHai="111" doraHaiUra="0" who="3" fromWho="3" sc="490,-20,170,-40,205,-20,125,90" /><INIT seed="2,0,0,5,0,30" ten="470,130,185,215" oya="2" hai0="100,131,72,12,34,97,15,23,109,102,56,54,8" hai1="116,79,51,39,112,65,80,108,36,124,7,110,118" hai2="74,35,128,26,28,46,81,111,84,101,99,31,53" hai3="89,14,135,113,70,73,4,55,21,32,52,127,122"/><V114/><F114/><W47/><G113/><T95/><D72/><U93/><E112/><V130/><F111/><N who="1" m="42537" /><E7/><V19/><F74/><W134/><G122/><T18/><D109/><U59/><E93/><V98/><F31/><W17/><G73/><T94/><D131/><N who="2" m="50218" /><F19/><W10/><G127/><T87/><D34/><U41/><E124/><V60/><F101/><W57/><G32/><T117/><D117/><N who="1" m="45163" /><E80/><V121/><F121/><W77/><G70/><T43/><D43/><U3/><E79/><N who="2" m="46143" /><F60/><W90/><G77/><T104/><D104/><U103/><E103/><N who="0" m="39465" /><D87/><U2/><E2/><V78/><F78/><W123/><G123/><T92/><D97/><U42/><E3/><V82/><F82/><W61/><G135/><T6/><D95/><U44/><E41/><V67/><F67/><W50/><REACH who="3" step="1"/><G134/><REACH who="3" ten="470,130,185,205" step="2"/><T24/><D24/><AGARI ba="0,1" hai="4,10,14,17,21,24,47,50,52,55,57,61,89,90" machi="24" ten="30,12000,2" yaku="1,1,2,1,7,1,8,1,54,1,53,1" doraHai="30" doraHaiUra="5" who="3" fromWho="0" sc="470,-120,130,0,185,0,205,130" /><INIT seed="3,0,0,3,0,40" ten="350,130,185,335" oya="3" hai0="33,38,24,32,124,86,1,34,94,128,65,83,112" hai1="116,53,127,104,9,19,43,133,20,76,100,18,77" hai2="17,67,10,16,117,130,30,113,114,68,70,64,5" hai3="56,125,134,36,8,11,84,101,44,135,29,59,131"/><W14/><G125/><T45/><D1/><U97/><E127/><V27/><F117/><W91/><G131/><T109/><D124/><U49/><E133/><N who="3" m="50698" /><G101/><T57/><D109/><U39/><E39/><V61/><F130/><W4/><G29/><T118/><D118/><U25/><E43/><V92/><F113/><W7/><G36/><T79/><D128/><U31/><E116/><V0/><F114/><W66/><G44/><T106/><D106/><U37/><E37/><V123/><F123/><W108/><G108/><T12/><D12/><U69/><E69/><V115/><F115/><W119/><G66/><T98/><D112/><U23/><E9/><V50/><F67/><W48/><G48/><T52/><D65/><U28/><E31/><V73/><F68/><W107/><G107/><T126/><D126/><U62/><E62/><V47/><F73/><W63/><G63/><T88/><D24/><U80/><E23/><V54/><F92/><N who="3" m="54375" /><G119/><T35/><D35/><AGARI ba="0,0" hai="0,5,10,16,17,27,30,35,47,50,54,61,64,70" machi="35" ten="30,3900,0" yaku="7,1,52,1,54,1" doraHai="40" who="2" fromWho="0" sc="350,-39,130,0,185,39,335,0" /><INIT seed="4,0,0,1,0,5" ten="311,130,224,335" oya="0" hai0="125,97,53,47,26,49,130,103,3,42,63,116,39" hai1="70,98,80,60,107,128,83,95,27,73,104,89,28" hai2="79,30,40,14,32,121,115,19,2,66,112,119,87" hai3="69,37,78,135,54,52,4,65,85,94,109,105,131"/><T76/><D116/><U56/><E70/><V77/><F119/><W110/><G105/><T61/><D3/><U6/><E128/><V64/><F121/><W23/><G131/><T81/><D130/><U62/><E6/><V31/><F2/><W82/><G37/><T33/><D125/><U126/><E126/><V15/><F40/><W45/><G135/><T106/><D26/><U11/><E11/><V21/><F87/><W84/><G65/><T74/><REACH who="0" step="1"/><D33/><REACH who="0" ten="301,130,224,335" step="2"/><U10/><E27/><V0/><F32/><W92/><G110/><T124/><D124/><U17/><E28/><V16/><F0/><W41/><G109/><T34/><D34/><U90/><E107/><V120/><F120/><W86/><G78/><T7/><D7/><U38/><E104/><V102/><F30/><W96/><G4/><T48/><D48/><U134/><E134/><V12/><F31/><W118/><G118/><T29/><D29/><U44/><E38/><V108/><F108/><W67/><G82/><T55/><D55/><U25/><E83/><V122/><F122/><W88/><G52/><T18/><D18/><U129/><E17/><V20/><F12/><W58/><G54/><T72/><D72/><U93/><E25/><V8/><F66/><W133/><G133/><T111/><D111/><U68/><E73/><V91/><F64/><W132/><G67/><T1/><D1/><U22/><E129/><V24/><F14/><W35/><G35/><T75/><D75/><U13/><E13/><V50/><F15/><W59/><G132/><T99/><D99/><U57/><E98/><RYUUKYOKU ba="0,1" sc="301,30,130,-10,224,-10,335,-10" hai0="39,42,47,49,53,61,63,74,76,81,97,103,106" /><INIT seed="4,1,1,0,5,33" ten="331,120,214,325" oya="0" hai0="6,58,88,23,75,111,30,83,20,78,114,68,126" hai1="122,22,37,79,94,106,91,115,72,127,16,118,42" hai2="9,25,129,46,3,12,11,65,43,5,31,119,56" hai3="87,70,117,41,63,100,48,69,103,54,49,45,74"/><T82/><D68/><U104/><E122/><V124/><F129/><W15/><G74/><T131/><D6/><U7/><E118/><V52/><F124/><W8/><G117/><T18/><D131/><U112/><E7/><V107/><F107/><W39/><G70/><T98/><D126/><U110/><E110/><V92/><F119/><W59/><G87/><T51/><D111/><U99/><E127/><V36/><F92/><W135/><G135/><T53/><D114/><N who="1" m="43563" /><E42/><V44/><F44/><W85/><G85/><T109/><D109/><U123/><E37/><V76/><F76/><W66/><REACH who="3" step="1"/><G49/><REACH who="3" ten="331,120,214,315" step="2"/><T19/><D75/><U28/><E72/><V134/><F134/><W60/><G60/><T81/><D78/><U73/><E79/><V14/><F36/><W38/><G38/><T4/><D4/><AGARI ba="1,2" hai="4,8,15,39,41,45,48,54,59,63,66,69,100,103" machi="4" ten="30,8000,1" yaku="1,1,7,1,24,2,53,1" doraHai="33" doraHaiUra="47" who="3" fromWho="0" sc="331,-83,120,0,214,0,315,103" /><INIT seed="5,0,0,5,0,2" ten="248,120,214,418" oya="1" hai0="0,127,13,29,118,58,51,86,16,34,81,31,108" hai1="63,106,110,73,57,87,109,52,112,20,50,55,115" hai2="124,19,85,26,60,95,56,131,40,111,104,15,61" hai3="103,21,66,128,43,129,105,114,72,49,27,11,48"/><U132/><E73/><V89/><F131/><N who="3" m="50251" /><G72/><T107/><D118/><U133/><E87/><V7/><F124/><W8/><G114/><N who="1" m="43562" /><E20/><V122/><F111/><N who="1" m="42505" /><E106/><V44/><F104/><W101/><G66/><T97/><D0/><U120/><E120/><V96/><F122/><W14/><G43/><T42/><D127/><U113/><N who="1" m="43570" /><U135/><DORA hai="47" /><E135/><V46/><F26/><W41/><G41/><T92/><D107/><U121/><E121/><V30/><F85/><W79/><G79/><T75/><D75/><U94/><E94/><V53/><F95/><W12/><G105/><T1/><D1/><U59/><AGARI ba="0,0" hai="50,52,55,57,59,63,132,133" m="42505,43570" machi="59" ten="50,18000,2" yaku="15,1,10,1,34,2,52,1,54,1" doraHai="2,47" who="1" fromWho="1" sc="248,-60,120,180,214,-60,418,-60" /><INIT seed="5,1,0,3,0,124" ten="188,300,154,358" oya="1" hai0="111,43,127,21,126,71,77,94,66,135,130,26,33" hai1="47,109,13,82,128,118,10,121,27,90,16,61,107" hai2="85,96,22,31,103,132,44,19,38,20,34,28,5" hai3="119,104,36,75,123,50,95,91,7,0,58,106,3"/><U35/><E121/><V114/><F132/><W4/><G36/><T14/><D111/><U70/><E118/><V76/><F114/><W83/><G123/><T84/><D33/><U17/><E107/><V117/><F34/><W54/><G119/><T73/><D73/><U122/><E122/><V88/><F117/><W63/><G106/><T99/><D43/><U125/><E125/><V69/><F69/><W30/><G104/><T1/><D1/><U86/><E47/><V129/><F76/><W46/><G30/><T51/><D14/><U55/><E109/><V92/><F129/><W80/><G75/><T37/><D51/><U9/><E9/><V49/><F5/><N who="3" m="2123" /><G0/><T134/><D37/><U62/><E70/><V68/><F38/><W59/><G3/><T101/><D130/><U11/><E128/><V105/><F68/><W45/><G58/><T131/><D131/><U25/><E35/><V108/><F108/><W110/><G45/><T39/><D39/><U56/><E62/><V53/><REACH who="2" step="1"/><F22/><REACH who="2" ten="188,300,144,358" step="2"/><W60/><G110/><T2/><D127/><U87/><E10/><V72/><F72/><W18/><G63/><T41/><D126/><U15/><E11/><V29/><F29/><W78/><G78/><T57/><D71/><U12/><E17/><V112/><F112/><W102/><G18/><T74/><D74/><U79/><E16/><V100/><F100/><W81/><G102/><T32/><D101/><U52/><E61/><V116/><F116/><W48/><G60/><T113/><D135/><U8/><E8/><V89/><F89/><W98/><G91/><RYUUKYOKU ba="1,1" sc="188,-10,300,-10,144,30,358,-10" hai2="19,20,28,31,44,49,53,85,88,92,96,103,105" /><INIT seed="6,2,1,5,1,85" ten="178,290,174,348" oya="2" hai0="26,127,60,27,32,77,118,49,107,92,88,73,83" hai1="100,34,12,111,101,62,57,8,6,55,82,44,116" hai2="4,124,50,22,38,76,35,28,103,2,66,114,112" hai3="135,109,37,23,14,10,58,128,13,113,67,59,53"/><V31/><F38/><W104/><G109/><T117/><D49/><U64/><E116/><V72/><F124/><W126/><G37/><T129/><D107/><U46/><E34/><V29/><F35/><W70/><G104/><T86/><D127/><U1/><E1/><V24/><F103/><W122/><G126/><T115/><D32/><U95/><E111/><V98/><F98/><W42/><G42/><T91/><D129/><U81/><E101/><V89/><F66/><W21/><G122/><T94/><D60/><U16/><E6/><V69/><F69/><W96/><G96/><N who="0" m="57375" /><D115/><N who="2" m="44074" /><F50/><W97/><G97/><T121/><D121/><U15/><E100/><V7/><F89/><W131/><G67/><T61/><D61/><U45/><E64/><V9/><F4/><W133/><G70/><T102/><D102/><U106/><E106/><V125/><F125/><W120/><G120/><T17/><D17/><U134/><E16/><N who="2" m="12359" /><F76/><W40/><G113/><T56/><D56/><U18/><E57/><V71/><F71/><W132/><G59/><T99/><D99/><U39/><E39/><V110/><F72/><W43/><G58/><T54/><D54/><U75/><E55/><V20/><F110/><W30/><G53/><T105/><D105/><U79/><E75/><V87/><F87/><W78/><G78/><T65/><D65/><U51/><E79/><V48/><F48/><W119/><G119/><AGARI ba="2,1" hai="26,27,73,77,83,86,88,94,117,118,119" m="57375" machi="119" ten="30,7700,0" yaku="12,1,52,2,54,1" doraHai="85" who="0" fromWho="3" sc="178,93,290,0,174,0,348,-83" /><INIT seed="7,0,0,1,5,38" ten="271,290,174,265" oya="3" hai0="85,128,74,22,118,48,113,57,83,23,44,13,55" hai1="82,135,100,19,95,36,34,0,25,7,35,116,29" hai2="62,40,75,60,126,12,72,6,51,106,41,50,39" hai3="90,110,24,77,42,47,56,109,92,30,76,61,68"/><W131/><G131/><T117/><D74/><U108/><E108/><N who="3" m="41578" /><G68/><T93/><D128/><U5/><E36/><V115/><F106/><W112/><G112/><T54/><D113/><U84/><E35/><V120/><F115/><W134/><G134/><T111/><D111/><U4/><E135/><V121/><F39/><N who="3" m="21983" /><G92/><T101/><D13/><U130/><E130/><V27/><F27/><W2/><G90/><T32/><D32/><U63/><E0/><V11/><F126/><W99/><G99/><N who="0" m="59631" /><D118/><U96/><E116/><V129/><F129/><W8/><G8/><T81/><D117/><U52/><E19/><V21/><F21/><N who="0" m="7690" /><D85/><U114/><E114/><V69/><F69/><W78/><G2/><T64/><D64/><U46/><E4/><V43/><F75/><W67/><G24/><T9/><D9/><U103/><E100/><V45/><F72/><W58/><G58/><T20/><N who="0" m="7698" /><T53/><DORA hai="1" /><D57/><U70/><E70/><V79/><F79/><W49/><G49/><N who="2" m="18441" /><F45/><W80/><G30/><T59/><D59/><N who="1" m="35303" /><E46/><V132/><F132/><W86/><AGARI ba="0,0" hai="56,61,67,76,77,78,80,86" m="21983,41578" machi="86" ten="30,3000,0" yaku="10,1,52,1" doraHai="38,1" who="3" fromWho="3" sc="271,-10,290,-10,174,-10,265,30" /><INIT seed="7,1,0,1,5,108" ten="261,280,164,295" oya="3" hai0="56,110,18,52,82,79,119,51,124,23,21,84,46" hai1="104,57,92,134,16,123,129,11,3,70,68,91,10" hai2="29,8,112,42,106,96,13,78,101,103,69,94,118" hai3="17,93,28,54,102,50,132,40,1,131,37,81,44"/><W36/><G28/><T6/><D119/><U67/><E123/><V9/><F69/><W135/><G131/><T15/><D124/><U43/><E104/><V27/><F118/><W19/><G81/><T2/><D110/><U116/><E129/><V61/><F78/><W76/><G1/><T72/><D72/><U99/><E43/><V83/><F83/><W47/><G76/><T22/><D2/><U4/><E116/><V111/><F111/><W113/><G113/><T105/><D105/><U80/><E134/><N who="3" m="51242" /><G36/><T87/><D6/><U12/><REACH who="1" step="1"/><E80/><REACH who="1" ten="261,270,164,295" step="2"/><V0/><F42/><W75/><G75/><T63/><D87/><U109/><E109/><V33/><F112/><W60/><G60/><AGARI ba="1,1" hai="3,4,10,11,12,16,57,60,67,68,70,91,92,99" machi="60" ten="40,8000,1" yaku="1,1,54,1,53,2" doraHai="108" doraHaiUra="65" who="1" fromWho="3" sc="261,0,270,93,164,0,295,-83" owari="261,6.0,363,47.0,164,-34.0,212,-19.0" /></mjloggm>