<mjloggm ver="2.3"><GO type="169" lobby="0"/><UN n0="%E3%82%B5%E3%83%95%E3%82%A9%E3%83%BC%E3%82%AF%E3%81%AE%E7%94%BA" n1="%61%6E%64%6F%35%35" n2="%E3%81%9F%E3%81%BE%E5%AD%90" n3="%59%6F%73%68%69%31%30%32" dan="18,16,17,16" rate="2255.02,2146.67,2188.44,2146.82" sx="M,M,M,M"/><TAIKYOKU oya="0"/><INIT seed="0,0,0,4,1,98" ten="250,250,250,250" oya="0" hai0="5,116,40,48,74,82,129,107,0,11,60,70,56" hai1="120,2,39,114,100,22,89,94,127,118,84,53,101" hai2="102,106,68,27,54,38,64,71,76,8,16,6,49" hai3="95,83,122,57,63,88,65,62,45,93,78,72,32"/><T47/><D129/><U13/><E2/><V9/><F38/><W132/><G132/><T133/><D133/><U73/><E118/><V55/><F76/><W86/><G122/><T96/><D116/><U80/><E120/><V18/><F64/><W69/><G32/><T34/><D34/><U26/><E39/><V30/><F71/><W4/><G4/><T21/><D70/><U43/><E127/><V19/><F68/><W85/><G45/><T77/><D21/><U7/><E43/><V124/><F124/><W58/><G69/><T103/><D56/><U36/><E36/><V41/><F41/><W134/><G134/><T99/><D99/><U33/><E33/><V90/><F90/><W50/><G50/><T25/><D25/><U119/><E119/><V51/><F102/><W31/><G31/><T128/><D60/><U59/><E114/><V79/><F79/><W52/><REACH who="3" step="1"/><G93/><REACH who="3" ten="250,250,250,240" step="2"/><T23/><D128/><U37/><E37/><V109/><F106/><W135/><G135/><T75/><D23/><U111/><E94/><V66/><F51/><W15/><G15/><T97/><D97/><AGARI ba="0,1" hai="52,57,58,62,63,65,72,78,83,85,86,88,95,97" machi="97" ten="30,7700,0" yaku="1,1,7,1,54,2,53,0" doraHai="98" doraHaiUra="108" who="3" fromWho="0" sc="250,-77,250,0,250,0,240,87" /><INIT seed="1,0,0,4,5,27" ten="173,250,250,327" oya="1" hai0="51,86,135,114,35,31,43,90,130,13,24,4,49" hai1="92,58,29,21,81,124,40,9,59,108,12,73,76" hai2="55,102,99,82,83,20,62,120,61,11,110,32,63" hai3="125,25,42,113,121,104,52,115,15,84,19,93,28"/><U69/><E69/><V106/><F32/><W36/><G104/><T111/><D111/><U107/><E107/><V127/><F120/><W119/><G119/><T37/><D135/><U74/><E74/><V118/><F118/><W94/><G121/><T96/><D130/><U123/><E123/><V53/><F110/><W103/><G125/><T50/><D114/><U72/><E108/><V80/><F127/><W89/><G36/><T70/><D70/><U34/><E34/><V88/><F11/><W122/><G42/><T133/><D133/><U97/><E73/><V109/><F109/><W131/><G131/><T2/><D2/><U77/><E77/><V129/><F129/><W18/><G122/><T101/><D37/><U23/><E124/><V128/><F128/><W33/><G19/><T39/><D39/><U38/><E23/><V6/><F6/><W44/><G94/><T68/><D68/><U57/><E38/><V64/><F64/><W46/><G46/><T67/><D67/><U10/><E40/><V95/><REACH who="2" step="1"/><F20/><REACH who="2" ten="173,250,240,327" step="2"/><W66/><G66/><T30/><D4/><U71/><E9/><V134/><F134/><W112/><G113/><T117/><D117/><U45/><E10/><V56/><F56/><W54/><G112/><T5/><D5/><U26/><E71/><V8/><F8/><N who="3" m="6503" /><G115/><T78/><D35/><U75/><E45/><V79/><F79/><W126/><G126/><T105/><D78/><U14/><REACH who="1" step="1"/><E75/><REACH who="1" ten="173,240,240,327" step="2"/><V132/><F132/><W47/><G44/><T65/><D43/><U16/><E16/><V48/><F48/><W41/><G47/><RYUUKYOKU ba="0,2" sc="173,-15,240,15,240,15,327,-15" hai1="12,14,21,26,29,57,58,59,72,76,81,92,97" hai2="53,55,61,62,63,80,82,83,88,95,99,102,106" /><INIT seed="1,1,2,2,3,56" ten="158,255,255,312" oya="1" hai0="58,35,114,99,101,19,115,80,82,57,106,44,54" hai1="123,78,33,46,133,74,4,131,109,66,71,121,92" hai2="32,7,15,9,75,64,8,17,30,77,88,51,97" hai3="103,59,94,87,122,61,112,20,81,79,128,135,108"/><U96/><E33/><V85/><F75/><W13/><G122/><T26/><D58/><U63/><E133/><V65/><F32/><W5/><G112/><T132/><D132/><U3/><E131/><V89/><F30/><W29/><G135/><T28/><D44/><U50/><E109/><V95/><F77/><W72/><G108/><T84/><D19/><U107/><E107/><V110/><F110/><W104/><G128/><T34/><D34/><U67/><E67/><V14/><REACH who="2" step="1"/><F51/><REACH who="2" ten="158,255,245,312" step="2"/><W43/><G72/><T118/><D118/><U24/><E78/><V31/><F31/><W76/><G76/><T126/><D126/><U23/><E74/><V52/><F52/><N who="3" m="34023" /><G29/><T127/><D127/><U1/><E123/><V49/><F49/><W40/><G104/><T38/><D38/><U91/><E121/><V134/><F134/><W120/><G120/><T69/><D115/><U117/><E117/><V90/><F90/><W113/><G113/><T125/><D114/><U100/><E91/><V21/><F21/><W25/><G20/><T12/><D125/><U10/><E23/><V16/><F16/><W73/><G73/><T11/><D35/><U2/><REACH who="1" step="1"/><E24/><REACH who="1" ten="158,245,245,312" step="2"/><V48/><F48/><W111/><G25/><T37/><D26/><U119/><E119/><V116/><F116/><W86/><G111/><T130/><D130/><U129/><E129/><V45/><F45/><W36/><G79/><T68/><D106/><U53/><AGARI ba="1,4" hai="1,2,3,4,10,46,50,53,63,66,71,92,96,100" machi="53" ten="20,7800,0" yaku="1,1,0,1,7,1,52,1,53,0" doraHai="56" doraHaiUra="39" who="1" fromWho="1" sc="158,-27,245,121,245,-27,312,-27" /><INIT seed="1,2,0,5,5,35" ten="131,366,218,285" oya="1" hai0="20,114,86,17,89,73,93,24,128,103,84,61,49" hai1="55,99,104,81,52,88,80,21,9,70,59,130,97" hai2="19,121,48,102,67,119,16,64,31,63,46,123,56" hai3="42,25,116,125,38,1,110,69,133,62,92,33,23"/><U127/><E70/><V115/><F115/><W27/><G116/><T83/><D114/><U95/><E127/><V57/><F57/><W108/><G125/><T0/><D128/><U131/><E55/><V117/><F117/><W14/><G133/><T120/><D120/><U34/><E34/><V72/><F119/><W78/><G14/><T65/><D73/><U82/><E21/><V28/><F72/><W47/><G1/><T12/><D0/><U58/><E58/><V79/><F79/><W85/><G33/><T7/><D49/><U100/><REACH who="1" step="1"/><E9/><REACH who="1" ten="131,356,218,285" step="2"/><V39/><F67/><N who="3" m="41207" /><G23/><T111/><D65/><U45/><E45/><V90/><F121/><W43/><G43/><T118/><D118/><U30/><E30/><V94/><F123/><W53/><G53/><T4/><D20/><U87/><E87/><V74/><F74/><W13/><G47/><T101/><D86/><U15/><E15/><V129/><F129/><W109/><G13/><T8/><D24/><U32/><E32/><V98/><F31/><W10/><G10/><T60/><D8/><U126/><E126/><V54/><F28/><W40/><G25/><T41/><D12/><U44/><E44/><V29/><F29/><W96/><G27/><T91/><D41/><N who="3" m="15977" /><G85/><T36/><D84/><U71/><E71/><V105/><F39/><W135/><G38/><T50/><D36/><U132/><E132/><V51/><F51/><AGARI ba="2,1" hai="51,52,59,80,81,82,88,95,97,99,100,104,130,131" machi="51" ten="40,7700,0" yaku="1,1,54,2,53,0" doraHai="35" doraHaiUra="68" who="1" fromWho="2" sc="131,0,356,93,218,-83,285,0" /><INIT seed="1,3,0,2,3,14" ten="131,449,135,285" oya="1" hai0="43,117,24,125,86,58,98,80,107,87,84,18,118" hai1="23,114,40,85,47,92,132,49,82,78,75,11,122" hai2="106,134,59,36,128,27,119,10,93,39,2,133,35" hai3="28,110,99,96,127,129,7,68,17,77,103,104,42"/><U62/><E122/><V45/><F106/><W116/><G68/><T4/><D4/><U108/><E114/><V64/><F119/><W135/><G116/><T55/><D125/><U69/><E132/><N who="2" m="50795" /><F128/><W105/><G135/><T32/><D43/><U46/><E108/><V90/><F45/><W91/><G28/><T3/><D3/><U30/><E69/><V120/><F120/><W26/><G7/><T50/><D118/><U70/><E70/><V33/><F10/><W131/><G42/><T21/><D32/><N who="2" m="12362" /><F2/><W22/><G127/><T100/><REACH who="0" step="1"/><D117/><REACH who="0" ten="121,449,135,285" step="2"/><U71/><E40/><V65/><F39/><W124/><G124/><T1/><D1/><U54/><E71/><V37/><F36/><W76/><G110/><T121/><D121/><U81/><E75/><V60/><F37/><W29/><G129/><T57/><D57/><U66/><E47/><V89/><F59/><W53/><G131/><T73/><D73/><U94/><E46/><V79/><F65/><W113/><G113/><T115/><D115/><U88/><E66/><V83/><F64/><W9/><G53/><T20/><D20/><U74/><E54/><V56/><F56/><W101/><G91/><AGARI ba="3,1" hai="18,21,24,50,55,58,80,84,86,87,91,98,100,107" machi="91" ten="30,7700,0" yaku="1,1,7,1,52,1,53,1" doraHai="14" doraHaiUra="52" who="0" fromWho="3" sc="121,96,449,0,135,0,285,-86" /><INIT seed="2,0,0,0,0,59" ten="217,449,135,199" oya="2" hai0="114,50,25,77,45,99,111,86,109,34,106,93,81" hai1="126,65,87,37,119,130,105,95,52,131,88,121,36" hai2="72,32,0,98,18,27,10,44,108,79,63,62,9" hai3="80,5,64,35,68,123,128,101,124,29,20,57,22"/><V8/><F0/><W6/><G123/><T115/><D34/><U43/><E119/><V15/><F108/><N who="0" m="41546" /><D25/><U58/><E105/><V92/><F72/><W133/><G124/><T113/><D50/><N who="1" m="30999" /><E126/><V102/><F79/><W118/><G118/><T83/><D45/><U14/><E121/><V55/><F27/><W46/><G46/><T39/><D39/><U122/><E122/><V24/><F24/><N who="3" m="18855" /><G57/><T4/><D4/><U76/><E43/><V48/><F32/><W53/><G53/><T51/><D51/><U120/><E120/><V110/><F110/><W17/><G80/><N who="0" m="47375" /><D106/><U112/><E112/><V78/><REACH who="2" step="1"/><F78/><REACH who="2" ten="217,449,125,199" step="2"/><W33/><G33/><T100/><AGARI ba="0,1" hai="81,83,93,99,100,113,114,115" m="47375,41546" machi="100" ten="40,5200,0" yaku="14,1,34,2" doraHai="59" who="0" fromWho="0" sc="217,62,449,-13,125,-26,199,-13" /><INIT seed="3,0,0,1,0,32" ten="279,436,99,186" oya="3" hai0="57,131,38,28,10,92,123,43,58,127,2,120,91" hai1="35,76,66,107,70,51,25,71,84,49,33,5,115" hai2="90,69,37,46,63,1,50,89,125,6,98,112,126" hai3="8,99,132,109,103,48,19,95,3,114,12,134,97"/><W87/><G114/><T11/><D131/><U119/><E107/><V36/><F112/><W15/><G109/><T7/><D127/><N who="2" m="48650" /><F6/><W64/><G64/><T129/><D129/><U21/><E115/><V117/><F117/><W29/><G29/><T40/><D28/><U60/><E71/><V22/><F22/><W56/><G87/><T122/><D11/><U52/><E119/><V88/><F1/><W26/><G26/><T83/><D83/><U128/><E128/><V73/><F73/><W124/><G124/><T79/><D79/><U23/><E51/><V81/><F81/><W20/><G99/><T72/><D72/><U59/><E5/><V4/><F4/><W45/><G56/><T104/><D104/><U34/><E76/><V116/><F116/><W113/><G113/><T42/><REACH who="0" step="1"/><D38/><REACH who="0" ten="269,436,99,186" step="2"/><U68/><E25/><V94/><F36/><W47/><G132/><T61/><D61/><U16/><E60/><V121/><F37/><W54/><G134/><T86/><AGARI ba="0,1" hai="2,7,10,40,42,43,57,58,86,91,92,120,122,123" machi="86" ten="40,5200,0" yaku="1,1,0,1,52,1,53,0" doraHai="32" doraHaiUra="108" who="0" fromWho="0" sc="269,62,436,-13,99,-13,186,-26" /><INIT seed="4,0,0,1,2,104" ten="331,423,86,160" oya="0" hai0="74,134,116,111,96,90,57,92,63,126,18,0,19" hai1="73,16,28,122,117,30,88,129,53,101,40,70,119" hai2="10,32,42,38,106,123,66,79,52,31,39,78,102" hai3="37,59,124,23,112,115,109,4,65,128,86,72,131"/><T51/><D116/><U29/><E122/><V34/><F123/><W110/><G37/><T1/><D134/><U56/><E70/><V13/><F66/><W6/><G23/><T83/><D126/><U41/><E73/><V67/><F67/><W5/><G86/><T87/><D111/><N who="3" m="42505" /><G65/><T107/><D107/><U76/><E76/><V12/><F106/><W98/><G98/><T114/><D74/><U84/><E101/><V21/><F102/><W20/><G59/><T55/><D114/><N who="3" m="43561" /><G124/><T130/><D130/><N who="3" m="49705" /><G20/><T100/><D63/><U99/><E99/><V80/><F21/><W43/><G43/><T27/><D27/><U2/><E129/><V121/><F121/><W62/><G62/><T50/><D50/><U69/><E69/><V25/><F42/><W120/><G120/><T113/><D113/><U22/><E41/><V24/><F52/><W26/><G72/><T125/><D125/><U95/><E40/><V49/><F49/><W85/><G85/><T97/><D97/><U35/><E35/><V61/><F61/><W7/><G7/><T33/><D33/><U45/><E45/><V108/><F108/><W64/><G64/><T89/><D100/><U118/><E2/><V44/><F44/><W75/><G75/><T11/><D1/><U36/><E36/><V105/><F105/><W17/><G17/><T103/><D103/><U91/><E16/><V94/><F39/><W81/><G81/><T8/><D0/><U135/><E22/><V93/><F38/><W9/><G26/><T60/><D60/><N who="1" m="35855" /><E91/><V47/><F34/><W77/><G77/><RYUUKYOKU ba="0,0" sc="331,10,423,10,86,-30,160,10" hai0="8,11,18,19,51,55,57,83,87,89,90,92,96" hai1="28,29,30,84,88,95,117,118,119,135" hai3="4,5,6,9" /><INIT seed="4,1,0,0,2,73" ten="341,433,56,170" oya="0" hai0="84,30,53,15,103,69,95,11,33,17,96,14,31" hai1="59,89,2,106,76,126,90,22,118,25,94,132,65" hai2="0,128,57,54,125,61,5,29,102,51,114,88,78" hai3="119,37,32,87,82,48,56,130,4,134,71,104,112"/><T23/><D69/><U60/><E118/><V19/><F114/><W79/><G119/><T58/><D33/><U133/><E106/><V44/><F125/><W38/><G112/><T3/><D3/><U113/><E2/><V49/><F128/><W46/><G71/><T135/><D135/><N who="1" m="51787" /><E113/><V92/><F29/><W85/><G134/><T12/><D84/><U100/><E126/><V98/><F0/><W67/><G104/><T13/><REACH who="0" step="1"/><D11/><REACH who="0" ten="331,433,56,170" step="2"/><U16/><E76/><V34/><F34/><W8/><G130/><T117/><D117/><U20/><E20/><V70/><F70/><W42/><G32/><T68/><D68/><U28/><E28/><V6/><F78/><W24/><G85/><T7/><D7/><U121/><E121/><V39/><F5/><W72/><G72/><T131/><D131/><U64/><E64/><V107/><F6/><W97/><G97/><AGARI ba="1,1" hai="16,22,25,59,60,65,89,90,94,97,100" m="51787" machi="97" ten="30,2000,0" yaku="20,1,54,1" doraHai="73" who="1" fromWho="3" sc="331,0,433,33,56,0,170,-23" /><INIT seed="5,0,0,2,1,73" ten="331,466,56,147" oya="1" hai0="40,77,31,96,109,32,59,134,64,21,51,114,122" hai1="36,68,69,74,46,76,52,63,106,108,118,27,131" hai2="67,126,3,92,107,18,75,70,86,56,128,71,19" hai3="10,23,47,15,102,87,123,82,61,89,62,14,22"/><U30/><E118/><V97/><F75/><W8/><G123/><T44/><D109/><U121/><E121/><V129/><F3/><W125/><G125/><T57/><D122/><U48/><E106/><V83/><F107/><W93/><G47/><T38/><D114/><U35/><E131/><N who="2" m="50251" /><F56/><W115/><G115/><T0/><D134/><U124/><E124/><V4/><F4/><W7/><G61/><T20/><D0/><U135/><E135/><V81/><F81/><W94/><G62/><T54/><D32/><U85/><E74/><V58/><F58/><W95/><REACH who="3" step="1"/><G102/><REACH who="3" ten="331,466,56,137" step="2"/><T72/><D64/><U91/><E63/><N who="2" m="40319" /><F71/><W78/><G78/><T5/><D77/><U29/><E76/><N who="2" m="46439" /><F126/><W110/><G110/><T112/><D57/><U33/><E108/><V39/><F39/><W88/><G88/><AGARI ba="0,1" hai="18,19,88,92,97" m="46439,40319,50251" machi="88" ten="30,3900,0" yaku="19,1,52,1,54,1" doraHai="73" who="2" fromWho="3" sc="331,0,466,0,56,49,137,-39" /><INIT seed="6,0,0,4,5,97" ten="331,466,105,98" oya="2" hai0="106,27,36,42,45,55,95,53,24,52,5,90,35" hai1="11,65,83,119,4,25,135,92,61,89,13,126,59" hai2="77,28,57,75,131,43,111,32,103,62,33,10,37" hai3="19,113,56,14,23,107,40,20,15,123,105,81,66"/><V70/><F131/><W91/><G123/><T114/><D106/><U54/><E119/><V133/><F133/><W116/><G116/><T8/><D114/><U63/><E135/><V122/><F122/><W41/><G113/><T49/><D36/><U102/><E126/><V80/><F111/><W104/><G81/><T110/><D110/><U134/><E25/><V128/><F128/><W115/><G115/><T44/><D44/><U73/><E73/><V47/><F70/><W38/><G91/><T118/><D35/><U22/><E22/><V82/><F28/><W84/><G84/><T67/><D67/><U46/><E83/><V64/><F103/><W88/><G88/><T125/><D125/><U132/><E102/><V39/><F39/><W100/><G100/><T94/><D118/><U18/><E46/><V68/><F82/><W34/><G34/><T130/><D130/><U117/><E117/><V50/><REACH who="2" step="1"/><F10/><REACH who="2" ten="331,466,95,98" step="2"/><W9/><G38/><T87/><REACH who="0" step="1"/><D95/><REACH who="0" ten="321,466,95,98" step="2"/><U21/><E134/><V108/><F108/><W30/><G105/><T74/><D74/><U129/><E132/><V93/><F93/><W121/><G104/><T86/><D86/><U71/><E129/><V16/><F16/><N who="3" m="8271" /><G107/><T78/><D78/><U60/><E92/><V112/><F112/><W99/><G121/><T12/><AGARI ba="0,2" hai="5,8,12,24,27,42,45,49,52,53,55,87,90,94" machi="12" ten="30,12000,2" yaku="1,1,0,1,8,1,54,1,53,3" doraHai="97" doraHaiUra="48" who="0" fromWho="0" sc="321,140,466,-30,95,-60,98,-30" /><INIT seed="7,0,0,1,1,50" ten="461,436,35,68" oya="3" hai0="54,44,13,45,100,111,133,16,22,20,0,59,126" hai1="25,83,117,105,38,115,125,51,98,65,12,86,68" hai2="77,64,131,99,80,96,73,101,85,90,112,95,71" hai3="72,3,5,75,123,39,94,134,106,79,113,76,29"/><W82/><G106/><T46/><D111/><U26/><E38/><V58/><F71/><W102/><G123/><T28/><D0/><U119/><E115/><V87/><F112/><W118/><G113/><T120/><D120/><U81/><E125/><V129/><F58/><W128/><G29/><T130/><D126/><U33/><E12/><V93/><F64/><W55/><G118/><T127/><D127/><U23/><E83/><V135/><F135/><W103/><G134/><T37/><D133/><U9/><E9/><V124/><F124/><W108/><G94/><T121/><D121/><U8/><E8/><V41/><F41/><W67/><G67/><T30/><D37/><U36/><E36/><V2/><F2/><W74/><G39/><T109/><D109/><U63/><E26/><V122/><F122/><W57/><G128/><AGARI ba="0,0" hai="73,77,80,85,87,90,93,95,96,99,101,128,129,131" machi="128" ten="40,8000,1" yaku="19,1,34,3" doraHai="50" who="2" fromWho="3" sc="461,0,436,0,35,80,68,-80" owari="461,55.0,436,24.0,115,-28.0,-12,-51.0" /></mjloggm>