<mjloggm ver="2.3"><GO type="225" lobby="0"/><UN n0="%E3%81%AF%E3%82%88%E3%81%8A%E3%81%98%E3%81%95%E3%82%93" n1="%E3%81%82%E3%82%93%E3%81%A7%E3%81%83" n2="%E3%83%B4%E3%83%A0%EF%BC%99%E3%81%A6" n3="%E6%97%A5%E6%9B%9C%E6%97%A5%E3%82%88%E3%82%8A%E3%81%AE%E4%BD%BF%E8%80%85" dan="16,16,17,17" rate="2227.95,2067.02,2142.23,2166.45" sx="M,F,M,M"/><TAIKYOKU oya="0"/><INIT seed="0,0,0,4,1,35" ten="250,250,250,250" oya="0" hai0="64,120,77,58,87,88,79,106,5,65,119,103,123" hai1="36,7,111,38,17,112,83,61,82,52,89,48,70" hai2="4,91,74,121,72,62,86,63,132,59,40,26,130" hai3="76,51,27,16,71,81,85,3,14,116,34,42,49"/><T128/><D119/><U50/><E111/><V99/><F121/><W108/><G116/><T44/><D128/><U94/><E112/><V15/><F130/><W133/><G108/><T78/><D5/><U13/><E7/><V127/><F127/><W37/><G133/><T90/><D44/><U126/><E126/><V131/><F132/><W55/><G71/><T113/><D113/><U117/><E117/><V47/><F99/><W115/><G115/><T60/><D64/><U73/><E38/><V67/><F26/><W114/><G114/><T129/><D129/><U53/><E36/><V25/><F25/><W8/><G55/><T95/><REACH who="0" step="1"/><D90/><REACH who="0" ten="240,250,250,250" step="2"/><U110/><E110/><V11/><F131/><W0/><G37/><T66/><D66/><U30/><E70/><V12/><F67/><W118/><G118/><T24/><D24/><U46/><E46/><V19/><F91/><W1/><REACH who="3" step="1"/><G42/><REACH who="3" ten="240,250,250,240" step="2"/><T33/><D33/><U92/><E53/><V29/><F40/><W84/><G84/><T69/><D69/><U20/><E52/><V39/><F86/><W80/><G80/><T68/><D68/><U54/><E83/><V125/><F125/><W10/><G10/><T32/><D32/><U105/><E54/><V107/><F72/><W98/><G98/><AGARI ba="0,2" hai="58,60,65,77,78,79,87,88,95,98,103,106,120,123" machi="98" ten="40,3900,0" yaku="1,1,54,1,53,0" doraHai="35" doraHaiUra="104" who="0" fromWho="3" sc="240,59,250,0,250,0,240,-39" /><INIT seed="0,1,0,5,3,105" ten="299,250,250,201" oya="0" hai0="108,36,72,79,18,101,106,68,50,2,86,109,111" hai1="128,121,8,107,28,96,77,70,0,32,10,124,92" hai2="21,62,42,7,59,118,83,29,33,14,4,74,82" hai3="97,51,49,19,110,116,25,73,63,130,3,43,55"/><T132/><D36/><U69/><E121/><V78/><F118/><W30/><G116/><T41/><D68/><U64/><E10/><V88/><F42/><W103/><G3/><T113/><D113/><U126/><E128/><V94/><F33/><W119/><G119/><T35/><D35/><U48/><E48/><V99/><F82/><W84/><G73/><T129/><D2/><U100/><E92/><V12/><F29/><W98/><G130/><T52/><D129/><U34/><E77/><V39/><F39/><W90/><G19/><T114/><D114/><U85/><E85/><V40/><F40/><W122/><G110/><T23/><D132/><U123/><E123/><V17/><REACH who="2" step="1"/><F12/><REACH who="2" ten="299,250,240,201" step="2"/><W71/><G43/><T76/><D41/><U56/><E32/><V120/><F120/><W89/><G30/><T65/><D109/><U22/><E34/><V38/><F38/><W80/><G80/><T95/><D108/><U61/><E124/><V115/><F115/><W20/><G122/><T15/><D15/><U125/><E126/><V60/><F60/><W24/><G63/><T91/><D111/><U16/><E125/><V93/><F93/><W102/><G24/><T11/><D95/><U45/><E28/><V117/><F117/><W104/><G25/><T58/><D106/><U31/><E31/><V131/><F131/><W44/><G104/><T57/><D50/><U54/><E0/><V53/><AGARI ba="1,1" hai="4,7,14,17,21,53,59,62,74,78,83,88,94,99" machi="53" ten="20,8000,1" yaku="1,1,0,1,7,1,52,1,54,1,53,0" doraHai="105" doraHaiUra="26" who="2" fromWho="2" sc="299,-41,250,-21,240,93,201,-21" /><INIT seed="1,0,0,3,2,10" ten="258,229,333,180" oya="1" hai0="93,45,95,21,132,92,101,39,0,19,84,13,135" hai1="41,20,16,131,12,87,86,52,108,89,73,115,128" hai2="48,122,81,111,57,127,44,64,61,99,55,11,30" hai3="69,18,23,85,17,67,106,50,83,72,74,110,14"/><U117/><E115/><V126/><F122/><W98/><G110/><T31/><D0/><U5/><E117/><V38/><F111/><W76/><G50/><T26/><D101/><U7/><E108/><V79/><F30/><W104/><G67/><T34/><REACH who="0" step="1"/><D84/><REACH who="0" ten="248,229,333,180" step="2"/><U97/><E73/><V60/><F126/><W103/><G106/><T9/><D9/><N who="1" m="4159" /><E5/><V59/><F127/><W90/><G72/><T3/><D3/><U134/><E134/><V40/><F11/><W109/><G109/><T63/><D63/><U33/><E87/><N who="2" m="48575" /><F38/><W125/><G125/><T35/><D35/><U107/><E33/><V22/><F22/><W54/><G74/><T66/><D66/><U6/><E6/><V29/><F99/><W121/><G98/><T27/><D27/><U25/><E97/><V47/><F64/><W4/><G103/><T2/><D2/><U120/><E107/><V37/><F37/><W129/><G104/><T100/><D100/><U42/><E120/><V56/><F60/><W123/><G121/><T80/><D80/><N who="1" m="49351" /><E131/><V53/><F61/><W113/><G129/><T43/><AGARI ba="0,1" hai="13,19,21,26,31,34,39,43,45,92,93,95,132,135" machi="43" ten="30,4000,0" yaku="1,1,0,1,52,1,53,0" doraHai="10" doraHaiUra="94" who="0" fromWho="0" sc="248,50,229,-20,333,-10,180,-10" /><INIT seed="2,0,0,5,4,51" ten="298,209,323,170" oya="2" hai0="7,95,135,126,41,27,22,32,17,108,120,33,36" hai1="82,67,116,71,9,1,24,86,66,8,93,58,111" hai2="50,10,83,73,53,30,40,85,96,122,55,18,80" hai3="92,72,57,14,88,2,60,99,47,78,81,34,87"/><V28/><F122/><W11/><G34/><T16/><D120/><U4/><E116/><V15/><F73/><W104/><G47/><T119/><D36/><U42/><E111/><V63/><F96/><W131/><G131/><T98/><D41/><U118/><E118/><V101/><F101/><W74/><G2/><T105/><D119/><U31/><E71/><V134/><F134/><W59/><G59/><T26/><D105/><U77/><E9/><V100/><F100/><W133/><G133/><T44/><D44/><U39/><E93/><V128/><F80/><W125/><G125/><T97/><D135/><U38/><E42/><V114/><F63/><W56/><G56/><T46/><D46/><U64/><REACH who="1" step="1"/><E58/><REACH who="1" ten="298,199,323,170" step="2"/><V65/><F10/><W13/><G104/><T90/><D95/><U35/><AGARI ba="0,1" hai="1,4,8,24,31,35,38,39,64,66,67,77,82,86" machi="35" ten="30,4000,0" yaku="1,1,2,1,0,1,53,0" doraHai="51" doraHaiUra="107" who="1" fromWho="1" sc="298,-10,199,50,323,-20,170,-10" /><INIT seed="3,0,0,3,2,81" ten="288,249,303,160" oya="3" hai0="98,65,41,115,129,107,74,92,96,83,48,0,111" hai1="95,20,11,70,50,122,73,104,42,22,120,58,2" hai2="35,93,25,23,52,62,121,109,125,19,27,130,4" hai3="106,101,68,33,112,116,29,128,89,97,87,64,34"/><W17/><G112/><T21/><D0/><U9/><E104/><V91/><F109/><W110/><G116/><T86/><D111/><U12/><E70/><V1/><F130/><W71/><G110/><T30/><D74/><U118/><E118/><V88/><F125/><W105/><G105/><T3/><D3/><U63/><E73/><V44/><F121/><W39/><G128/><T43/><D107/><U85/><E2/><V28/><F1/><W51/><G39/><T117/><D117/><U78/><E120/><V10/><F10/><W16/><G51/><T61/><D129/><U56/><E122/><V45/><F4/><W114/><G114/><T100/><D98/><U53/><E11/><V13/><F13/><W90/><G90/><T79/><D48/><U31/><E31/><V59/><F91/><W80/><G71/><T5/><D5/><N who="1" m="3119" /><E95/><V103/><F103/><W38/><G38/><T72/><D72/><U67/><E42/><V134/><F134/><W60/><G34/><T135/><D135/><U77/><E77/><V14/><F14/><W76/><REACH who="3" step="1"/><G76/><REACH who="3" ten="288,249,303,150" step="2"/><T40/><D115/><U69/><E69/><V119/><F119/><W55/><G55/><T132/><D132/><U99/><E78/><V49/><F49/><W127/><G127/><T7/><D43/><U32/><E32/><V15/><F35/><W75/><G75/><T26/><D7/><U102/><E50/><V82/><F52/><W37/><G37/><T84/><D41/><U6/><E53/><V124/><F124/><W54/><G54/><T131/><D40/><U126/><E126/><RYUUKYOKU ba="0,1" sc="288,-10,249,-10,303,-10,150,30" hai3="16,17,29,33,60,64,68,80,87,89,97,101,106" /><INIT seed="3,1,1,5,5,80" ten="278,239,293,180" oya="3" hai0="116,82,125,81,20,85,62,130,21,132,47,39,10" hai1="27,127,99,55,31,98,79,120,135,66,60,74,4" hai2="36,94,97,43,63,57,110,86,117,42,131,5,121" hai3="101,24,22,17,19,48,111,75,1,49,118,70,16"/><W104/><G118/><T77/><D116/><U61/><E120/><V35/><F117/><W88/><G75/><T90/><D125/><U89/><E4/><V18/><F35/><W102/><G1/><T78/><D130/><U37/><E37/><V123/><F131/><W112/><G70/><T51/><D39/><U107/><E127/><V23/><F5/><W59/><G112/><T106/><D106/><U58/><E99/><V83/><F36/><W68/><G68/><T87/><D132/><U38/><E38/><V26/><F110/><W44/><G111/><T122/><D122/><N who="2" m="46602" /><F86/><W11/><G104/><T28/><D28/><U50/><E135/><V67/><F83/><W7/><G7/><T25/><D25/><U119/><E119/><V93/><F93/><W114/><G114/><T15/><D62/><U71/><E61/><V32/><F32/><W134/><G134/><T2/><D78/><U45/><E79/><V124/><F124/><W69/><G69/><T64/><D64/><U9/><E74/><V108/><F108/><W6/><G6/><N who="0" m="3543" /><D2/><U133/><E133/><V128/><F128/><W56/><G88/><AGARI ba="1,1" hai="18,23,26,42,43,57,63,67,88,94,97" m="46602" machi="88" ten="30,2000,0" yaku="13,1,54,1" doraHai="80" who="2" fromWho="3" sc="278,0,239,0,293,33,180,-23" owari="278,8.0,239,-16.0,326,42.0,157,-34.0" /></mjloggm>