<mjloggm ver="2.3"><GO type="185" lobby="0"/><UN n0="%E7%9C%81%E5%AE%9F" n1="%E3%81%A0%E3%81%83" n2="%7A%6B%75%72%74" n3="" dan="17,16,18,0" rate="2214.29,2154.76,2279.21,1500.00" sx="F,M,M,C"/><TAIKYOKU oya="0"/><INIT seed="0,0,0,1,5,62" ten="350,350,350,0" oya="0" hai0="68,97,47,33,72,85,116,115,73,124,103,100,2" hai1="95,35,56,83,69,90,92,65,60,93,102,113,122" hai2="58,110,37,38,118,101,104,88,32,84,87,82,39" hai3=""/><T49/><D116/><U107/><N who="1" m="31264" /><U127/><E35/><V91/><F32/><T106/><D33/><U105/><E127/><V94/><F110/><T98/><D115/><U117/><E117/><V67/><F118/><T43/><D2/><U128/><E128/><V48/><F104/><T112/><D112/><U44/><E113/><V86/><F101/><T111/><D124/><U135/><E135/><V79/><F48/><T114/><D114/><U0/><E0/><V109/><F109/><T76/><D68/><U81/><E102/><V53/><F53/><T40/><D40/><U132/><E132/><V52/><F52/><T54/><D43/><U41/><E69/><V34/><F34/><T46/><D47/><U120/><N who="1" m="30752" /><U80/><REACH who="1" step="1"/><E90/><REACH who="1" ten="350,340,350,0" step="2"/><V3/><F3/><T99/><D111/><U89/><E89/><V50/><F91/><T74/><D103/><U51/><AGARI ba="0,1" hai="41,44,51,56,60,65,80,81,83,92,93,95,105,107" m="30752,31264" machi="51" ten="30,6000,1" yaku="1,1,0,1,52,3,53,0" doraHai="62" doraHaiUra="75" who="1" fromWho="1" sc="350,-40,340,70,350,-20,0,0" /><INIT seed="1,0,0,5,0,91" ten="310,410,330,0" oya="1" hai0="32,39,55,65,106,0,37,34,119,46,66,108,96" hai1="130,104,82,86,44,54,98,45,99,76,128,57,135" hai2="77,93,42,114,83,123,129,74,81,51,38,75,92" hai3=""/><U40/><E135/><V43/><N who="2" m="31520" /><V47/><F129/><N who="1" m="49769" /><E104/><V115/><F38/><T133/><D0/><U69/><E69/><V56/><F56/><T88/><D133/><U73/><E73/><V89/><F42/><T60/><D119/><U97/><E40/><V78/><F89/><T125/><D39/><U70/><E70/><V105/><F105/><T87/><D32/><U132/><E132/><V36/><F36/><T131/><D34/><U134/><E134/><V50/><F50/><AGARI ba="0,0" hai="44,45,50,54,57,76,82,86,97,98,99" m="49769" machi="50" ten="30,1500,0" yaku="19,1" doraHai="91" who="1" fromWho="2" sc="310,0,410,15,330,-15,0,0" /><INIT seed="1,1,0,5,5,90" ten="310,425,315,0" oya="1" hai0="94,130,73,39,49,37,123,53,44,134,1,71,78" hai1="98,114,54,40,103,93,102,88,76,60,0,120,84" hai2="34,77,101,33,115,72,92,82,56,118,121,75,50" hai3=""/><U42/><N who="1" m="30752" /><U113/><E0/><V32/><N who="2" m="31008" /><V59/><F118/><T43/><N who="0" m="31520" /><T107/><D1/><U128/><E128/><V35/><F115/><T127/><D107/><U38/><E114/><V66/><F75/><T125/><D130/><U74/><E113/><V95/><N who="2" m="8192" /><DORA hai="46" /><V67/><F101/><T63/><D134/><U96/><E38/><V79/><F79/><T91/><D78/><U3/><E3/><V85/><F72/><T112/><D73/><U126/><E126/><N who="0" m="48137" /><D112/><U61/><E74/><V108/><F108/><T36/><D63/><U89/><E76/><V106/><F106/><T111/><D71/><U119/><E119/><V51/><F59/><T52/><D111/><U129/><E129/><V133/><F133/><T65/><D65/><U81/><E61/><V99/><F99/><AGARI ba="1,0" hai="36,37,39,43,44,49,52,53,91,94,99" m="48137,31520" machi="99" ten="40,8000,1" yaku="18,1,52,3,54,1" doraHai="90,46" who="0" fromWho="2" sc="310,82,425,0,315,-82,0,0" /><INIT seed="2,0,0,5,0,107" ten="392,425,233,0" oya="2" hai0="59,68,135,118,76,117,71,108,102,67,74,79,60" hai1="1,57,94,52,41,90,119,77,0,92,36,89,125" hai2="48,95,101,124,51,80,61,120,104,78,42,46,87" hai3=""/><V83/><N who="2" m="30752" /><V50/><F124/><T33/><D33/><U86/><E125/><V114/><F114/><T40/><D108/><U66/><E119/><V100/><F104/><T132/><D102/><U106/><E106/><V116/><F116/><T44/><D79/><U64/><E77/><V121/><N who="2" m="31008" /><V45/><F83/><T72/><D117/><U91/><E91/><V75/><F61/><T39/><D118/><U65/><E41/><V127/><F127/><T35/><D35/><U70/><E36/><V81/><F95/><T32/><D32/><U128/><E128/><V43/><F51/><T103/><D132/><U126/><E70/><V98/><F98/><T69/><D135/><U130/><E130/><V85/><F75/><T82/><D103/><U113/><E113/><V62/><F62/><T54/><REACH who="0" step="1"/><D74/><REACH who="0" ten="382,425,233,0" step="2"/><U99/><REACH who="1" step="1"/><E126/><REACH who="1" ten="382,415,233,0" step="2"/><V111/><F78/><T58/><D58/><U53/><E53/><AGARI ba="0,2" hai="39,40,44,53,54,59,60,67,68,69,71,72,76,82" machi="53" ten="40,5200,0" yaku="1,1,52,1,53,1" doraHai="107" doraHaiUra="105" who="0" fromWho="1" sc="382,72,415,-52,233,0,0,0" /><INIT seed="4,0,0,3,4,124" ten="454,363,233,0" oya="0" hai0="36,79,90,45,83,108,77,126,89,118,70,102,34" hai1="35,71,61,64,55,92,100,112,52,33,99,56,87" hai2="103,74,67,131,125,111,75,85,49,96,88,93,50" hai3=""/><T119/><D34/><U82/><E112/><V95/><F111/><T81/><D70/><U57/><E71/><V80/><F125/><T114/><D126/><U94/><E94/><V113/><F113/><T116/><D36/><U47/><E47/><V58/><F67/><T98/><D45/><U132/><E132/><V2/><F2/><T76/><D108/><U84/><E84/><V53/><F131/><T37/><D37/><U109/><E109/><V40/><F40/><T69/><D69/><U107/><E107/><V97/><REACH who="2" step="1"/><F50/><REACH who="2" ten="454,363,223,0" step="2"/><T78/><D114/><U54/><E35/><V46/><F46/><T44/><D44/><U123/><N who="1" m="31520" /><U48/><E33/><V130/><F130/><T117/><N who="0" m="29696" /><DORA hai="101" /><T1/><D1/><U135/><E135/><V42/><F42/><T129/><D129/><U66/><E66/><V120/><N who="2" m="30752" /><V115/><F115/><T38/><D38/><U122/><N who="1" m="31264" /><U63/><E48/><V104/><F104/><T59/><D59/><U134/><E134/><V127/><F127/><T39/><D39/><U73/><E57/><V105/><F105/><T0/><D0/><U43/><E43/><V86/><F86/><T128/><D128/><U110/><E110/><V60/><F60/><RYUUKYOKU ba="0,1" sc="454,-10,363,-10,223,20,0,0" hai2="49,53,58,74,75,80,85,88,93,95,96,97,103" /><INIT seed="5,1,1,0,2,57" ten="444,353,243,0" oya="1" hai0="49,94,109,61,54,115,40,90,34,60,63,123,50" hai1="71,33,87,102,36,1,81,32,38,92,84,104,111" hai2="96,116,62,75,48,105,101,72,106,98,59,68,119" hai3=""/><U53/><E1/><V39/><F39/><T52/><N who="0" m="31520" /><T45/><D109/><U134/><E71/><V41/><F68/><T56/><D34/><U110/><E104/><V97/><F41/><T88/><D115/><U83/><E134/><V78/><F48/><T93/><D40/><U132/><E132/><V73/><F78/><T43/><D43/><U2/><E2/><V129/><F129/><T113/><D113/><U118/><E92/><AGARI ba="1,1" hai="45,49,50,52,54,56,60,61,63,88,90,92,93,94" m="31520" machi="92" ten="40,12000,2" yaku="8,1,52,4,54,2" doraHai="57" who="0" fromWho="1" sc="444,132,353,-122,243,0,0,0" /><INIT seed="6,0,0,5,0,82" ten="576,231,243,0" oya="2" hai0="89,86,104,63,43,108,125,132,99,115,78,47,55" hai1="98,42,126,38,81,101,39,79,111,120,70,67,119" hai2="74,48,123,91,94,75,45,66,62,97,44,110,102" hai3=""/><V0/><N who="2" m="31520" /><V135/><F0/><T95/><D108/><U122/><N who="1" m="30752" /><U107/><N who="1" m="31264" /><U60/><E111/><V90/><F110/><T58/><D125/><U134/><E126/><V116/><F116/><T69/><D132/><U2/><E2/><V109/><F109/><T121/><N who="0" m="31008" /><T93/><D115/><U37/><E134/><V130/><F135/><T64/><D104/><U88/><E119/><V100/><F130/><T114/><D114/><U92/><E42/><V51/><F102/><T133/><D133/><U71/><E71/><V49/><F75/><T113/><D113/><U118/><E118/><V83/><F74/><T68/><D64/><U61/><E61/><V85/><REACH who="2" step="1"/><F100/><REACH who="2" ten="576,231,233,0" step="2"/><T41/><D68/><AGARI ba="0,1" hai="44,45,48,49,51,62,66,68,83,85,90,91,94,97" m="31520" machi="68" ten="40,12000,1" yaku="1,1,2,1,52,2,53,1" doraHai="82" doraHaiUra="56" who="2" fromWho="0" sc="576,-120,231,0,233,130,0,0" /><INIT seed="6,1,0,3,1,74" ten="456,231,363,0" oya="2" hai0="34,33,65,75,37,61,73,107,77,44,118,52,0" hai1="40,126,70,53,3,119,81,35,60,133,102,86,128" hai2="100,120,42,122,89,43,95,45,63,130,48,121,51" hai3=""/><V105/><N who="2" m="30752" /><V132/><N who="2" m="31008" /><V108/><N who="2" m="31264" /><V57/><F132/><T135/><D118/><U129/><E35/><V125/><F125/><T99/><D0/><U96/><E3/><V62/><F130/><T72/><D135/><U67/><E133/><V79/><F108/><T47/><D77/><U83/><E126/><V98/><F79/><T71/><D52/><U88/><E119/><V1/><F1/><T68/><D68/><U2/><E2/><V58/><F58/><T59/><D59/><U113/><E113/><V127/><F127/><T49/><D37/><U32/><E32/><V55/><F43/><T93/><D107/><U50/><E40/><V36/><F36/><T87/><D87/><AGARI ba="1,0" hai="42,45,48,51,55,57,62,63,87,89,95,98,100,105" m="31264,31008,30752" machi="87" ten="30,11600,0" yaku="7,1,52,3" doraHai="74" who="2" fromWho="0" sc="456,-118,231,0,363,118,0,0" owari="338,-6.0,231,-37.0,481,43.0,0,0.0" /></mjloggm>