<mjloggm ver="2.3"><GO type="169" lobby="0"/><UN n0="%E3%81%BF%E3%83%BC%E3%81%94%E3%81%BE" n1="%EF%BC%A9%EF%BC%A3%EF%BC%A8%EF%BC%A9" n2="%E7%AF%A0%E4%B9%8B%E4%B9%8B%E7%AE%92" n3="%74%2E%6F%2E%6F%2E%73" dan="18,17,17,18" rate="2200.68,2217.78,2145.11,2260.95" sx="F,M,F,M"/><TAIKYOKU oya="0"/><INIT seed="0,0,0,3,3,70" ten="250,250,250,250" oya="0" hai0="58,33,24,97,116,15,108,5,92,22,20,55,125" hai1="67,78,115,132,86,49,135,82,37,35,25,9,40" hai2="121,38,1,98,34,76,134,66,112,68,11,109,16" hai3="12,122,80,117,7,47,52,60,39,29,123,8,110"/><T10/><D125/><U26/><E67/><V74/><RYUUKYOKU type="yao9" ba="0,0" sc="250,0,250,0,250,0,250,0" hai2="1,11,16,34,38,66,68,74,76,98,109,112,121,134" /><INIT seed="0,1,0,3,4,5" ten="250,250,250,250" oya="0" hai0="102,130,21,89,37,25,64,76,120,75,54,126,24" hai1="48,77,119,68,69,62,43,81,103,122,94,29,95" hai2="79,113,2,26,46,59,108,36,133,9,41,49,83" hai3="4,3,72,7,51,66,121,116,92,58,31,132,38"/><T1/><D120/><U88/><E119/><V78/><F113/><W74/><G116/><T6/><D130/><U65/><E122/><V57/><F108/><W117/><G117/><T30/><D126/><U8/><E69/><V56/><F133/><W109/><G121/><T63/><D37/><U40/><E29/><V45/><F26/><W27/><G38/><T39/><D39/><U107/><E95/><V28/><F28/><W12/><G109/><T123/><D123/><U11/><E103/><V61/><F61/><W20/><G132/><T47/><D102/><U22/><E22/><V125/><F125/><W97/><G12/><T100/><D100/><U60/><E60/><V70/><F70/><W15/><G15/><T23/><D89/><U18/><E18/><V118/><F118/><W55/><G66/><T124/><D124/><U35/><E35/><V90/><F90/><W105/><G105/><T112/><D112/><U101/><E101/><V19/><F83/><W14/><G14/><T134/><D134/><U127/><E107/><V73/><F73/><W98/><G4/><T114/><D114/><U17/><E17/><V85/><F85/><W131/><G131/><T99/><D75/><N who="3" m="28713" /><G92/><T82/><D6/><U86/><E127/><V67/><F67/><W84/><G84/><N who="0" m="48199" /><D1/><U128/><E128/><V16/><F2/><W129/><G129/><T34/><D64/><U52/><E77/><V53/><F79/><W13/><G3/><T110/><D110/><U87/><E81/><V93/><F78/><W135/><G135/><T33/><D34/><U50/><E94/><RYUUKYOKU ba="1,0" sc="250,-10,250,-10,250,-10,250,30" hai3="7,13,20,27,31,51,55,58,97,98" /><INIT seed="1,2,0,0,1,63" ten="240,240,240,280" oya="1" hai0="67,49,51,121,14,32,101,88,85,95,19,106,76" hai1="90,102,71,83,29,126,78,112,118,40,116,115,57" hai2="123,109,54,7,48,28,91,25,11,94,23,110,17" hai3="74,105,18,9,111,34,77,73,129,60,113,4,132"/><U135/><E71/><V104/><F104/><W122/><G122/><T15/><D121/><U22/><E40/><V81/><F123/><W52/><G113/><N who="1" m="43594" /><E57/><V27/><F81/><W72/><G105/><T103/><D32/><U16/><E29/><V45/><F27/><W62/><G34/><T2/><D2/><U10/><E10/><V0/><REACH who="2" step="1"/><F28/><REACH who="2" ten="240,240,230,280" step="2"/><W41/><G72/><T117/><D106/><U86/><E83/><V33/><F33/><W38/><G73/><T97/><D117/><U44/><E118/><V6/><F6/><W131/><G4/><T26/><D26/><U119/><E119/><V12/><F12/><W50/><G74/><T89/><D14/><U64/><E116/><V108/><F108/><W61/><G111/><T31/><D31/><U1/><E1/><V114/><F114/><W20/><G129/><T127/><D15/><U124/><E16/><V5/><F5/><W128/><G128/><T68/><D19/><U43/><E78/><V30/><F30/><W92/><G77/><T96/><D76/><U82/><E82/><V42/><F42/><W65/><G41/><T99/><D127/><U80/><E126/><V56/><F56/><W84/><G131/><T37/><D68/><U24/><E124/><V100/><F100/><W93/><G18/><T46/><D103/><U66/><E102/><V39/><F39/><W98/><G38/><T75/><D101/><U130/><E130/><V107/><F107/><W69/><G69/><T125/><D37/><N who="1" m="21615" /><E135/><V120/><F120/><W133/><G133/><T36/><D125/><U47/><E47/><RYUUKYOKU ba="2,1" sc="240,-15,240,15,230,15,280,-15" hai1="22,24,64,66,80,86,90" hai2="0,7,11,17,23,25,45,48,54,91,94,109,110" /><INIT seed="1,3,1,1,1,5" ten="225,255,245,265" oya="1" hai0="35,125,48,49,132,84,59,120,104,127,94,116,40" hai1="56,12,15,31,89,42,77,107,128,118,91,34,16" hai2="111,119,41,81,92,62,110,6,98,66,79,1,133" hai3="25,68,55,76,58,80,63,100,83,28,57,51,101"/><U19/><E118/><V39/><F119/><W85/><G68/><T38/><D116/><U117/><E117/><V134/><F41/><W46/><G80/><T29/><D120/><U106/><E42/><V18/><F39/><W7/><G7/><T10/><D104/><U69/><E69/><V97/><F18/><W74/><G74/><T126/><D132/><N who="2" m="50794" /><F6/><W14/><G14/><T108/><D108/><U17/><E56/><N who="2" m="37191" /><F1/><W115/><G115/><T47/><D59/><U36/><E36/><V103/><F103/><W78/><G78/><T109/><D109/><U4/><E77/><V44/><F44/><W99/><G99/><T23/><D35/><U112/><E112/><V70/><F70/><W114/><G114/><T45/><D47/><U75/><E17/><V0/><F0/><W87/><G87/><T122/><D122/><U65/><E19/><V3/><F3/><W61/><G57/><T37/><D38/><U86/><E4/><V30/><F30/><W129/><G129/><T88/><D10/><U11/><E11/><V64/><F64/><W73/><G73/><T130/><D130/><U13/><E65/><V105/><F105/><W71/><G71/><T54/><D54/><U113/><E106/><V67/><F67/><N who="3" m="39351" /><G63/><T21/><D29/><U9/><E31/><V121/><F121/><W27/><G28/><T124/><N who="0" m="31744" /><DORA hai="123" /><T2/><REACH who="0" step="1"/><D2/><REACH who="0" ten="215,255,245,265" step="2"/><U20/><E128/><V135/><F135/><W102/><AGARI ba="3,2" hai="25,27,46,51,55,76,83,85,100,101,102" m="39351" machi="102" ten="30,1100,0" yaku="8,1" doraHai="5,123" who="3" fromWho="3" sc="215,-6,255,-8,245,-6,265,40" /><INIT seed="2,0,0,2,3,14" ten="209,247,239,305" oya="2" hai0="67,7,128,36,126,109,70,84,118,117,37,47,94" hai1="111,76,38,11,120,34,88,121,56,21,133,23,5" hai2="124,122,127,10,74,97,31,96,28,83,39,9,79" hai3="17,30,102,77,68,73,99,61,63,0,72,40,32"/><V53/><F39/><N who="0" m="14922" /><D94/><U55/><E34/><V101/><F122/><W78/><G0/><T100/><D84/><U26/><E38/><V44/><F44/><W82/><G40/><T6/><D100/><U125/><E111/><V2/><F53/><W75/><G17/><T91/><D91/><U105/><E133/><V115/><F115/><W58/><G61/><N who="0" m="40303" /><D6/><U48/><E125/><N who="2" m="48203" /><F96/><W69/><G58/><T25/><D25/><U46/><E26/><V52/><F52/><W50/><G50/><T123/><D7/><U64/><E48/><V45/><F45/><W90/><G63/><T112/><D126/><U62/><E62/><V29/><F2/><W60/><G60/><T93/><D112/><U95/><E121/><V134/><F134/><W107/><G99/><T113/><D113/><U18/><E120/><V85/><F74/><W132/><G132/><T51/><D123/><U59/><E59/><V41/><F41/><W89/><G69/><T87/><D47/><U116/><E46/><V110/><F110/><W22/><G68/><T135/><D51/><U66/><E56/><V19/><F19/><W3/><G72/><T71/><D109/><U108/><E55/><V1/><F1/><W35/><G3/><T114/><D135/><U129/><E108/><V130/><F130/><W103/><G73/><T20/><D114/><U42/><E42/><V8/><F29/><W16/><G30/><T80/><D128/><U4/><E129/><V92/><AGARI ba="0,0" hai="8,9,10,28,31,79,83,85,92,97,101" m="48203" machi="92" ten="30,1500,0" yaku="18,1" doraHai="14" who="2" fromWho="2" sc="209,-5,247,-5,239,15,305,-5" /><INIT seed="2,1,0,5,1,58" ten="204,242,254,300" oya="2" hai0="7,9,95,32,66,113,65,102,117,118,56,78,64" hai1="13,80,125,59,99,89,108,133,57,49,119,23,33" hai2="30,52,109,39,44,121,19,92,8,12,17,70,135" hai3="128,35,15,132,68,54,72,40,97,25,1,91,69"/><V106/><F121/><W31/><G1/><T43/><D113/><U42/><E33/><V28/><F106/><W6/><G72/><T51/><D32/><U107/><E119/><V18/><F70/><W10/><G128/><T26/><D78/><U86/><E108/><V4/><F135/><W76/><G76/><T82/><D82/><U41/><E125/><V67/><F109/><W122/><G122/><T87/><D26/><U46/><E133/><V126/><F126/><W123/><G123/><T103/><D87/><U3/><E3/><V105/><F105/><W116/><G116/><N who="0" m="44651" /><D95/><N who="1" m="56815" /><E41/><V112/><F112/><W100/><G40/><T63/><D51/><U75/><E75/><V60/><F39/><W90/><G132/><T120/><D43/><U29/><E107/><V45/><F92/><W127/><G127/><T24/><D24/><N who="1" m="16543" /><E13/><V77/><F77/><AGARI ba="1,0" hai="42,46,49,57,59,77,80,86" m="16543,56815" machi="77" ten="30,1000,0" yaku="8,1" doraHai="58" who="1" fromWho="2" sc="204,0,242,13,254,-13,300,0" /><INIT seed="3,0,0,4,4,37" ten="204,255,241,300" oya="3" hai0="135,127,4,86,60,53,130,104,124,63,19,3,123" hai1="103,102,77,88,15,66,52,65,12,134,126,61,113" hai2="85,32,11,75,80,31,7,91,132,55,83,22,69" hai3="84,1,28,62,6,30,17,2,45,27,51,81,58"/><W9/><G1/><T5/><D123/><U33/><E33/><V43/><F69/><W64/><G17/><T89/><D104/><U41/><E77/><V112/><F112/><W36/><G36/><T20/><D135/><U115/><E134/><V119/><F119/><W109/><G109/><T21/><D130/><U8/><E126/><V92/><F32/><W23/><G23/><T24/><D3/><U116/><E116/><V79/><F132/><W38/><G38/><T87/><D53/><U98/><E41/><V76/><F55/><W94/><G94/><T70/><D70/><U35/><E35/><V105/><F105/><W74/><G27/><T10/><D10/><U49/><E115/><V108/><F108/><W73/><G73/><T59/><D59/><N who="1" m="37055" /><E66/><V128/><F128/><W0/><G74/><T47/><D47/><N who="1" m="27711" /><E113/><V56/><F56/><W25/><G25/><T100/><D24/><U72/><E72/><V68/><F68/><W40/><REACH who="3" step="1"/><G0/><REACH who="3" ten="204,255,241,290" step="2"/><T129/><D129/><U42/><E15/><V82/><F22/><W34/><G34/><T114/><D21/><U133/><E133/><V118/><F118/><W78/><AGARI ba="0,1" hai="2,6,9,28,30,40,45,51,58,62,64,78,81,84" machi="78" ten="20,7800,0" yaku="1,1,0,1,7,1,52,1,53,0" doraHai="37" doraHaiUra="97" who="3" fromWho="3" sc="204,-26,255,-26,241,-26,290,88" /><INIT seed="3,1,0,2,2,65" ten="178,229,215,378" oya="3" hai0="61,36,117,116,112,71,114,49,78,23,67,51,3" hai1="88,50,14,16,126,83,72,21,104,46,96,129,134" hai2="123,58,79,105,44,18,12,108,89,93,99,133,130" hai3="33,76,118,30,103,53,5,41,28,59,29,40,31"/><W68/><G118/><N who="0" m="45675" /><D3/><U11/><E126/><V77/><F130/><W60/><G76/><T119/><N who="0" m="45683" /><T8/><DORA hai="4" /><D8/><U95/><E134/><V42/><F133/><W74/><G74/><T37/><D78/><U102/><E129/><V75/><F108/><W52/><G103/><T94/><D23/><U90/><E72/><V13/><F123/><W110/><G110/><T81/><D81/><U127/><E127/><V47/><F105/><W87/><G87/><T7/><D7/><U73/><E73/><V26/><F58/><W57/><G68/><T48/><D94/><U125/><E125/><V20/><F47/><W66/><G66/><T135/><D135/><U92/><E21/><V98/><F98/><W120/><G120/><T35/><D35/><U85/><REACH who="1" step="1"/><E90/><REACH who="1" ten="178,219,215,378" step="2"/><V10/><F75/><W111/><G111/><T132/><D132/><U19/><E19/><V55/><F89/><W124/><G124/><T113/><AGARI ba="1,1" hai="36,37,48,49,51,61,67,71,112,113,114" m="45683" machi="113" ten="50,8000,1" yaku="11,1,34,2,52,1" doraHai="65,4" who="0" fromWho="0" sc="178,93,219,-21,215,-21,378,-41" /><INIT seed="4,0,0,4,3,44" ten="271,198,194,337" oya="0" hai0="23,125,12,59,52,100,77,51,20,129,72,82,94" hai1="106,118,93,6,63,4,101,36,90,3,42,104,11" hai2="123,43,55,130,5,91,32,132,76,81,83,78,61" hai3="26,13,107,31,88,67,71,110,84,95,68,113,41"/><T120/><D129/><U58/><E118/><V119/><F123/><W64/><G110/><T25/><D125/><U53/><E101/><V48/><F32/><W114/><G107/><T66/><D120/><U131/><E131/><V15/><F130/><W87/><G41/><T60/><D12/><U73/><E73/><V109/><F119/><W14/><G26/><T79/><D79/><U111/><E111/><V2/><F2/><W62/><G31/><T134/><D134/><U54/><E42/><V19/><F132/><W85/><G14/><T40/><D40/><U37/><E6/><V103/><F103/><W8/><G67/><T0/><D0/><U135/><E135/><V65/><F109/><W33/><G71/><T10/><D10/><U56/><E106/><V75/><F43/><W35/><G35/><T96/><REACH who="0" step="1"/><D25/><REACH who="0" ten="261,198,194,337" step="2"/><U127/><E127/><V49/><F78/><W17/><REACH who="3" step="1"/><G33/><REACH who="3" ten="261,198,194,327" step="2"/><T1/><D1/><U50/><E104/><V24/><F15/><W98/><AGARI ba="0,2" hai="8,13,17,62,64,68,84,85,87,88,95,98,113,114" machi="98" ten="30,8000,1" yaku="1,1,2,1,0,1,54,1,53,1" doraHai="44" doraHaiUra="86" who="3" fromWho="3" sc="261,-40,198,-20,194,-20,327,100" /><INIT seed="5,0,0,4,3,79" ten="221,178,174,427" oya="1" hai0="36,121,41,12,119,97,60,73,124,85,71,37,70" hai1="18,113,50,90,59,129,93,120,31,83,115,24,114" hai2="56,35,74,5,82,130,58,112,116,45,51,84,111" hai3="43,108,38,106,75,23,63,27,77,96,34,21,76"/><U1/><E120/><V49/><F35/><W53/><G108/><T19/><D119/><U55/><E129/><V68/><F116/><W52/><G34/><T100/><D73/><U66/><E1/><V28/><F68/><W7/><G7/><T127/><D121/><U123/><E123/><V33/><F130/><W135/><G135/><T101/><D85/><U62/><E18/><V110/><F112/><W133/><G133/><T95/><D101/><U132/><E132/><V80/><F5/><W10/><G10/><T39/><D41/><U17/><E17/><V118/><F118/><W91/><G21/><T54/><D54/><U3/><E3/><V46/><F33/><W88/><G106/><T26/><D26/><U78/><E31/><V104/><F84/><W61/><G38/><T48/><D48/><U102/><E102/><V40/><F104/><W42/><G75/><T98/><D97/><U125/><E24/><V109/><F28/><W29/><G96/><T99/><D98/><N who="1" m="57655" /><E125/><N who="0" m="48201" /><D60/><U20/><E50/><V14/><F14/><W15/><G15/><T126/><N who="0" m="48209" /><T4/><DORA hai="30" /><D4/><U11/><E55/><V47/><F74/><W57/><G42/><T32/><D32/><U117/><E117/><V87/><F87/><W131/><G43/><T2/><D2/><U105/><E115/><V64/><F64/><W107/><G131/><T103/><D103/><U134/><E134/><V89/><F40/><W94/><G107/><T8/><AGARI ba="0,0" hai="8,12,19,36,37,39,70,71,95,99,100" m="48209" machi="8" ten="50,1600,0" yaku="18,1" doraHai="79,30" who="0" fromWho="0" sc="221,16,178,-8,174,-4,427,-4" /><INIT seed="6,0,0,4,4,37" ten="237,170,170,423" oya="2" hai0="36,53,96,89,32,10,65,68,129,76,38,85,51" hai1="101,67,34,1,94,100,56,28,98,79,12,87,123" hai2="62,35,41,92,102,70,63,120,113,97,49,71,14" hai3="60,80,59,75,25,33,132,84,66,20,88,31,39"/><V115/><F120/><W7/><G132/><T54/><D129/><U109/><E109/><V128/><F128/><W124/><G124/><T52/><D32/><U114/><E1/><V50/><F35/><W19/><G39/><T8/><D68/><N who="2" m="26154" /><F14/><W22/><G7/><T131/><D65/><U15/><E123/><V13/><F13/><W90/><G75/><T17/><D131/><U46/><E15/><V57/><F50/><W83/><G19/><T107/><D36/><U18/><E28/><V44/><F57/><W134/><G134/><T103/><D38/><U118/><E34/><V108/><F108/><W55/><G66/><T122/><D122/><U116/><E67/><V130/><F130/><W64/><G64/><T3/><D17/><U135/><E135/><V72/><F72/><W45/><G45/><T117/><D117/><U82/><E118/><V77/><F77/><W126/><G126/><T78/><D51/><U127/><E127/><V95/><F95/><W2/><G2/><T73/><D3/><U30/><E116/><V11/><F11/><W58/><G58/><T61/><D78/><U121/><E121/><V81/><F81/><W99/><G99/><T133/><D133/><U74/><E74/><V40/><F40/><W29/><G29/><T9/><D73/><U112/><E30/><V0/><F0/><W111/><G111/><T105/><D96/><N who="1" m="59415" /><E56/><V26/><F26/><W106/><G106/><T6/><D107/><N who="1" m="63927" /><E46/><V23/><F23/><N who="3" m="8747" /><G83/><T110/><D110/><U42/><E42/><V48/><F48/><W5/><G5/><T27/><D27/><RYUUKYOKU ba="0,0" sc="237,-30,170,10,170,10,423,10" hai1="12,18,79,82,87,112,114" hai2="41,44,49,62,63,92,97,102,113,115" hai3="25,31,33,55,59,60,80,84,88,90" /><INIT seed="6,1,0,4,2,102" ten="207,180,180,433" oya="2" hai0="70,112,101,114,93,12,5,121,43,118,9,82,122" hai1="75,69,31,25,108,44,10,87,94,35,103,66,40" hai2="3,92,22,126,47,110,49,13,124,54,64,125,61" hai3="77,14,76,2,131,29,4,63,90,73,98,20,133"/><V117/><F117/><W106/><G2/><T45/><D70/><U28/><E108/><V123/><F123/><W41/><G131/><T78/><D93/><U86/><E75/><V134/><F3/><W119/><G119/><T23/><D101/><U107/><E31/><V65/><F134/><W27/><G133/><T99/><D99/><N who="1" m="61951" /><E10/><V81/><F110/><W32/><G41/><T111/><D23/><U83/><E83/><V11/><F22/><W84/><G63/><T74/><D111/><U17/><E17/><V72/><F92/><W79/><G73/><T62/><D62/><N who="1" m="40151" /><E94/><V116/><F116/><W7/><G106/><T96/><D96/><U33/><E33/><V85/><F72/><W130/><G98/><T56/><D56/><U71/><E71/><V129/><F129/><W42/><G130/><T68/><D68/><U88/><E88/><N who="2" m="51247" /><F61/><W30/><G42/><T100/><D118/><U26/><E26/><V89/><F89/><W24/><REACH who="3" step="1"/><G14/><REACH who="3" ten="207,180,180,423" step="2"/><T91/><D12/><U95/><E95/><AGARI ba="1,1" hai="4,7,20,24,27,29,30,32,76,77,79,84,90,95" machi="95" ten="40,2600,0" yaku="1,1,2,1,53,0" doraHai="102" doraHaiUra="34" who="3" fromWho="1" sc="207,0,180,-29,180,0,423,39" /><INIT seed="7,0,0,3,0,117" ten="207,151,180,462" oya="3" hai0="47,90,84,102,60,35,28,96,0,94,41,86,76" hai1="101,91,118,12,73,42,67,97,120,81,5,53,106" hai2="116,75,31,18,22,113,115,85,15,122,107,83,51" hai3="93,34,69,70,89,74,25,88,30,1,71,79,87"/><W100/><G1/><T131/><D0/><U58/><E118/><V82/><F116/><W95/><G100/><T29/><D131/><U26/><E120/><V103/><F107/><W64/><G79/><T33/><D35/><U8/><E42/><V45/><F103/><W57/><G74/><T6/><D6/><U59/><E67/><V9/><F122/><W55/><G64/><T24/><D28/><U92/><E53/><V125/><F125/><W72/><G72/><T133/><D133/><U123/><E123/><V52/><F75/><W13/><G13/><T37/><D76/><U111/><E111/><V32/><F32/><W61/><G71/><T39/><D60/><U68/><E68/><V21/><F83/><W20/><G34/><T104/><D84/><AGARI ba="0,0" hai="20,25,30,55,57,61,69,70,84,87,88,89,93,95" machi="84" ten="30,5800,0" yaku="7,1,9,1,54,1" doraHai="117" who="3" fromWho="0" sc="207,-58,151,0,180,0,462,58" owari="149,-35.0,151,-25.0,180,-2.0,520,62.0" /></mjloggm>