<mjloggm ver="2.3"><GO type="185" lobby="0"/><UN n0="%E3%81%A0%E3%81%83" n1="%77%61%77%61%33%30%33%30" n2="%50%42%33%2D%50" n3="" dan="16,16,18,0" rate="2148.53,2137.49,2296.17,1500.00" sx="M,M,F,C"/><TAIKYOKU oya="0"/><INIT seed="0,0,0,0,4,84" ten="350,350,350,0" oya="0" hai0="111,87,110,131,39,132,76,46,71,104,100,67,63" hai1="125,35,40,2,93,41,92,102,60,106,129,34,123" hai2="1,33,32,133,37,50,97,73,135,51,55,95,3" hai3=""/><T98/><D131/><U72/><N who="1" m="31520" /><U62/><E106/><V49/><F73/><T89/><D76/><U54/><E102/><V81/><F37/><T38/><D132/><N who="2" m="50762" /><F81/><T66/><D66/><U44/><E72/><V108/><F108/><N who="0" m="41514" /><D46/><U79/><E79/><V74/><F74/><T107/><D107/><U124/><E44/><V109/><F109/><T118/><D118/><U103/><E103/><V83/><F83/><AGARI ba="0,0" hai="38,39,63,67,71,83,87,89,98,100,104" m="41514" machi="83" ten="30,5800,0" yaku="14,1,10,1,52,1" doraHai="84" who="0" fromWho="2" sc="350,58,350,0,350,-58,0,0" /><INIT seed="0,1,0,0,4,118" ten="408,350,292,0" oya="0" hai0="116,54,128,61,84,97,41,133,53,39,103,82,38" hai1="33,59,130,104,89,123,101,85,45,110,35,0,131" hai2="120,60,77,57,132,34,121,81,43,70,109,91,32" hai3=""/><T67/><D116/><U96/><N who="1" m="31520" /><U69/><E69/><V47/><N who="2" m="30752" /><V75/><N who="2" m="31008" /><V68/><F109/><T50/><D128/><N who="1" m="49195" /><E110/><V49/><F132/><T134/><D41/><U48/><E59/><V74/><F74/><T98/><D39/><U42/><E0/><V92/><F68/><T112/><D112/><U86/><E86/><V94/><F70/><T88/><D38/><U66/><E66/><V37/><F37/><T64/><D61/><U83/><AGARI ba="1,0" hai="33,35,42,45,48,83,85,89,96,101,104" m="49195,31520" machi="83" ten="30,3000,0" yaku="19,1,52,2" doraHai="118" who="1" fromWho="1" sc="408,-21,350,32,292,-11,0,0" /><INIT seed="1,0,0,1,0,59" ten="387,382,281,0" oya="1" hai0="35,48,103,88,36,100,64,105,68,61,89,102,81" hai1="66,113,101,133,46,39,54,55,44,109,104,94,71" hai2="121,93,83,49,110,86,45,77,128,126,123,72,40" hai3=""/><U2/><E2/><V82/><N who="2" m="31008" /><V60/><N who="2" m="31520" /><V96/><F128/><T107/><D36/><U92/><E113/><V51/><F126/><T95/><D35/><U116/><E116/><V111/><F51/><T37/><D37/><U117/><E117/><V33/><F33/><T32/><D32/><U97/><E133/><V53/><F40/><T130/><D130/><U1/><E1/><V127/><F127/><T124/><D124/><U84/><E109/><V34/><F34/><T125/><D125/><U52/><E39/><V99/><F60/><T50/><D81/><U47/><REACH who="1" step="1"/><E84/><REACH who="1" ten="387,372,281,0" step="2"/><V108/><REACH who="2" step="1"/><F93/><REACH who="2" ten="387,372,271,0" step="2"/><T78/><D95/><U74/><E74/><V41/><F41/><T131/><D131/><U118/><E118/><V43/><F43/><T70/><D105/><U98/><E98/><V67/><F67/><T3/><D107/><U79/><E79/><AGARI ba="0,2" hai="45,49,53,72,77,79,82,83,86,96,99,108,110,111" m="31520,31008" machi="79" ten="40,8000,1" yaku="1,1,14,1,52,2,53,0" doraHai="59" doraHaiUra="129" who="2" fromWho="1" sc="387,0,372,-80,271,100,0,0" /><INIT seed="2,0,0,3,1,90" ten="387,292,371,0" oya="2" hai0="34,59,101,83,35,55,120,37,107,1,105,122,50" hai1="80,81,77,57,32,117,39,48,106,97,85,53,45" hai2="33,63,2,124,133,131,86,47,89,3,116,64,72" hai3=""/><V42/><F33/><T98/><N who="0" m="30752" /><T79/><N who="0" m="31264" /><T115/><D37/><U68/><E32/><V123/><N who="2" m="31520" /><V96/><F116/><T126/><D1/><U118/><E68/><V110/><F72/><T127/><D107/><U104/><E81/><V93/><F110/><T0/><D0/><U84/><E84/><V92/><F133/><T102/><D102/><U112/><E112/><V38/><F131/><T95/><D105/><U54/><E39/><V49/><F124/><N who="0" m="47658" /><D115/><U75/><E75/><AGARI ba="0,0" hai="34,35,50,55,59,75,79,83,95,98,101" m="47658,31264,30752" machi="75" ten="30,7700,0" yaku="18,1,52,3" doraHai="90" who="0" fromWho="1" sc="387,77,292,-77,371,0,0,0" /><INIT seed="4,0,0,1,2,2" ten="464,215,371,0" oya="0" hai0="56,1,117,131,38,92,86,109,45,81,122,73,91" hai1="57,72,82,37,50,94,40,39,59,114,64,90,108" hai2="87,105,84,88,77,112,61,79,111,98,124,74,119" hai3=""/><T62/><N who="0" m="31264" /><T41/><D117/><U99/><E108/><V115/><F111/><T80/><D109/><U0/><E0/><V33/><F33/><T123/><N who="0" m="31520" /><T100/><D131/><U133/><E133/><V129/><F119/><T32/><D1/><U66/><E114/><V93/><F129/><T35/><D80/><U48/><E39/><V47/><F124/><T43/><D43/><U85/><E37/><V125/><F125/><T127/><D127/><U130/><E72/><V51/><F74/><T63/><D63/><U70/><E70/><V110/><F61/><T36/><D36/><U102/><E130/><V116/><F110/><T89/><D100/><U67/><REACH who="1" step="1"/><E40/><REACH who="1" ten="464,205,371,0" step="2"/><V53/><F115/><T75/><D73/><U106/><E106/><V104/><F105/><T78/><REACH who="0" step="1"/><D91/><REACH who="0" ten="454,205,371,0" step="2"/><U49/><AGARI ba="0,2" hai="48,49,50,57,59,64,66,67,82,85,90,94,99,102" machi="49" ten="30,3000,0" yaku="1,1,0,1,8,1,53,0" doraHai="2" doraHaiUra="118" who="1" fromWho="1" sc="454,-20,205,50,371,-10,0,0" /><INIT seed="5,0,0,4,1,38" ten="434,255,361,0" oya="1" hai0="121,49,130,102,91,115,65,80,133,119,1,41,47" hai1="125,50,42,107,72,135,96,61,87,70,111,89,88" hai2="108,59,56,85,110,97,78,69,71,99,51,95,58" hai3=""/><U48/><E72/><V81/><F99/><T118/><N who="0" m="31008" /><T44/><D115/><U116/><E116/><N who="0" m="44585" /><D1/><U132/><E125/><V75/><F75/><T105/><D133/><N who="1" m="51275" /><E111/><V0/><F0/><T53/><D130/><U3/><E3/><V124/><F124/><T114/><D114/><U62/><E50/><V120/><N who="2" m="30752" /><V34/><F34/><T36/><D65/><U134/><N who="1" m="51283" /><U109/><DORA hai="90" /><E70/><V83/><F71/><T63/><D63/><N who="1" m="24075" /><E109/><V112/><F69/><T39/><D39/><U68/><E68/><V128/><F112/><T127/><D127/><U55/><E87/><V32/><F85/><T104/><D102/><U123/><N who="1" m="31520" /><U54/><E107/><V86/><F108/><T103/><D103/><U131/><E131/><V77/><F128/><T93/><D105/><U66/><E66/><V43/><F110/><T76/><D104/><U46/><E96/><V52/><F97/><T2/><D2/><U92/><E92/><V113/><F95/><T79/><D93/><U64/><E64/><V101/><F113/><T35/><D35/><U33/><E33/><V100/><F32/><T45/><D36/><U74/><E74/><V98/><F98/><T67/><D67/><U57/><E57/><RYUUKYOKU ba="0,0" sc="434,-10,255,20,361,-10,0,0" hai1="42,46,48,54,55,88,89" /><INIT seed="5,1,0,3,4,124" ten="424,275,351,0" oya="1" hai0="113,132,2,72,121,110,65,82,115,68,77,131,54" hai1="34,98,109,86,46,92,133,80,90,97,102,39,37" hai2="114,122,135,58,105,48,94,33,108,100,103,117,64" hai3=""/><U63/><E34/><V36/><F33/><T38/><RYUUKYOKU type="yao9" ba="1,0" sc="424,0,275,0,351,0,0,0" hai0="2,38,54,65,68,72,77,82,110,113,115,121,131,132" /><INIT seed="5,2,0,3,2,51" ten="424,275,351,0" oya="1" hai0="127,34,58,108,48,100,133,64,103,62,88,97,107" hai1="89,101,73,43,119,118,67,46,57,66,116,38,76" hai2="109,111,113,42,3,54,122,56,121,79,102,134,83" hai3=""/><U84/><E101/><V1/><N who="2" m="31008" /><V110/><N who="2" m="31264" /><V124/><F102/><T112/><D108/><U32/><E32/><V39/><F124/><T82/><D127/><U106/><E106/><V98/><F98/><T93/><D34/><U131/><E131/><V36/><F134/><T68/><D112/><U33/><E33/><V71/><F71/><T129/><D129/><U91/><E91/><V37/><F42/><T80/><D133/><U72/><E57/><V0/><F113/><T74/><D74/><U75/><REACH who="1" step="1"/><E76/><REACH who="1" ten="424,265,351,0" step="2"/><V2/><F2/><T96/><D103/><U44/><E44/><V125/><F125/><T59/><D58/><U120/><N who="1" m="30752" /><U87/><E87/><V95/><F1/><T47/><D59/><U65/><E65/><V35/><F35/><T104/><D107/><U90/><E90/><V52/><F0/><T126/><D126/><U78/><E78/><V49/><F3/><T77/><D77/><U99/><E99/><V70/><F110/><T115/><D115/><U69/><E69/><V132/><F111/><T60/><D64/><U123/><N who="1" m="31520" /><U50/><E50/><V114/><F109/><T61/><D68/><U128/><E128/><V41/><F70/><T86/><D86/><RYUUKYOKU ba="2,1" sc="424,10,265,10,351,-20,0,0" hai0="47,48,60,61,62,80,82,88,93,96,97,100,104" hai1="38,43,46,66,67,72,73,75,84,89,116,118,119" /><INIT seed="5,3,1,0,3,32" ten="434,275,331,0" oya="1" hai0="85,132,35,106,54,98,75,56,111,74,114,48,63" hai1="123,62,83,104,102,112,71,41,86,91,127,93,46" hai2="89,47,78,96,64,73,70,1,68,119,36,97,131" hai3=""/><U128/><N who="1" m="31520" /><U66/><E112/><V57/><F119/><T95/><D111/><U44/><E128/><V37/><F73/><T2/><D35/><U109/><E127/><V90/><F78/><T65/><D114/><U122/><N who="1" m="31264" /><U118/><E109/><V61/><F47/><T100/><D132/><U77/><E118/><V99/><F131/><T38/><D38/><U117/><E117/><V82/><F82/><T87/><D2/><U103/><E104/><V40/><F40/><T129/><D129/><U72/><REACH who="1" step="1"/><E46/><REACH who="1" ten="434,265,331,0" step="2"/><V67/><F1/><T50/><D106/><U53/><E53/><V60/><F64/><T88/><D54/><U84/><E84/><V121/><F67/><T94/><D87/><U39/><AGARI ba="3,2" hai="39,41,44,62,66,71,72,77,83,86,91,93,102,103" m="31264,31520" machi="39" ten="20,12000,2" yaku="1,1,0,1,7,1,52,2,53,1" doraHai="32" doraHaiUra="42" who="1" fromWho="1" sc="434,-63,265,146,331,-63,0,0" /><INIT seed="5,4,0,1,4,65" ten="371,411,268,0" oya="1" hai0="55,84,123,88,72,131,1,96,126,99,103,71,107" hai1="63,100,52,128,89,121,78,118,40,60,90,116,132" hai2="130,112,105,33,62,58,48,41,59,115,124,92,91" hai3=""/><U73/><N who="1" m="31008" /><U77/><E40/><V101/><F33/><T110/><N who="0" m="31520" /><T68/><D1/><U49/><E100/><V81/><F130/><T120/><N who="0" m="30752" /><T39/><D39/><U114/><E128/><V3/><F3/><T127/><D72/><U46/><E114/><V119/><F119/><T117/><D110/><U50/><E132/><V113/><F124/><N who="0" m="47658" /><D117/><U75/><REACH who="1" step="1"/><E46/><REACH who="1" ten="371,401,268,0" step="2"/><V135/><F113/><T102/><D131/><U98/><E98/><V125/><F115/><T53/><D99/><U70/><E70/><N who="0" m="26665" /><D102/><U38/><E38/><V45/><F101/><T97/><D97/><U79/><E79/><V95/><F125/><T85/><D84/><U83/><E83/><AGARI ba="4,1" hai="53,55,83,85,88,96,103,107" m="26665,47658,30752,31520" machi="83" ten="30,12000,2" yaku="18,1,52,5,54,1" doraHai="65" who="0" fromWho="1" sc="371,138,401,-128,268,0,0,0" /><INIT seed="6,0,0,0,3,54" ten="509,273,268,0" oya="2" hai0="132,83,92,32,103,99,35,96,57,111,108,0,89" hai1="61,42,80,45,98,70,69,78,55,110,124,105,58" hai2="102,84,81,93,74,85,50,72,67,48,131,71,68" hai3=""/><V95/><F102/><T73/><D0/><U38/><E110/><V36/><F36/><T119/><D119/><U107/><E124/><V135/><F81/><T115/><D132/><U122/><N who="1" m="31264" /><U117/><E117/><V34/><F67/><T43/><D115/><U94/><E107/><V126/><F126/><T97/><D43/><U40/><E40/><V51/><F135/><T53/><D35/><U77/><E105/><V114/><F114/><T60/><D32/><U52/><E55/><V91/><F34/><T44/><D97/><U90/><E78/><V2/><F2/><T125/><D125/><U128/><E128/><V75/><F131/><T106/><D44/><U100/><E100/><V112/><F112/><T123/><N who="0" m="31520" /><T62/><D62/><U1/><E1/><V120/><N who="2" m="30752" /><V121/><N who="2" m="31008" /><V129/><F129/><T66/><D66/><U116/><E116/><V39/><F39/><T104/><D104/><U64/><E64/><V56/><REACH who="2" step="1"/><F56/><REACH who="2" ten="509,273,258,0" step="2"/><T79/><AGARI ba="0,1" hai="53,57,60,73,79,83,89,92,96,99,103,106,108,111" m="31520" machi="79" ten="30,3000,0" yaku="0,1,52,2" doraHai="54" who="0" fromWho="0" sc="509,40,273,-10,258,-20,0,0" owari="549,50.0,263,-14.0,238,-36.0,0,0.0" /></mjloggm>