<mjloggm ver="2.3"><GO type="185" lobby="0"/><UN n0="%E8%90%AC%E6%81%8B%E6%AC%A1%E9%83%8E" n1="%4F%4D%49%53%4F%2D%53" n2="%77%61%77%61%33%30%33%30" n3="" dan="17,16,16,0" rate="2265.73,2167.86,2163.32,1500.00" sx="M,M,M,C"/><TAIKYOKU oya="0"/><INIT seed="0,0,0,5,3,126" ten="350,350,350,0" oya="0" hai0="119,98,94,33,41,1,88,46,80,73,122,86,121" hai1="107,113,84,47,2,56,53,101,63,67,116,112,74" hai2="103,95,129,68,60,75,108,106,45,118,93,128,117" hai3=""/><T51/><N who="0" m="31008" /><T78/><N who="0" m="31264" /><T109/><D119/><N who="2" m="45578" /><F75/><T130/><D1/><U90/><E74/><V65/><F108/><T79/><D33/><U59/><E116/><V102/><F45/><T32/><D32/><U36/><E2/><V0/><F0/><T91/><D109/><U87/><E101/><N who="2" m="38411" /><F106/><T111/><D111/><U133/><E107/><V69/><F69/><T72/><D130/><AGARI ba="0,0" hai="60,65,68,93,95,128,129,130" m="38411,45578" machi="130" ten="30,8000,1" yaku="19,1,12,1,52,3" doraHai="126" who="2" fromWho="0" sc="350,-80,350,0,350,80,0,0" /><INIT seed="1,0,0,4,4,34" ten="270,350,430,0" oya="1" hai0="105,112,99,45,83,41,65,63,110,93,37,57,46" hai1="52,55,111,35,96,84,118,68,133,70,134,73,32" hai2="76,74,124,125,0,106,92,130,89,119,1,107,49" hai3=""/><U2/><E118/><V3/><F119/><T78/><D112/><U54/><E73/><V86/><F130/><T67/><D110/><U66/><E111/><V48/><F76/><T77/><D105/><N who="2" m="39946" /><F74/><T121/><N who="0" m="31008" /><T117/><D117/><U113/><E113/><V64/><F64/><T43/><D83/><U103/><E84/><V101/><F101/><T127/><D67/><U38/><E38/><V115/><F115/><T59/><D59/><U114/><E114/><V79/><F79/><T90/><REACH who="0" step="1"/><D127/><AGARI ba="0,0" hai="0,1,3,48,49,86,89,92,124,125,127" m="39946" machi="127" ten="40,8000,1" yaku="18,1,52,3" doraHai="34" who="2" fromWho="0" sc="270,-80,350,0,430,80,0,0" /><INIT seed="2,0,0,2,0,95" ten="190,350,510,0" oya="2" hai0="125,52,128,65,106,129,37,93,87,70,41,80,44" hai1="83,102,135,45,53,63,51,85,72,54,67,58,47" hai2="130,96,108,68,2,122,116,105,0,3,119,92,61" hai3=""/><V69/><N who="2" m="31264" /><V115/><F115/><T55/><D106/><U109/><E109/><V121/><N who="2" m="31008" /><V42/><F108/><T1/><D1/><U77/><E135/><V62/><F130/><T111/><D111/><U64/><E102/><V134/><F134/><T90/><D125/><U89/><E45/><V123/><N who="2" m="31520" /><V71/><F42/><T33/><D33/><U40/><E54/><V103/><REACH who="2" step="1"/><F105/><REACH who="2" ten="190,350,500,0" step="2"/><T114/><D114/><U59/><E40/><V131/><F131/><T66/><D128/><U43/><E58/><V39/><F39/><T117/><D129/><U60/><E60/><AGARI ba="0,1" hai="0,2,3,60,61,62,68,69,71,92,96,103,116,119" m="31520,31008,31264" machi="60" ten="50,12000,1" yaku="1,1,52,4,53,0" doraHai="95" doraHaiUra="101" who="2" fromWho="1" sc="190,0,350,-120,500,130,0,0" /><INIT seed="2,1,0,5,3,3" ten="190,230,630,0" oya="2" hai0="51,111,49,39,128,68,114,38,94,47,81,100,87" hai1="86,135,79,76,91,59,45,106,36,109,126,95,50" hai2="83,130,69,77,72,41,132,40,96,73,63,105,71" hai3=""/><V98/><F130/><T116/><D128/><U44/><E106/><V101/><F132/><T118/><D114/><U124/><E135/><V121/><N who="2" m="31008" /><V99/><F99/><T127/><D127/><N who="1" m="48683" /><E109/><V82/><F96/><T119/><D111/><U97/><E36/><V133/><F133/><T78/><D68/><U129/><E129/><V80/><F80/><T88/><D100/><U107/><E59/><V85/><F73/><T108/><D108/><U70/><E70/><V66/><REACH who="2" step="1"/><F71/><REACH who="2" ten="190,230,620,0" step="2"/><T113/><D118/><U84/><E84/><V64/><F64/><T32/><D116/><U48/><E107/><V37/><F37/><T0/><D119/><U115/><E115/><V93/><F93/><T89/><D113/><U131/><E131/><V52/><F52/><T62/><D39/><U35/><E97/><V117/><F117/><T58/><D38/><U54/><E35/><V43/><F43/><AGARI ba="1,1" hai="43,44,45,48,50,54,76,79,86,91,95" m="48683" machi="43" ten="30,1000,0" yaku="18,1" doraHai="3" who="1" fromWho="2" sc="190,0,230,22,620,-12,0,0" /><INIT seed="4,0,0,0,0,62" ten="190,252,608,0" oya="0" hai0="81,117,84,64,101,107,50,83,134,102,59,111,93" hai1="118,91,127,97,70,63,92,112,90,87,94,0,131" hai2="110,109,33,82,125,106,2,65,55,57,52,66,58" hai3=""/><T53/><D117/><U74/><E74/><V75/><F106/><T88/><D111/><U60/><E0/><V120/><N who="2" m="30752" /><V72/><F82/><T51/><D134/><U73/><E73/><V108/><F125/><T80/><D107/><U54/><E131/><V48/><F33/><T41/><D64/><U126/><E118/><V115/><F115/><T39/><D39/><U105/><E112/><V96/><F96/><T78/><REACH who="0" step="1"/><D78/><REACH who="0" ten="180,252,608,0" step="2"/><U34/><E105/><V103/><F110/><T35/><D35/><U42/><E34/><V76/><F76/><T32/><D32/><U95/><E126/><V44/><F2/><T116/><D116/><U40/><E127/><V104/><F104/><T89/><D89/><U124/><E124/><V123/><N who="2" m="31520" /><V128/><F108/><T129/><D129/><U86/><E54/><V36/><F109/><T38/><D38/><U122/><N who="1" m="31264" /><U114/><E114/><V67/><F128/><T1/><D1/><U47/><E91/><V69/><F69/><T61/><D61/><U85/><E90/><V43/><REACH who="2" step="1"/><F103/><REACH who="2" ten="180,252,598,0" step="2"/><T77/><D77/><U49/><E70/><V100/><F100/><T119/><D119/><U79/><E79/><V56/><F56/><T99/><D99/><RYUUKYOKU ba="0,2" sc="180,10,252,-20,598,10,0,0" hai0="41,50,51,53,59,80,81,83,84,88,93,101,102" hai2="36,43,44,48,52,55,57,58,65,66,67,72,75" /><INIT seed="4,1,2,5,2,50" ten="190,232,608,0" oya="0" hai0="33,104,77,91,116,121,85,61,117,98,71,109,94" hai1="72,122,124,114,126,96,123,125,38,100,115,86,92" hai2="133,135,81,103,106,34,70,59,60,78,2,120,130" hai3=""/><T102/><N who="0" m="31008" /><T73/><D33/><U57/><N who="1" m="31264" /><U58/><N who="1" m="31520" /><U43/><E72/><V128/><N who="2" m="30752" /><V101/><F70/><T131/><D131/><N who="2" m="50218" /><F2/><T37/><D37/><U39/><E86/><V105/><F34/><T99/><D109/><U118/><E118/><N who="0" m="45673" /><D61/><U52/><E57/><V90/><F90/><T97/><D71/><U48/><E43/><V88/><F88/><T113/><D113/><AGARI ba="1,2" hai="38,39,48,52,58,92,96,100,113,114,115,124,125,126" m="31520,31264" machi="113" ten="50,12000,2" yaku="15,1,11,1,18,1,52,3,54,1" doraHai="50" who="1" fromWho="0" sc="190,-122,232,142,608,0,0,0" /><INIT seed="5,0,0,4,1,107" ten="68,374,608,0" oya="1" hai0="78,97,56,63,84,74,101,77,66,51,124,3,119" hai1="75,54,40,62,65,69,2,39,118,83,59,38,53" hai2="70,103,132,32,128,95,72,61,102,52,49,68,92" hai3=""/><U73/><E2/><V130/><F72/><T127/><D3/><U122/><N who="1" m="31264" /><U42/><E118/><V100/><F32/><T1/><D1/><U82/><E69/><N who="2" m="26731" /><F61/><T131/><D119/><U64/><E62/><V111/><F111/><T123/><N who="0" m="31520" /><T99/><D131/><N who="2" m="50218" /><F132/><T112/><D112/><U120/><N who="1" m="30752" /><U91/><E59/><AGARI ba="0,0" hai="49,52,59,92,95,100,102,103" m="50218,26731" machi="59" ten="40,2600,0" yaku="19,1,54,1" doraHai="107" who="2" fromWho="1" sc="68,0,374,-26,608,26,0,0" /><INIT seed="6,0,0,1,5,74" ten="68,348,634,0" oya="2" hai0="90,131,112,70,132,86,100,36,55,126,73,68,51" hai1="125,91,58,82,115,120,60,53,133,38,41,54,71" hai2="67,102,79,98,118,69,40,119,43,93,83,39,88" hai3=""/><V94/><F39/><T92/><D90/><U78/><E91/><V117/><F67/><T72/><D100/><U107/><E54/><V34/><F69/><T124/><D86/><U127/><E82/><V48/><F34/><T3/><D92/><U2/><E78/><V46/><F43/><T52/><D51/><U1/><E53/><V99/><F119/><T116/><D52/><U35/><E58/><V32/><F32/><T134/><D55/><U45/><E60/><V130/><F130/><T42/><D42/><U123/><E45/><V64/><F64/><T81/><D81/><U110/><N who="1" m="30752" /><U85/><E85/><AGARI ba="0,0" hai="40,46,48,79,83,85,88,93,94,98,99,102,117,118" machi="85" ten="30,5800,0" yaku="7,1,52,1,54,1" doraHai="74" who="2" fromWho="1" sc="68,0,348,-58,634,58,0,0" owari="68,-53.0,290,-11.0,692,64.0,0,0.0" /></mjloggm>