<mjloggm ver="2.3"><GO type="169" lobby="0"/><UN n0="%5A%E6%B0%91" n1="%E3%81%B5%E3%81%9F%E3%81%B0" n2="%E3%83%9E%E3%83%BC%E3%83%AC%E3%83%B3%E3%83%BB%E3%83%AB%E3%83%B3%E3%83%93" n3="%E3%82%8F%E3%81%8B%E3%82%81%75%64%6E" dan="17,16,16,17" rate="2190.61,2157.80,2066.56,2246.35" sx="M,F,F,M"/><TAIKYOKU oya="0"/><INIT seed="0,0,0,1,1,104" ten="250,250,250,250" oya="0" hai0="109,22,95,121,65,113,118,23,69,88,82,66,49" hai1="114,102,48,45,3,30,59,125,11,26,122,123,17" hai2="71,33,130,50,105,15,32,86,116,53,34,16,44" hai3="9,25,51,63,83,19,8,85,27,77,42,2,46"/><T74/><D113/><U43/><E125/><V10/><F105/><W96/><G2/><T112/><D112/><U107/><E114/><V28/><F71/><W94/><G63/><T72/><D118/><U79/><E107/><V6/><F130/><W1/><G1/><T18/><D121/><U31/><E102/><V0/><F116/><W131/><G131/><T92/><D109/><U98/><E98/><V21/><REACH who="2" step="1"/><F86/><REACH who="2" ten="250,250,240,250" step="2"/><W97/><G97/><T7/><D69/><U38/><E123/><V124/><F124/><W111/><G111/><T81/><D7/><U108/><E122/><V47/><F47/><W67/><G96/><T119/><D119/><U58/><E108/><V90/><F90/><W133/><G85/><T120/><D120/><U80/><E58/><V5/><F5/><W127/><G127/><T87/><D87/><U126/><E126/><V57/><F57/><W12/><G46/><T70/><D70/><U100/><E100/><V117/><F117/><W20/><G77/><T78/><D78/><U37/><E59/><V54/><F54/><W103/><G103/><T62/><D88/><U64/><E64/><V61/><F61/><W75/><G67/><T36/><D62/><U56/><E56/><V101/><F101/><W106/><G106/><T68/><D68/><U60/><E60/><V93/><F93/><W13/><G94/><T128/><D128/><U4/><E38/><V76/><F76/><W135/><G135/><T24/><D36/><U39/><E39/><V110/><F110/><W89/><G133/><T29/><D66/><U99/><E37/><RYUUKYOKU ba="0,1" sc="250,-10,250,-10,240,30,250,-10" hai2="0,6,10,15,16,21,28,32,33,34,44,50,53" /><INIT seed="1,1,1,0,1,89" ten="240,240,270,240" oya="1" hai0="36,65,131,87,44,101,3,50,42,49,55,16,81" hai1="29,88,135,28,46,22,17,125,24,98,108,104,6" hai2="78,59,51,0,73,75,1,128,129,13,86,33,40" hai3="68,7,99,84,9,116,82,114,8,118,25,45,18"/><U107/><E135/><V109/><F33/><W80/><G114/><T123/><D3/><U53/><E125/><V105/><F105/><W57/><G68/><T32/><D32/><U96/><E108/><V100/><F109/><W38/><G57/><T74/><D74/><N who="2" m="28170" /><F100/><W94/><G38/><T77/><D131/><N who="2" m="50250" /><F13/><W61/><G61/><T127/><D127/><U12/><E107/><V66/><F66/><W39/><G39/><T5/><D5/><U58/><E46/><N who="2" m="26055" /><F59/><W117/><G45/><T52/><D123/><U14/><E104/><V93/><F78/><W20/><G7/><T56/><D101/><U41/><E41/><V79/><F79/><W47/><G47/><T11/><D65/><U67/><E67/><V69/><F69/><W110/><G110/><T27/><D11/><N who="1" m="4215" /><E14/><V103/><F86/><W112/><G112/><T71/><D71/><U119/><E119/><V124/><F124/><W10/><REACH who="3" step="1"/><G84/><REACH who="3" ten="240,240,270,230" step="2"/><T2/><D87/><U54/><E54/><V4/><F4/><W21/><G21/><T35/><D55/><U34/><E34/><V90/><F90/><AGARI ba="1,2" hai="8,9,10,18,20,25,80,82,90,94,99,116,117,118" machi="90" ten="50,8000,1" yaku="1,1,12,1,52,1,53,1" doraHai="89" doraHaiUra="19" who="3" fromWho="2" sc="240,0,240,0,270,-83,230,103" /><INIT seed="2,0,0,5,4,134" ten="240,240,187,333" oya="2" hai0="99,111,128,110,26,125,24,31,33,88,92,41,37" hai1="129,20,98,54,95,48,102,51,49,5,86,1,38" hai2="0,39,6,104,34,123,8,124,11,119,73,42,118" hai3="52,117,106,78,94,21,53,50,9,69,81,12,116"/><V15/><F104/><W85/><G106/><T55/><D128/><U76/><E129/><V107/><F107/><W36/><G36/><T29/><D55/><U121/><E121/><V80/><F34/><W135/><G135/><T105/><D105/><U43/><E38/><V93/><F123/><W101/><G69/><T63/><D63/><U59/><E1/><V82/><F93/><W90/><G101/><T84/><D99/><U68/><E68/><V44/><F124/><W18/><G9/><T120/><D120/><U58/><E5/><V89/><F89/><W3/><G3/><T65/><D65/><U57/><E43/><V87/><F87/><W100/><G100/><T75/><D75/><U70/><E70/><V40/><F40/><W2/><G2/><T7/><D7/><U47/><E20/><V13/><F13/><W132/><G53/><T4/><D4/><U22/><E22/><V79/><F82/><AGARI ba="0,0" hai="47,48,49,51,54,57,58,59,76,82,86,95,98,102" machi="82" ten="40,1300,0" yaku="8,1" doraHai="134" who="1" fromWho="2" sc="240,0,240,13,187,-13,333,0" /><INIT seed="3,0,0,2,0,91" ten="240,253,174,333" oya="3" hai0="83,88,77,46,25,36,128,31,82,122,112,14,121" hai1="23,85,37,19,32,20,135,74,93,134,109,13,62" hai2="44,120,69,98,52,97,33,53,127,38,73,89,75" hai3="81,24,5,129,55,108,29,115,92,102,6,26,126"/><W1/><G115/><T123/><D112/><U48/><E37/><V68/><F33/><W95/><G129/><T17/><D128/><U56/><E32/><V114/><F114/><W61/><G126/><T54/><D36/><U100/><E74/><V10/><F10/><W96/><G108/><T67/><D67/><U50/><E109/><V118/><F118/><W99/><G1/><T45/><D82/><U2/><E2/><V4/><F4/><N who="3" m="1643" /><G81/><T132/><D132/><N who="1" m="50731" /><E23/><V87/><F127/><W76/><G76/><T9/><D54/><U131/><E131/><V30/><F30/><W34/><G34/><T59/><D59/><U3/><E3/><V27/><F27/><W113/><G29/><T51/><D51/><U0/><E0/><V28/><F28/><W116/><G116/><T105/><D105/><U66/><E100/><V111/><F111/><W18/><G18/><T90/><D46/><U119/><E119/><V47/><F38/><W11/><G11/><T70/><D45/><U58/><E58/><V35/><F35/><W124/><G124/><T110/><D70/><U80/><E80/><V107/><F107/><W106/><G106/><T43/><D110/><U12/><E13/><V133/><F133/><W130/><G113/><T64/><D122/><U71/><E71/><V49/><F120/><W72/><G72/><T39/><D123/><U16/><E19/><V103/><F75/><W94/><G130/><T65/><D121/><U63/><E62/><V60/><F73/><W79/><G79/><T42/><D77/><U101/><E101/><V41/><F103/><RYUUKYOKU ba="0,0" sc="240,-10,253,30,174,-10,333,-10" hai1="12,16,20,48,50,56,63,66,85,93" /><INIT seed="4,1,0,4,4,20" ten="230,283,164,323" oya="0" hai0="29,6,64,126,23,24,55,22,16,30,111,127,75" hai1="110,34,67,74,133,101,14,135,78,119,65,94,60" hai2="47,85,4,37,38,123,83,72,8,105,39,80,121" hai3="125,61,109,42,116,44,33,124,45,86,52,35,96"/><T2/><D75/><U51/><E119/><V134/><F105/><W57/><G109/><T66/><D55/><U25/><E110/><V59/><F134/><W68/><G116/><T71/><D111/><U114/><E114/><V9/><F9/><W93/><G86/><T48/><D48/><U131/><E131/><V113/><F113/><W104/><G104/><T120/><D71/><U36/><E36/><V130/><F130/><W1/><G1/><T82/><D82/><U87/><E74/><V54/><F72/><W118/><G68/><T11/><D120/><U91/><E78/><V58/><F47/><W32/><G118/><T7/><D7/><U5/><E101/><V53/><F59/><W49/><REACH who="3" step="1"/><G44/><REACH who="3" ten="230,283,164,313" step="2"/><T73/><D73/><U63/><E135/><V99/><F85/><W12/><G12/><N who="0" m="9479" /><D30/><U46/><E133/><V19/><F123/><W40/><G40/><T108/><D108/><U79/><E79/><V62/><F121/><W132/><G132/><T27/><D27/><U117/><E117/><V15/><F15/><W92/><G92/><T106/><D106/><U28/><E14/><V129/><F83/><W100/><AGARI ba="1,1" hai="32,33,35,42,45,49,52,57,61,93,96,100,124,125" machi="100" ten="40,5200,0" yaku="1,1,0,1,54,1,53,0" doraHai="20" doraHaiUra="21" who="3" fromWho="3" sc="230,-27,283,-14,164,-14,313,65" /><INIT seed="5,0,0,4,2,43" ten="203,269,150,378" oya="1" hai0="125,78,46,47,82,66,33,100,134,88,103,10,34" hai1="24,112,116,23,39,5,109,110,108,49,107,68,126" hai2="30,81,129,120,42,89,19,74,80,62,1,111,135" hai3="113,84,50,7,79,119,75,70,102,45,98,118,69"/><U99/><E116/><N who="3" m="44586" /><G113/><T11/><D125/><U3/><E126/><V85/><F111/><W67/><G75/><T36/><D134/><U8/><E112/><V18/><F1/><W65/><G7/><T52/><D66/><N who="3" m="25097" /><G84/><N who="0" m="50199" /><D36/><U26/><E68/><V27/><F120/><W97/><G79/><T71/><D33/><U28/><E39/><V90/><F135/><W105/><G98/><T57/><D34/><U60/><E60/><V117/><F117/><W131/><G131/><T21/><D21/><U64/><E64/><V59/><F129/><W83/><G83/><T86/><D71/><U114/><E114/><V92/><F74/><W123/><G123/><T13/><D86/><U35/><E99/><V58/><F81/><W54/><AGARI ba="0,0" hai="45,50,54,69,70,97,102,105" m="25097,44586" machi="54" ten="30,2000,0" yaku="12,1,52,1" doraHai="43" who="3" fromWho="3" sc="203,-5,269,-10,150,-5,378,20" /><INIT seed="6,0,0,0,0,135" ten="198,259,145,398" oya="2" hai0="55,68,47,101,94,30,75,84,123,16,2,32,62" hai1="46,4,117,98,42,66,131,115,49,25,13,130,102" hai2="112,77,118,72,41,104,21,10,127,67,18,60,105" hai3="122,50,26,92,63,3,35,88,8,45,19,87,96"/><V120/><F118/><W34/><G122/><T39/><D75/><U33/><E117/><V95/><F120/><W61/><G35/><T74/><D74/><U111/><E111/><V44/><F10/><W79/><G3/><T38/><D2/><U114/><E66/><V93/><F112/><N who="1" m="43049" /><E33/><V86/><F72/><W48/><G48/><T106/><D123/><U109/><E109/><V110/><F110/><W107/><G34/><T128/><D128/><U20/><E13/><V6/><F6/><W100/><G79/><T121/><D106/><N who="1" m="63831" /><E4/><V83/><F127/><W12/><G26/><T27/><D121/><U134/><E134/><V37/><F105/><W56/><G56/><T52/><D68/><U89/><E89/><V126/><F126/><W71/><G71/><T65/><D65/><U43/><E43/><AGARI ba="0,0" hai="8,12,19,43,45,50,61,63,87,88,92,96,100,107" machi="43" ten="30,2000,0" yaku="7,1,54,1" doraHai="135" who="3" fromWho="1" sc="198,0,259,-20,145,0,398,20" /><INIT seed="7,0,0,0,0,34" ten="198,239,145,418" oya="3" hai0="21,104,3,8,26,118,16,22,89,38,69,32,120" hai1="94,119,66,46,84,30,62,85,53,92,0,65,25" hai2="124,2,115,29,131,99,97,80,114,41,74,5,100" hai3="56,10,67,37,61,47,134,31,117,113,130,128,77"/><W88/><G117/><T33/><D38/><U50/><E0/><V15/><F29/><W135/><G77/><T121/><D89/><U42/><E119/><V60/><F60/><W86/><G113/><T48/><D48/><U18/><E42/><V102/><F41/><N who="3" m="22959" /><G31/><N who="0" m="17879" /><D104/><U76/><E65/><V116/><F116/><W58/><G10/><T12/><D69/><U17/><E17/><V112/><F15/><W20/><G20/><T82/><D82/><U75/><E75/><V19/><F19/><W90/><G58/><T123/><D118/><U36/><E36/><V43/><F43/><W68/><G90/><T64/><D64/><U79/><E18/><V6/><F6/><AGARI ba="0,0" hai="3,6,8,12,16,21,32,33,120,121,123" m="17879" machi="6" ten="30,7700,0" yaku="34,2,52,1,54,1" doraHai="34" who="0" fromWho="2" sc="198,77,239,0,145,-77,418,0" owari="275,8.0,239,-16.0,68,-43.0,418,51.0" /></mjloggm>