<mjloggm ver="2.3"><GO type="225" lobby="0"/><UN n0="%E3%81%A9%E3%82%8F%E3%82%93%E3%81%94" n1="%E3%83%A1%E3%82%AC%E3%83%87%E3%82%B8" n2="%E5%85%94%E6%96%AF%E5%9F%BA" n3="%E3%81%86%E3%81%87%E3%81%A3%E3%81%B8%E3%81%A3%E3%81%B8%77" dan="17,17,16,16" rate="2213.46,2190.65,2044.78,2100.20" sx="M,M,M,M"/><TAIKYOKU oya="0"/><INIT seed="0,0,0,0,5,107" ten="250,250,250,250" oya="0" hai0="78,99,46,35,85,5,50,97,91,34,104,29,83" hai1="119,101,15,12,82,18,121,6,1,62,130,41,60" hai2="53,57,96,75,32,90,72,51,39,54,7,71,55" hai3="110,28,40,131,122,120,25,52,48,3,109,76,65"/><T8/><D29/><U16/><E119/><V43/><F32/><W10/><G40/><T73/><D99/><U70/><E121/><N who="3" m="46698" /><G65/><T23/><D23/><U112/><E130/><V100/><F7/><N who="3" m="1407" /><G131/><T111/><D111/><N who="3" m="42505" /><G76/><T84/><D84/><U126/><E41/><V11/><F71/><W67/><G67/><T74/><D35/><U27/><E70/><V108/><F108/><W63/><G63/><T45/><D34/><U81/><E62/><V30/><F53/><W44/><G25/><T103/><D91/><U133/><E60/><V87/><F55/><W129/><G129/><T31/><D46/><U19/><E27/><V113/><F87/><W13/><G13/><T42/><D31/><AGARI ba="0,0" hai="28,31,44,48,52" m="42505,1407,46698" machi="31" ten="30,3900,0" yaku="13,1,14,1,54,1" doraHai="107" who="3" fromWho="0" sc="250,-39,250,0,250,0,250,39" /><INIT seed="1,0,0,0,0,74" ten="211,250,250,289" oya="1" hai0="27,94,126,95,62,44,115,109,51,0,16,129,42" hai1="40,100,29,89,105,121,32,48,46,107,87,3,35" hai2="85,80,133,9,123,13,112,132,78,61,21,56,34" hai3="38,33,49,88,134,69,17,18,2,11,39,90,77"/><U71/><E121/><V104/><F34/><W128/><G69/><T37/><D109/><U103/><E3/><V65/><F123/><W67/><G67/><T43/><D129/><U125/><E71/><V7/><F112/><W118/><G33/><T72/><D126/><U57/><E125/><V64/><F104/><W81/><G128/><T93/><D115/><U58/><E107/><V53/><REACH who="2" step="1"/><F21/><REACH who="2" ten="211,250,240,289" step="2"/><W5/><G118/><T66/><D95/><U91/><E105/><V76/><F76/><W124/><G124/><T1/><D94/><U20/><E35/><V10/><F10/><W26/><G134/><AGARI ba="0,1" hai="7,9,13,53,56,61,64,65,78,80,85,132,133,134" machi="134" ten="40,5200,0" yaku="1,1,20,1,52,1,53,0" doraHai="74" doraHaiUra="68" who="2" fromWho="3" sc="211,0,250,0,240,62,289,-52" /><INIT seed="2,0,0,1,1,118" ten="211,250,302,237" oya="2" hai0="4,14,82,60,10,75,104,23,2,35,77,59,73" hai1="48,124,66,126,52,42,36,132,123,27,101,5,134" hai2="127,62,20,85,63,11,95,13,3,30,64,1,16" hai3="106,114,37,38,22,9,76,41,119,92,33,107,90"/><V93/><F127/><N who="1" m="48681" /><E5/><V15/><F1/><W78/><G119/><T56/><D104/><U34/><E101/><V83/><F3/><W17/><G33/><T91/><D91/><U40/><E123/><V103/><F103/><W18/><G114/><T79/><D35/><U80/><E80/><V43/><F43/><N who="1" m="16425" /><E36/><V57/><F63/><W28/><G107/><T133/><D133/><N who="1" m="51307" /><E66/><V68/><F83/><W108/><G106/><T120/><D79/><U24/><E34/><V67/><F67/><W46/><G38/><T65/><D75/><U47/><AGARI ba="0,0" hai="24,27,47,48,52" m="51307,16425,48681" machi="47" ten="40,5200,0" yaku="18,1,20,1,54,1" doraHai="118" who="1" fromWho="1" sc="211,-13,250,52,302,-26,237,-13" /><INIT seed="3,0,0,0,0,115" ten="198,302,276,224" oya="3" hai0="32,53,70,66,26,9,23,106,44,111,122,6,87" hai1="12,64,63,57,20,124,123,89,50,78,94,5,82" hai2="56,1,83,10,39,42,24,116,67,109,120,79,21" hai3="11,119,103,75,37,88,99,15,27,107,52,80,69"/><W22/><G119/><T81/><D111/><U65/><E124/><V0/><F116/><W130/><G130/><T129/><D129/><U25/><E123/><V92/><F109/><W40/><G69/><T90/><D122/><U29/><E50/><V76/><F76/><W93/><G37/><T134/><D134/><U4/><E65/><V108/><F108/><W110/><G40/><T60/><D106/><U54/><E64/><V113/><F113/><W30/><G110/><T61/><D32/><U86/><E12/><V102/><F42/><W131/><G131/><T43/><D53/><U96/><AGARI ba="0,0" hai="4,5,20,25,29,54,57,63,78,82,86,89,94,96" machi="96" ten="20,2700,0" yaku="0,1,7,1,8,1" doraHai="115" who="1" fromWho="1" sc="198,-7,302,27,276,-7,224,-13" owari="191,-31.0,329,43.0,269,7.0,211,-19.0" /></mjloggm>