<mjloggm ver="2.3"><GO type="169" lobby="0"/><UN n0="%74%2E%6F%2E%6F%2E%73" n1="%44%65%78%69%63" n2="%E3%81%BF%E3%83%BC%E3%81%94%E3%81%BE" n3="%E8%B0%B7%E5%8F%A3%E3%81%93%E3%81%86%E3%81%B8%E3%81%84" dan="18,17,18,18" rate="2263.01,2234.87,2194.40,2305.62" sx="M,M,F,M"/><TAIKYOKU oya="0"/><INIT seed="0,0,0,1,0,57" ten="250,250,250,250" oya="0" hai0="129,103,133,98,52,91,86,100,30,73,101,105,123" hai1="106,87,76,115,35,71,81,66,42,60,47,99,59" hai2="125,56,114,116,43,37,15,25,49,41,79,6,126" hai3="19,11,20,27,26,85,17,77,13,62,65,29,14"/><T112/><D112/><U9/><E115/><V111/><F114/><W113/><G113/><RYUUKYOKU type="kaze4" ba="0,0" sc="250,0,250,0,250,0,250,0" /><INIT seed="0,1,0,5,3,40" ten="250,250,250,250" oya="0" hai0="95,39,46,92,118,67,16,69,59,80,0,13,130" hai1="38,117,75,60,72,106,58,41,29,42,120,73,51" hai2="90,71,27,62,74,133,105,86,98,127,123,3,54" hai3="78,111,68,23,89,36,114,49,103,131,32,116,108"/><T110/><D118/><U109/><E117/><V79/><F123/><W113/><G116/><T112/><D112/><U93/><E106/><V45/><F133/><W9/><G32/><T76/><D0/><U83/><E120/><V96/><F127/><W88/><G36/><T97/><D130/><U17/><E109/><N who="3" m="42058" /><G68/><T25/><D110/><U125/><E125/><V10/><F74/><W53/><G131/><T8/><D69/><U33/><E38/><V128/><F79/><W28/><G103/><T65/><D25/><U20/><E29/><V121/><F128/><W119/><G78/><T64/><D59/><U61/><E83/><V134/><F121/><W129/><G129/><T35/><D35/><U126/><E33/><V100/><F134/><W50/><G50/><T82/><D76/><U85/><E126/><V63/><F27/><N who="3" m="16511" /><G9/><T30/><D30/><U31/><E51/><V26/><F71/><W132/><G132/><T55/><D92/><U66/><E61/><V70/><F70/><W101/><G101/><N who="0" m="60607" /><D39/><U18/><E31/><V34/><F34/><W37/><G37/><T87/><D87/><U84/><E84/><V115/><F115/><N who="3" m="44043" /><G119/><T4/><D4/><U52/><E72/><V56/><F100/><W19/><G19/><T12/><D12/><N who="1" m="9255" /><E18/><V14/><F105/><W57/><AGARI ba="1,0" hai="49,53,57,88,89" m="44043,16511,42058" machi="57" ten="30,2000,0" yaku="14,1,54,1" doraHai="40" who="3" fromWho="3" sc="250,-11,250,-6,250,-6,250,23" /><INIT seed="1,0,0,5,0,23" ten="239,244,244,273" oya="1" hai0="87,75,39,28,79,31,99,88,53,33,38,4,64" hai1="20,82,132,61,116,73,51,103,1,43,30,125,11" hai2="68,113,133,69,109,7,67,63,58,10,40,110,18" hai3="128,94,22,34,120,48,56,24,117,19,129,65,118"/><U126/><E116/><N who="3" m="44650" /><G120/><T46/><D64/><U77/><E132/><V0/><F133/><W12/><G94/><T89/><D4/><U119/><E119/><V114/><F40/><W70/><G70/><T91/><D75/><U32/><E32/><V115/><REACH who="2" step="1"/><F18/><REACH who="2" ten="239,244,234,273" step="2"/><W62/><G48/><T92/><D38/><U50/><E50/><V71/><AGARI ba="0,1" hai="0,7,10,58,63,67,68,69,71,109,110,113,114,115" machi="71" ten="40,8000,1" yaku="1,1,2,1,0,1,11,1,53,0" doraHai="23" doraHaiUra="134" who="2" fromWho="2" sc="239,-20,244,-40,234,90,273,-20" /><INIT seed="2,0,0,0,1,118" ten="219,204,324,253" oya="2" hai0="111,22,127,35,50,64,121,131,103,23,26,88,83" hai1="73,13,62,69,30,102,129,71,108,72,33,10,84" hai2="74,9,85,14,49,4,19,24,37,20,112,61,25" hai3="27,101,66,47,34,57,56,46,135,48,8,89,133"/><V52/><F112/><W114/><G101/><T120/><D103/><U124/><E108/><V94/><F74/><W45/><G8/><T2/><D2/><U81/><E124/><V87/><F37/><W39/><G89/><T68/><D35/><U98/><E129/><V95/><F61/><N who="3" m="38183" /><G27/><T67/><D50/><U96/><E96/><V113/><F113/><W91/><G91/><T44/><D44/><N who="3" m="17001" /><G34/><T15/><D111/><U43/><E43/><V59/><REACH who="2" step="1"/><F25/><REACH who="2" ten="219,204,314,253" step="2"/><W132/><G114/><T51/><D26/><U65/><E73/><V38/><F38/><W60/><G39/><T31/><D131/><U32/><E72/><V105/><F105/><W3/><G135/><T126/><D126/><U21/><E33/><V79/><F79/><W117/><G117/><T128/><D127/><U55/><E32/><V99/><F99/><W106/><G106/><T107/><D107/><U125/><E125/><V63/><F63/><W6/><G133/><T17/><D128/><U54/><E98/><V28/><F28/><W1/><G60/><T18/><D31/><U0/><E62/><V123/><F123/><W77/><G77/><T75/><D75/><U134/><E134/><V115/><F115/><W86/><G132/><T104/><D104/><U16/><E65/><N who="0" m="25161" /><D68/><U78/><E69/><V82/><F82/><W119/><G119/><T11/><D51/><U76/><E71/><V36/><F36/><W29/><G29/><T53/><D83/><N who="1" m="47207" /><E30/><V116/><F116/><W130/><G130/><T7/><D53/><U93/><E55/><V92/><AGARI ba="0,1" hai="4,9,14,19,20,24,49,52,59,85,87,92,94,95" machi="92" ten="30,18000,2" yaku="1,1,0,1,8,1,54,1,53,2" doraHai="118" doraHaiUra="80" who="2" fromWho="2" sc="219,-60,204,-60,314,190,253,-60" /><INIT seed="2,1,0,2,1,21" ten="159,144,504,193" oya="2" hai0="27,72,94,55,63,60,67,32,117,91,131,119,48" hai1="133,44,70,10,83,37,71,100,88,24,89,47,59" hai2="26,50,46,102,112,54,49,109,19,1,58,3,107" hai3="116,113,22,11,30,108,78,86,118,16,87,98,120"/><V57/><F112/><W51/><G120/><T93/><D72/><U82/><E100/><V61/><F109/><W41/><G108/><T74/><D74/><U62/><E133/><V9/><F102/><W105/><G113/><T79/><D79/><U6/><E37/><V115/><F107/><W33/><G33/><T84/><D94/><U14/><E70/><V101/><F101/><W4/><G30/><N who="0" m="19551" /><D67/><U5/><E71/><V134/><F134/><W18/><G105/><T69/><D69/><U42/><E6/><V12/><F115/><W34/><G34/><T127/><D131/><U96/><E24/><V39/><F26/><W68/><G98/><T31/><D31/><U35/><E35/><V99/><F99/><W8/><G78/><T129/><D127/><U81/><E96/><V53/><REACH who="2" step="1"/><F39/><REACH who="2" ten="159,144,494,193" step="2"/><W45/><G116/><N who="0" m="44619" /><D129/><U43/><E89/><V121/><F121/><W76/><G118/><T65/><D65/><AGARI ba="1,1" hai="1,3,9,12,19,46,49,50,53,54,57,58,61,65" machi="65" ten="30,2900,0" yaku="1,1,7,1,53,0" doraHai="21" doraHaiUra="106" who="2" fromWho="0" sc="159,-32,144,0,494,42,193,0" /><INIT seed="2,2,0,1,0,108" ten="127,144,536,193" oya="2" hai0="129,132,74,43,31,128,107,114,61,42,84,105,123" hai1="53,124,16,15,95,94,8,73,40,126,35,38,3" hai2="116,133,6,109,125,68,122,70,27,75,76,50,12" hai3="99,121,69,32,47,58,48,24,13,117,113,29,17"/><V97/><F122/><W79/><G121/><T19/><D123/><U127/><E73/><V46/><F116/><W39/><G69/><T64/><D74/><U44/><E35/><V135/><F125/><W67/><G117/><T49/><D132/><N who="2" m="50762" /><F109/><W18/><G79/><T71/><D31/><U36/><E36/><V88/><F27/><W119/><G119/><T106/><D84/><U55/><E3/><V22/><F76/><W78/><G78/><T26/><D49/><U5/><E5/><V41/><F75/><W30/><G30/><T4/><D4/><U96/><REACH who="1" step="1"/><E94/><REACH who="1" ten="127,134,536,193" step="2"/><N who="2" m="56519" /><F6/><W10/><G32/><T0/><D0/><U60/><E60/><V85/><F85/><W45/><G39/><T131/><REACH who="0" step="1"/><D114/><REACH who="0" ten="117,134,536,193" step="2"/><U82/><E82/><V118/><F118/><W59/><G113/><T89/><D89/><AGARI ba="2,2" hai="8,15,16,38,40,44,53,55,89,95,96,124,126,127" machi="89" ten="40,5200,0" yaku="1,1,18,1,54,1,53,0" doraHai="108" doraHaiUra="104" who="1" fromWho="0" sc="117,-58,134,78,536,0,193,0" /><INIT seed="3,0,0,3,0,109" ten="59,212,536,193" oya="3" hai0="23,104,64,28,96,132,41,74,18,7,78,25,49" hai1="42,3,40,69,93,8,26,19,123,87,31,82,63" hai2="51,50,62,129,58,113,43,16,54,1,119,103,55" hai3="0,14,20,29,21,133,107,38,112,117,99,121,83"/><W114/><G117/><T72/><D132/><U11/><E123/><V116/><F1/><W48/><G38/><T67/><D7/><U36/><E93/><V39/><F103/><W12/><G121/><T6/><D6/><U127/><E127/><V89/><F89/><W134/><G0/><T66/><D104/><U52/><E69/><V86/><F86/><W111/><G48/><T46/><D96/><U53/><E3/><V57/><F129/><W71/><G71/><T47/><D78/><U68/><E68/><V24/><F113/><N who="3" m="43627" /><G83/><T45/><D74/><U110/><E36/><V77/><F62/><W130/><G99/><T9/><REACH who="0" step="1"/><D72/><REACH who="0" ten="49,212,536,193" step="2"/><U80/><E87/><V97/><F97/><W56/><G107/><T2/><D2/><U76/><E76/><V92/><F77/><W88/><G130/><T126/><D126/><U91/><E91/><V90/><F90/><W70/><G88/><T22/><D22/><U17/><E80/><V60/><F92/><W95/><G95/><T98/><D98/><U102/><E82/><V135/><F119/><W73/><G73/><T115/><D115/><U105/><E105/><V27/><F116/><W65/><G21/><T15/><AGARI ba="0,1" hai="9,15,18,23,25,28,41,45,46,47,49,64,66,67" machi="15" ten="30,4000,0" yaku="1,1,0,1,8,1,53,0" doraHai="109" doraHaiUra="106" who="0" fromWho="0" sc="49,50,212,-10,536,-10,193,-20" /><INIT seed="4,0,0,2,2,46" ten="99,202,526,173" oya="0" hai0="105,26,23,116,90,66,99,93,63,117,11,102,73" hai1="57,132,95,100,96,68,31,32,18,39,4,135,124" hai2="87,15,106,85,44,14,125,54,21,42,30,104,1" hai3="107,35,115,13,17,38,84,76,92,81,88,19,50"/><T25/><D73/><U40/><E68/><V83/><F1/><W45/><G115/><T27/><D11/><U80/><E124/><V43/><F125/><W61/><G35/><T74/><D74/><U118/><E118/><V127/><F127/><W62/><G38/><T47/><D47/><U56/><E39/><V101/><F54/><N who="3" m="30031" /><G107/><T75/><D75/><U91/><E40/><V60/><F60/><N who="3" m="23147" /><G13/><T59/><REACH who="0" step="1"/><D23/><REACH who="0" ten="89,202,526,173" step="2"/><U133/><E4/><V2/><F21/><W78/><G78/><T22/><D22/><U97/><E32/><V24/><F44/><W69/><G69/><T51/><D51/><U111/><E57/><V36/><F36/><W94/><G94/><T28/><D28/><U77/><E31/><V33/><F30/><W108/><G108/><T120/><D120/><U16/><E56/><V89/><F33/><W71/><G71/><T48/><D48/><U122/><E122/><V112/><F106/><W113/><G113/><T41/><D41/><U20/><E111/><V134/><F42/><W8/><G8/><T6/><D6/><U129/><E20/><V110/><F43/><W0/><G0/><T119/><D119/><U103/><E18/><V131/><F2/><W3/><G3/><T64/><D64/><U123/><E16/><V86/><F110/><W65/><G65/><T67/><D67/><U52/><E123/><V7/><F104/><W55/><G55/><T70/><D70/><U49/><E52/><V109/><F109/><W5/><G5/><T12/><D12/><U53/><E53/><V34/><F15/><W10/><G10/><RYUUKYOKU ba="0,1" sc="89,15,202,-15,526,-15,173,15" hai0="25,26,27,59,63,66,90,93,99,102,105,116,117" hai3="17,19,76,81,84,88,92" /><INIT seed="4,1,1,5,3,105" ten="104,187,511,188" oya="0" hai0="86,54,71,27,29,61,33,7,48,135,112,100,62" hai1="104,119,19,41,38,10,34,101,131,56,28,22,129" hai2="95,69,47,13,31,72,40,30,128,79,74,130,66" hai3="118,80,97,2,96,108,76,121,98,82,50,25,44"/><T16/><D112/><U78/><E119/><V4/><F95/><W133/><G108/><T9/><D135/><U39/><E10/><N who="2" m="4295" /><F66/><W32/><G118/><T58/><D100/><U111/><E28/><V84/><F69/><W102/><G2/><T123/><D123/><U49/><E34/><V46/><F84/><W36/><G36/><T12/><D71/><U59/><E22/><V70/><F47/><W23/><G32/><T73/><D73/><U85/><E19/><V63/><F63/><W81/><G133/><T94/><REACH who="0" step="1"/><D7/><REACH who="0" ten="94,187,511,188" step="2"/><U126/><E101/><V57/><F70/><W90/><G121/><T115/><D115/><U117/><E117/><V24/><F72/><W99/><G102/><T64/><D64/><U21/><E104/><V91/><F74/><W20/><G76/><T87/><D87/><U15/><E85/><V18/><F79/><W88/><G97/><T37/><D37/><U3/><E78/><V60/><F130/><W132/><G132/><T116/><D116/><U35/><E38/><V45/><F128/><W103/><G103/><T124/><D124/><U125/><E39/><V51/><F91/><AGARI ba="1,2" hai="9,12,16,27,29,33,48,54,58,61,62,86,91,94" machi="91" ten="40,3900,0" yaku="1,1,54,1,53,0" doraHai="105" doraHaiUra="109" who="0" fromWho="2" sc="94,62,187,0,511,-42,188,0" /><INIT seed="4,2,0,0,3,101" ten="156,187,469,188" oya="0" hai0="12,131,115,87,2,126,59,102,93,116,50,62,38" hai1="67,1,56,25,73,134,64,82,111,29,74,60,119" hai2="90,51,49,112,3,34,95,84,125,123,108,35,122" hai3="89,114,57,4,19,86,129,5,124,40,65,8,80"/><T121/><D116/><U91/><E111/><V15/><F3/><W79/><G114/><T68/><D121/><U135/><E1/><V31/><F108/><W18/><G129/><T106/><D115/><U118/><E67/><V9/><F112/><W10/><G124/><T77/><D2/><U127/><E127/><V117/><F125/><W37/><G37/><T97/><D126/><U17/><E17/><N who="3" m="6154" /><G40/><T14/><D38/><U130/><E130/><V53/><F51/><W47/><G47/><T105/><D131/><U113/><E113/><V16/><F117/><N who="1" m="44553" /><E91/><V88/><F90/><W11/><G89/><T98/><D68/><U85/><E85/><V109/><F109/><W39/><G39/><T24/><D50/><U20/><E82/><V30/><F30/><W83/><G83/><T104/><D24/><U75/><E75/><V43/><F43/><W54/><G65/><T28/><D28/><U44/><E44/><V33/><REACH who="2" step="1"/><F31/><REACH who="2" ten="156,187,459,188" step="2"/><W61/><AGARI ba="2,1" hai="4,5,8,10,11,54,57,61,79,80,86" m="6154" machi="61" ten="30,1100,0" yaku="8,1" doraHai="101" who="3" fromWho="3" sc="156,-7,187,-5,459,-5,188,27" /><INIT seed="5,0,0,0,2,40" ten="149,182,454,215" oya="1" hai0="100,18,84,5,35,88,111,68,23,119,30,16,82" hai1="66,42,29,72,110,87,70,81,117,58,94,95,96" hai2="57,102,50,14,2,15,67,41,91,47,113,44,6" hai3="17,132,109,28,98,101,118,105,123,131,129,114,12"/><U126/><E126/><V86/><F113/><W0/><G123/><T122/><D111/><U33/><E117/><V97/><F2/><W64/><G109/><T32/><D119/><U71/><E72/><V85/><F86/><W25/><G118/><T20/><D68/><U112/><E112/><V125/><F6/><W27/><G114/><T130/><D130/><N who="3" m="49673" /><G0/><T61/><D122/><U62/><E110/><V78/><F78/><W46/><G132/><T63/><D5/><U51/><E29/><V9/><F9/><W10/><G64/><T76/><D100/><U124/><E33/><V21/><F21/><W24/><G46/><T108/><D108/><U11/><E11/><V77/><F47/><W115/><G115/><T83/><D30/><AGARI ba="0,0" hai="10,12,17,24,25,27,28,30,98,101,105" m="49673" machi="30" ten="30,1000,0" yaku="19,1" doraHai="40" who="3" fromWho="0" sc="149,-10,182,0,454,0,215,10" /><INIT seed="6,0,0,5,1,45" ten="139,182,454,225" oya="2" hai0="78,36,33,26,21,85,112,53,20,1,38,10,23" hai1="66,48,93,70,82,49,94,76,42,98,73,134,99" hai2="127,64,67,57,6,63,115,29,92,88,34,72,43" hai3="106,11,69,24,77,89,65,130,87,27,133,44,114"/><V7/><F72/><W90/><G106/><T81/><D112/><U129/><E42/><V95/><F127/><W131/><G133/><T100/><D100/><U55/><E134/><V5/><F115/><W37/><G114/><T39/><D53/><U79/><E129/><N who="3" m="49162" /><G77/><T108/><D108/><U128/><E128/><V61/><F43/><N who="3" m="22639" /><G89/><T103/><D103/><U68/><E55/><V97/><F29/><W40/><G40/><T32/><REACH who="0" step="1"/><D26/><REACH who="0" ten="129,182,454,225" step="2"/><U84/><E66/><V75/><F67/><W101/><G101/><T119/><D119/><U60/><E60/><V0/><F64/><W104/><G65/><T86/><D86/><U121/><E84/><V107/><F63/><W116/><G116/><T126/><D126/><U71/><E121/><V83/><F61/><W132/><G27/><T31/><D31/><U35/><E71/><V91/><F75/><W62/><G24/><T46/><D46/><U111/><E73/><V56/><F107/><W96/><G62/><T59/><D59/><U125/><E125/><V124/><F57/><W122/><G69/><T15/><D15/><U74/><E74/><V17/><F56/><W25/><G25/><T19/><D19/><U30/><E30/><V110/><F17/><W13/><G87/><T14/><D14/><U4/><E111/><V123/><F110/><W58/><G58/><T117/><D117/><U18/><E18/><V118/><F124/><W2/><G13/><T41/><D41/><U135/><E135/><V50/><F118/><W12/><G132/><T22/><N who="0" m="5120" /><DORA hai="52" /><T113/><D113/><U16/><E70/><RYUUKYOKU ba="0,1" sc="129,30,182,-10,454,-10,225,-10" hai0="1,10,32,33,36,38,39,78,81,85" /><INIT seed="7,1,1,0,1,38" ten="159,172,444,215" oya="3" hai0="66,29,119,95,134,32,72,53,113,98,107,121,76" hai1="64,48,27,83,99,82,3,47,91,89,18,118,128" hai2="21,55,13,85,109,75,115,43,127,35,34,12,50" hai3="100,6,46,58,88,106,68,87,132,73,16,23,4"/><W37/><G68/><T96/><D119/><U60/><E3/><V33/><F75/><W70/><G70/><T117/><D117/><U131/><E118/><V92/><F109/><W41/><G73/><T36/><D121/><U104/><E18/><V0/><F127/><W81/><G132/><T125/><D36/><U39/><E39/><V110/><F115/><W133/><G133/><T30/><D134/><U9/><E9/><V105/><F0/><W54/><G100/><T45/><D66/><U2/><E27/><V114/><F105/><W31/><G31/><T49/><D125/><U42/><E2/><V78/><F114/><W52/><G54/><T80/><D113/><U67/><E67/><V90/><F78/><W103/><G103/><T44/><D44/><U63/><E63/><V116/><F55/><W65/><G106/><T11/><D32/><U26/><E26/><V102/><F102/><W94/><G81/><N who="1" m="30730" /><E99/><V84/><F85/><W124/><G65/><T61/><D61/><U101/><E101/><V123/><F90/><W20/><G20/><T77/><D77/><U25/><E25/><V69/><F92/><W22/><G22/><T93/><D107/><U129/><E104/><V1/><F35/><W62/><G124/><T51/><D51/><U130/><N who="1" m="32768" /><DORA hai="10" /><U15/><E15/><AGARI ba="1,1" hai="4,6,15,16,23,37,41,46,52,58,62,87,88,94" machi="15" ten="30,18000,2" yaku="7,1,52,2,54,3" doraHai="38,10" who="3" fromWho="1" sc="159,0,172,-183,444,0,215,193" owari="159,-24.0,-11,-51.0,444,54.0,408,21.0" /></mjloggm>