<mjloggm ver="2.3"><GO type="185" lobby="0"/><UN n0="%62%69%74%74%65%72%74" n1="%64%73%61%6E" n2="%E3%81%A0%E3%81%83" n3="" dan="18,16,16,0" rate="2302.38,2197.48,2156.90,1500.00" sx="M,M,M,C"/><TAIKYOKU oya="0"/><INIT seed="0,0,0,5,2,86" ten="350,350,350,0" oya="0" hai0="124,118,1,85,97,128,66,37,0,110,52,132,78" hai1="3,62,50,121,114,112,105,39,79,102,60,134,117" hai2="91,49,83,61,131,129,45,67,99,75,104,76,130" hai3=""/><T93/><D37/><U71/><N who="1" m="31008" /><U48/><E3/><V55/><F104/><T43/><D118/><U68/><E117/><V123/><N who="2" m="31520" /><V58/><F99/><T81/><D43/><U127/><E105/><V38/><F38/><T90/><D132/><U80/><E102/><V72/><F75/><T125/><D128/><U120/><N who="1" m="30752" /><U95/><E95/><V51/><F51/><T56/><D66/><U65/><E134/><V44/><REACH who="2" step="1"/><F91/><REACH who="2" ten="350,350,340,0" step="2"/><T32/><D32/><U107/><E107/><V59/><AGARI ba="0,1" hai="44,45,49,55,58,59,61,67,72,76,83,129,130,131" m="31520" machi="59" ten="30,9000,2" yaku="1,1,2,1,0,1,19,1,52,1,53,1" doraHai="86" doraHaiUra="57" who="2" fromWho="2" sc="350,-60,350,-30,340,100,0,0" /><INIT seed="1,0,0,1,3,50" ten="290,320,440,0" oya="1" hai0="53,32,92,72,107,51,44,52,63,55,112,121,85" hai1="80,128,42,87,110,93,33,99,41,38,71,81,43" hai2="68,57,35,34,94,0,46,60,134,79,130,109,73" hai3=""/><U105/><E33/><V84/><F0/><T120/><N who="0" m="30752" /><T39/><N who="0" m="31008" /><T37/><D107/><U133/><E133/><V47/><F68/><T96/><D72/><U111/><E128/><V101/><F130/><T108/><D32/><U77/><E71/><V125/><F134/><T40/><D112/><U89/><E105/><V113/><F109/><N who="1" m="41481" /><E81/><V97/><F113/><T106/><D108/><U98/><E38/><V119/><F119/><T127/><D127/><U116/><E116/><V135/><F135/><T70/><D85/><AGARI ba="0,0" hai="41,42,43,77,80,85,87,89,93,98,99" m="41481" machi="85" ten="30,2900,0" yaku="14,1,10,1" doraHai="50" who="1" fromWho="0" sc="290,-29,320,29,440,0,0,0" /><INIT seed="1,1,0,1,5,1" ten="261,349,440,0" oya="1" hai0="108,111,133,50,54,125,76,105,90,0,55,59,38" hai1="93,58,3,109,92,71,74,79,35,49,86,81,127" hai2="98,82,113,123,118,52,110,43,69,120,34,53,91" hai3=""/><U135/><E3/><V32/><N who="2" m="30752" /><V100/><N who="2" m="31520" /><V134/><F118/><T116/><D105/><U121/><N who="1" m="31008" /><U56/><E71/><V126/><F110/><T46/><D76/><U124/><E109/><N who="0" m="42057" /><D90/><U87/><E135/><V97/><F69/><T2/><D2/><U115/><E115/><V131/><F134/><T62/><D0/><U61/><E49/><V72/><F113/><T130/><D133/><U83/><E79/><V96/><F131/><T112/><D112/><U68/><E68/><V44/><F126/><T66/><D125/><U88/><E61/><V48/><F72/><T73/><D73/><U104/><E104/><V36/><F53/><T106/><D106/><U67/><E74/><V99/><F82/><T39/><D130/><U47/><E47/><V132/><F132/><T60/><D116/><U42/><E42/><V70/><F70/><AGARI ba="1,0" hai="38,39,46,50,54,55,59,60,62,66,70" m="42057" machi="70" ten="30,3900,0" yaku="14,1,34,2" doraHai="1" who="0" fromWho="2" sc="261,41,349,0,440,-41,0,0" /><INIT seed="2,0,0,2,5,121" ten="302,349,399,0" oya="2" hai0="117,80,60,108,86,72,3,107,93,91,106,70,124" hai1="44,118,2,111,73,122,64,88,69,109,48,103,82" hai2="53,35,47,49,96,66,32,133,77,61,90,1,131" hai3=""/><V92/><F1/><T56/><D70/><U113/><N who="1" m="31264" /><U34/><E2/><V134/><F77/><T97/><D3/><U75/><E113/><V114/><F114/><T50/><D117/><U41/><E34/><V67/><F131/><T38/><D38/><U71/><E118/><V132/><REACH who="2" step="1"/><F67/><REACH who="2" ten="302,349,389,0" step="2"/><T101/><D124/><U105/><E64/><V59/><AGARI ba="0,1" hai="32,35,47,49,53,59,61,66,90,92,96,132,133,134" machi="59" ten="30,8000,1" yaku="1,1,2,1,0,1,20,1,53,1" doraHai="121" doraHaiUra="46" who="2" fromWho="2" sc="302,-40,349,-40,389,90,0,0" /><INIT seed="2,1,0,0,3,107" ten="262,309,479,0" oya="2" hai0="84,47,57,88,39,35,93,36,126,60,52,110,129" hai1="85,72,75,37,83,78,53,65,94,132,67,98,104" hai2="0,115,99,135,69,111,49,102,87,133,113,124,103" hai3=""/><V73/><F69/><T40/><D35/><U33/><E33/><V68/><F68/><T112/><D129/><U62/><E132/><N who="2" m="50763" /><F0/><T70/><D126/><U86/><E37/><V64/><F64/><T96/><D110/><U77/><E104/><V90/><F124/><T89/><D112/><N who="2" m="43082" /><F111/><T130/><D130/><U120/><N who="1" m="30752" /><U71/><E67/><V59/><F73/><T55/><D70/><U74/><E53/><V3/><F3/><T131/><D131/><U134/><E134/><V48/><F59/><T79/><D79/><U34/><E34/><V118/><F118/><T100/><D36/><U109/><E109/><V114/><N who="2" m="43090" /><V1/><DORA hai="54" /><F103/><T38/><D38/><U95/><REACH who="1" step="1"/><E98/><REACH who="1" ten="262,299,479,0" step="2"/><V101/><F1/><T50/><D84/><U128/><E128/><V2/><F2/><T117/><D117/><U61/><E61/><V66/><F66/><T123/><N who="0" m="31520" /><T80/><REACH who="0" step="1"/><D80/><AGARI ba="1,1" hai="62,65,71,72,74,75,77,78,80,83,85,86,94,95" m="30752" machi="80" ten="40,16000,3" yaku="1,1,9,1,52,4,53,3" doraHai="107,54" doraHaiUra="81,119" who="1" fromWho="0" sc="262,-162,299,172,479,0,0,0" /><INIT seed="4,0,0,5,4,118" ten="100,471,479,0" oya="0" hai0="103,97,0,100,57,89,64,39,102,112,37,123,54" hai1="110,84,67,127,120,60,114,134,90,115,70,98,47" hai2="109,106,73,3,62,44,46,83,111,122,38,1,80" hai3=""/><T99/><N who="0" m="31520" /><T40/><D0/><U94/><N who="1" m="30752" /><U132/><E110/><V51/><N who="2" m="31264" /><V49/><F106/><T59/><D112/><N who="1" m="43051" /><E127/><V2/><F38/><T88/><D64/><U55/><E47/><V48/><F62/><T85/><D40/><U92/><E55/><V119/><F119/><T135/><D135/><N who="1" m="51755" /><E94/><V130/><F130/><T129/><D129/><U58/><E70/><V63/><F63/><T95/><D57/><U41/><E41/><V81/><F73/><T86/><D39/><U82/><E82/><V133/><F133/><T107/><D37/><U121/><N who="1" m="31008" /><U43/><E43/><V45/><AGARI ba="0,0" hai="1,2,3,44,45,46,48,49,51,80,81,83,109,111" m="31264" machi="45" ten="50,24000,5" yakuman="40" doraHai="118" who="2" fromWho="2" sc="100,-160,471,-80,479,240,0,0" owari="-60,-66.0,391,-1.0,719,67.0,0,0.0" /></mjloggm>