<mjloggm ver="2.3"><GO type="169" lobby="0"/><UN n0="%E5%AE%88%E6%9D%91%E6%A1%9C%E5%BC%A5" n1="%E6%80%9C%EF%BD%9E" n2="%E5%A4%8F%E6%81%8B%E8%8A%B1%E7%81%AB" n3="%E3%82%AB%E3%82%B6%E3%83%A9%E3%82%AD" dan="17,16,16,18" rate="2162.53,2065.59,2082.90,2280.49" sx="M,M,M,M"/><TAIKYOKU oya="0"/><INIT seed="0,0,0,0,3,48" ten="250,250,250,250" oya="0" hai0="68,117,35,121,85,13,0,127,112,92,44,59,90" hai1="131,106,27,3,11,133,42,118,125,9,32,54,97" hai2="130,104,105,135,108,34,110,43,25,26,73,64,63" hai3="50,47,23,93,38,67,96,17,113,51,57,102,122"/><T53/><D121/><U45/><E118/><V19/><F73/><W88/><G113/><T115/><D0/><U82/><E131/><V49/><F130/><W24/><G122/><T15/><D68/><U129/><E129/><V66/><F135/><W80/><G38/><T71/><D71/><U39/><E133/><V89/><F89/><W5/><G5/><T61/><D35/><U36/><E36/><V41/><F19/><W29/><G17/><T83/><D127/><U87/><E125/><V107/><F49/><W2/><G2/><T4/><D117/><U101/><E3/><V69/><F34/><W114/><G114/><T22/><D13/><U18/><E54/><V77/><F77/><W128/><G128/><T33/><D33/><U126/><E126/><V16/><F66/><W116/><G116/><T111/><D44/><U109/><E109/><N who="2" m="42091" /><F25/><W31/><G31/><T84/><D111/><U20/><REACH who="1" step="1"/><E32/><REACH who="1" ten="250,240,250,250" step="2"/><V123/><F123/><W75/><G47/><T91/><REACH who="0" step="1"/><D22/><AGARI ba="0,1" hai="16,22,26,41,43,63,64,69,104,105,107" m="42091" machi="22" ten="40,2600,0" yaku="14,1,54,1" doraHai="48" who="2" fromWho="0" sc="250,-26,240,0,250,36,250,0" /><INIT seed="1,0,0,2,4,111" ten="224,240,286,250" oya="1" hai0="52,69,45,14,59,55,116,4,132,123,115,13,81" hai1="17,61,97,24,48,5,91,33,12,11,34,129,27" hai2="56,88,40,23,113,73,95,92,41,72,6,134,58" hai3="107,18,75,7,60,63,106,83,99,47,21,110,105"/><U29/><E129/><V76/><F134/><W96/><G110/><T43/><D116/><U82/><E61/><V74/><F76/><W87/><G75/><T100/><D132/><U46/><E97/><V79/><F79/><W133/><G7/><T19/><D69/><U62/><E62/><V39/><F6/><W54/><G133/><T104/><D123/><U44/><E44/><V64/><F64/><W9/><G9/><T93/><D115/><U0/><E27/><V86/><F113/><W118/><G63/><T26/><D104/><U20/><E91/><V2/><F2/><W31/><G31/><T77/><D4/><U51/><E82/><V57/><F39/><W80/><G83/><T101/><D43/><U120/><E120/><V122/><F122/><W84/><G87/><N who="0" m="48559" /><D45/><U126/><E126/><V98/><REACH who="2" step="1"/><F23/><REACH who="2" ten="224,240,276,250" step="2"/><W10/><G21/><N who="0" m="13631" /><D101/><AGARI ba="0,1" hai="40,41,56,57,58,72,73,74,86,88,92,95,98,101" machi="101" ten="50,3200,0" yaku="1,1,54,1,53,0" doraHai="111" doraHaiUra="8" who="2" fromWho="0" sc="224,-32,240,0,276,42,250,0" /><INIT seed="2,0,0,1,4,132" ten="192,240,318,250" oya="2" hai0="80,95,109,81,19,50,61,114,71,102,15,65,96" hai1="75,128,38,42,41,74,36,77,48,93,66,113,108" hai2="84,121,64,7,9,46,1,115,123,14,51,12,106" hai3="52,18,100,125,104,85,0,37,16,130,57,63,111"/><V10/><F106/><W105/><G0/><T3/><D109/><U112/><E108/><V28/><F115/><W118/><G118/><T117/><D117/><U110/><E110/><V24/><BYE who="1" /><F64/><UN n1="%E6%80%9C%EF%BD%9E" /><W60/><G37/><T27/><D3/><U89/><E128/><V20/><F84/><W44/><G44/><T82/><D114/><U97/><E66/><V88/><F88/><W6/><G6/><T92/><D27/><U22/><E38/><V35/><F51/><W13/><G130/><T59/><D50/><U94/><E36/><V49/><F12/><W120/><G120/><T34/><D34/><U79/><E48/><V30/><F30/><W25/><G111/><T91/><D71/><U11/><E89/><V119/><F119/><W58/><G85/><T33/><D33/><U55/><E97/><V87/><F87/><W67/><G100/><T127/><D127/><U5/><E112/><V101/><F101/><W103/><G103/><T62/><D62/><U126/><E126/><V47/><F47/><W98/><G98/><T78/><D78/><U4/><E113/><V86/><F86/><W31/><G125/><T131/><D131/><U135/><E79/><V29/><F29/><W69/><G69/><T8/><D92/><U124/><E77/><V83/><F83/><W2/><G2/><T133/><D133/><U53/><E135/><V134/><F134/><W122/><G122/><T73/><D91/><U116/><E124/><V54/><REACH who="2" step="1"/><F35/><REACH who="2" ten="192,240,308,250" step="2"/><N who="3" m="20975" /><G13/><T68/><D68/><U90/><E116/><V56/><F56/><W26/><G26/><T76/><AGARI ba="0,1" hai="8,15,19,59,61,65,73,76,80,81,82,95,96,102" machi="76" ten="30,2000,0" yaku="5,1,0,1" doraHai="132" who="0" fromWho="0" sc="192,30,240,-5,308,-10,250,-5" /><INIT seed="3,0,0,3,3,18" ten="222,235,298,245" oya="3" hai0="45,15,93,64,132,82,107,88,118,59,32,71,65" hai1="48,69,109,85,94,6,29,95,8,92,11,103,120" hai2="31,63,20,19,7,116,30,53,76,5,23,58,99" hai3="74,80,91,122,78,66,129,105,41,61,115,17,117"/><W13/><G122/><T101/><D118/><U70/><E120/><V104/><F116/><W89/><G117/><T43/><D132/><U38/><E38/><V90/><F76/><W100/><G115/><T125/><D125/><U130/><E109/><V2/><F2/><W42/><G129/><T114/><D114/><U27/><E130/><V134/><F134/><W121/><G121/><T119/><D32/><U12/><E103/><V113/><F113/><W24/><G24/><T51/><D71/><U28/><E85/><V21/><F19/><W86/><G100/><T96/><D119/><U35/><E29/><N who="2" m="10763" /><F104/><W123/><G105/><T98/><D15/><U25/><E48/><V128/><F128/><W47/><G123/><T26/><D26/><U46/><E27/><V72/><F72/><W60/><G60/><T37/><REACH who="0" step="1"/><D82/><REACH who="0" ten="212,235,298,245" step="2"/><U0/><REACH who="1" step="1"/><E46/><REACH who="1" ten="212,225,298,245" step="2"/><V111/><F111/><W110/><G110/><T131/><D131/><U75/><E75/><V133/><F133/><W55/><G74/><T112/><D112/><U22/><E22/><V108/><F108/><W54/><G47/><T39/><D39/><U4/><AGARI ba="0,2" hai="0,4,6,8,11,12,25,28,35,69,70,92,94,95" machi="4" ten="30,4000,0" yaku="1,1,0,1,53,1" doraHai="18" doraHaiUra="9" who="1" fromWho="1" sc="212,-10,225,60,298,-10,245,-20" /><INIT seed="4,0,0,0,4,77" ten="202,285,288,225" oya="0" hai0="83,100,70,25,7,88,42,126,95,52,127,30,76" hai1="55,26,130,116,133,92,72,11,119,13,90,117,44" hai2="132,107,80,71,20,34,40,66,49,12,115,89,46" hai3="108,73,131,78,39,57,114,53,35,85,45,24,54"/><T61/><D42/><U113/><E133/><V96/><F34/><W36/><G73/><N who="0" m="43407" /><D7/><U82/><E130/><V97/><F71/><W68/><G131/><T51/><D100/><U14/><E26/><V110/><F66/><W86/><G68/><T19/><D19/><U105/><E105/><V38/><F132/><W129/><G129/><T62/><D70/><U1/><E113/><V64/><F115/><W94/><G114/><T74/><D74/><U134/><E134/><V23/><F38/><W27/><G35/><T56/><D25/><U135/><E135/><V43/><F64/><W128/><G57/><T15/><D15/><U5/><E72/><V21/><F107/><W93/><G45/><T79/><D79/><U102/><E102/><V37/><F37/><W10/><G78/><T120/><D30/><U31/><E31/><V17/><F40/><W22/><G22/><T8/><D8/><U91/><E13/><V118/><F21/><W121/><G128/><T3/><D3/><U104/><E1/><V87/><F118/><W69/><G69/><T16/><D16/><U109/><E104/><V63/><F20/><W67/><G67/><T81/><D120/><U59/><E116/><V29/><F29/><W47/><G47/><T111/><D111/><U33/><E44/><V32/><F110/><W123/><G108/><T84/><D95/><U2/><E109/><V18/><F17/><W125/><G10/><T98/><D98/><N who="2" m="37994" /><F32/><W75/><G75/><T48/><D62/><AGARI ba="0,0" hai="12,18,23,43,46,49,62,63,80,87,89" m="37994" machi="62" ten="30,2000,0" yaku="8,1,52,1" doraHai="77" who="2" fromWho="0" sc="202,-20,285,0,288,20,225,0" /><INIT seed="5,0,0,1,2,15" ten="182,285,308,225" oya="1" hai0="22,10,115,67,65,33,114,123,103,133,3,49,0" hai1="73,31,131,102,23,51,126,13,35,84,21,97,94" hai2="113,72,81,105,61,56,44,85,78,18,71,132,12" hai3="68,130,2,19,48,7,127,108,24,107,92,11,86"/><U43/><E73/><V135/><F105/><W77/><G107/><T37/><D37/><U95/><E35/><V76/><F71/><W98/><G68/><T14/><D33/><U60/><E126/><V59/><F113/><N who="0" m="43018" /><D22/><U117/><E117/><V52/><F72/><W63/><G108/><T47/><D103/><U110/><E131/><V9/><F78/><W5/><G63/><T70/><D123/><U106/><E110/><V88/><F76/><W125/><G7/><N who="0" m="3423" /><D133/><N who="2" m="51274" /><F56/><W58/><G130/><T69/><D69/><U89/><E60/><V26/><F26/><W39/><G39/><T54/><D70/><U100/><E23/><V119/><F44/><W62/><G48/><T129/><D129/><U93/><E102/><V74/><F74/><W134/><G134/><T66/><AGARI ba="0,0" hai="0,3,47,49,54,65,66,67" m="3423,43018" machi="66" ten="30,1100,0" yaku="15,1" doraHai="15" who="0" fromWho="0" sc="182,11,285,-5,308,-3,225,-3" /><INIT seed="6,0,0,1,0,134" ten="193,280,305,222" oya="2" hai0="55,113,8,36,125,25,112,7,128,75,94,26,27" hai1="46,114,108,97,110,131,10,56,88,117,71,100,133" hai2="50,40,30,87,115,28,12,66,4,122,130,121,109" hai3="72,124,104,37,44,67,92,99,21,43,69,11,15"/><V74/><F74/><W52/><G72/><T95/><D75/><U64/><E117/><V34/><F130/><W5/><G104/><T13/><D128/><U127/><E131/><V101/><F115/><N who="0" m="44106" /><D36/><U62/><E114/><V84/><F109/><W23/><G67/><T32/><D32/><U2/><E127/><V107/><F66/><W42/><G69/><T60/><D125/><U17/><E133/><V79/><F34/><W61/><G43/><T53/><D60/><U16/><E46/><V54/><F40/><W81/><G81/><T91/><D94/><U77/><E77/><V76/><F101/><W103/><REACH who="3" step="1"/><G124/><REACH who="3" ten="193,280,305,212" step="2"/><T31/><D31/><N who="2" m="11818" /><F107/><W93/><G93/><T35/><D35/><U45/><E108/><V18/><F122/><W19/><G19/><T49/><D49/><U80/><E110/><V98/><F121/><W48/><G48/><T106/><D106/><U105/><E17/><V57/><F4/><W29/><G29/><T118/><D118/><U24/><E16/><V82/><F82/><W119/><G119/><T58/><D58/><AGARI ba="0,1" hai="5,11,15,21,23,37,42,44,52,58,61,92,99,103" machi="58" ten="40,5200,0" yaku="1,1,54,1,53,1" doraHai="134" doraHaiUra="90" who="3" fromWho="0" sc="193,-52,280,0,305,0,212,62" /><INIT seed="7,0,0,3,0,11" ten="141,280,305,274" oya="3" hai0="83,48,66,96,36,132,40,22,75,44,119,99,13" hai1="114,117,74,123,24,110,4,52,82,21,115,72,133" hai2="51,77,53,20,0,30,1,23,2,64,107,100,31" hai3="70,94,7,103,81,121,71,106,27,65,90,73,84"/><W60/><G121/><T32/><D132/><U86/><E123/><V5/><F77/><W118/><G118/><T6/><D119/><U79/><E110/><V131/><F131/><W125/><G125/><T38/><D32/><U63/><E133/><V134/><F64/><W122/><G122/><T135/><D135/><U67/><E4/><V92/><F107/><W18/><G7/><T25/><D66/><U88/><E117/><V8/><F134/><W50/><G50/><T130/><D130/><U87/><E87/><V16/><F0/><W14/><G27/><T61/><D61/><U41/><E41/><V3/><F1/><W127/><G127/><T55/><D38/><U109/><E109/><V116/><F2/><W34/><G34/><T98/><D36/><U62/><E62/><V69/><F69/><W46/><G46/><T80/><D75/><U56/><E67/><V85/><F23/><W113/><G113/><N who="1" m="43018" /><E79/><V9/><F116/><W42/><G42/><T89/><D40/><U108/><E108/><V91/><F100/><W15/><G18/><AGARI ba="0,0" hai="18,21,24,52,56,63,72,74,82,86,88" m="43018" machi="18" ten="30,3900,0" yaku="15,1,54,2" doraHai="11" who="1" fromWho="3" sc="141,0,280,39,305,0,274,-39" owari="141,-36.0,319,41.0,305,11.0,235,-16.0" /></mjloggm>