<mjloggm ver="2.3"><GO type="169" lobby="0"/><UN n0="%6B%75%7A%75%6E" n1="%74%2E%6F%2E%6F%2E%73" n2="%E9%BB%92%E8%A1%A3%E3%81%AE%E3%82%A4%E3%83%8A%E3%82%B8%E3%82%A7%E3%82%A4" n3="%E3%81%8B%E3%81%A3%E9%A3%9B%E3%81%B0%E3%81%9B%E5%85%A8%E9%83%A8" dan="17,18,16,17" rate="2150.92,2251.39,2126.31,2204.98" sx="M,M,M,M"/><TAIKYOKU oya="0"/><INIT seed="0,0,0,1,1,68" ten="250,250,250,250" oya="0" hai0="93,55,0,12,128,71,22,70,125,76,112,4,85" hai1="20,40,8,72,90,102,78,100,92,57,41,46,59" hai2="11,54,80,61,6,132,62,79,2,101,14,89,65" hai3="37,95,67,21,74,45,49,26,83,122,27,3,134"/><T135/><D112/><U111/><E111/><V118/><F132/><W108/><G108/><T30/><D135/><U63/><E8/><V131/><F131/><W50/><G134/><T5/><D128/><U133/><E133/><V34/><F34/><W104/><G104/><T48/><D125/><U18/><E78/><V10/><F101/><W64/><G122/><T29/><D71/><U9/><E9/><V56/><F89/><W31/><G3/><T47/><D70/><U87/><E72/><V19/><F118/><W123/><G123/><T24/><D29/><U7/><E7/><V13/><F2/><W69/><G95/><T33/><D0/><U119/><E119/><V28/><F28/><W66/><G69/><T75/><D75/><U51/><E40/><V39/><F39/><W16/><G37/><T81/><REACH who="0" step="1"/><D93/><REACH who="0" ten="240,250,250,250" step="2"/><U58/><REACH who="1" step="1"/><E63/><REACH who="1" ten="240,240,250,250" step="2"/><V114/><F114/><W107/><G74/><T23/><D23/><U42/><E42/><V106/><F106/><W43/><G107/><T88/><D88/><U77/><E77/><V110/><F110/><W127/><G21/><T35/><D35/><U129/><E129/><V84/><REACH who="2" step="1"/><F61/><REACH who="2" ten="240,240,240,250" step="2"/><W99/><G31/><T36/><D36/><U97/><E97/><V117/><F117/><W115/><G99/><T53/><D53/><AGARI ba="0,3" hai="6,10,11,13,14,19,53,54,56,62,65,79,80,84" machi="53" ten="40,5200,0" yaku="1,1,8,1,53,1" doraHai="68" doraHaiUra="15" who="2" fromWho="0" sc="240,-52,240,0,240,82,250,0" /><INIT seed="1,0,0,5,2,41" ten="188,240,322,250" oya="1" hai0="48,72,84,101,52,114,103,30,34,111,104,15,109" hai1="119,74,20,64,121,54,81,112,68,89,120,77,117" hai2="102,45,113,106,21,22,115,24,134,126,35,14,5" hai3="4,91,16,108,11,7,130,99,66,83,67,40,0"/><U38/><E112/><N who="2" m="43083" /><F106/><W131/><G108/><N who="0" m="41547" /><D72/><U6/><E38/><V96/><F96/><W100/><G7/><T44/><D114/><U135/><E135/><V36/><F102/><N who="0" m="38922" /><D104/><U105/><E105/><V79/><F79/><W32/><G32/><T8/><D30/><U92/><E6/><V75/><F75/><W3/><G3/><T107/><D34/><U110/><E110/><V124/><F134/><W10/><G100/><T19/><D107/><U46/><E20/><V49/><F36/><W29/><G29/><T39/><D39/><U17/><E17/><N who="2" m="10423" /><F5/><W59/><G4/><T116/><D84/><U85/><E64/><V90/><F90/><W133/><G91/><T1/><D1/><U13/><E13/><V26/><F35/><W94/><G0/><T129/><D129/><U128/><E128/><V12/><F12/><W55/><G133/><T71/><D71/><U93/><E68/><V42/><F22/><W25/><G130/><T80/><D80/><U86/><E74/><V98/><F98/><W28/><G99/><T63/><D63/><U9/><E93/><V70/><F70/><W51/><G94/><T65/><D65/><U88/><E77/><V56/><F56/><W69/><G59/><T127/><D116/><U37/><E9/><V87/><F87/><W57/><G69/><T58/><D58/><U23/><E23/><V76/><F76/><W123/><G131/><T95/><D95/><U27/><E37/><V118/><F118/><N who="1" m="45065" /><E27/><AGARI ba="0,0" hai="24,26,27,42,45,49,124,126" m="10423,43083" machi="27" ten="30,2000,0" yaku="11,1,52,1" doraHai="41" who="2" fromWho="1" sc="188,0,240,-20,322,20,250,0" /><INIT seed="2,0,0,1,0,132" ten="188,220,342,250" oya="2" hai0="4,101,92,72,128,62,68,87,106,2,69,81,46" hai1="75,103,38,117,107,57,70,29,48,119,118,19,122" hai2="67,61,86,109,20,42,112,85,73,120,97,10,16" hai3="13,27,108,60,77,79,115,124,18,14,80,84,104"/><V98/><F112/><W121/><G121/><T17/><D128/><U31/><E38/><V11/><F120/><W133/><G115/><T114/><D114/><U116/><E122/><V5/><F73/><W123/><G123/><T1/><D17/><U50/><E70/><V102/><F42/><W78/><G133/><T44/><D92/><U130/><E75/><V35/><F35/><W0/><G108/><T59/><D59/><U91/><E130/><V43/><F43/><W45/><G0/><T3/><D4/><U110/><E110/><V131/><F98/><W54/><G104/><T66/><D69/><U93/><E19/><V125/><F109/><W76/><G124/><T12/><D12/><U134/><E134/><V32/><F32/><W15/><G27/><T88/><REACH who="0" step="1"/><D72/><REACH who="0" ten="178,220,342,250" step="2"/><U99/><E57/><V71/><F131/><W96/><G18/><T127/><D127/><U26/><E117/><V9/><F5/><W55/><G13/><T56/><D56/><U47/><E47/><V36/><F125/><W105/><G14/><T22/><D22/><U52/><E116/><V82/><F82/><W64/><G15/><T33/><D33/><U74/><E74/><V41/><F20/><W100/><G45/><T135/><D135/><U30/><E26/><V34/><F16/><W111/><G111/><T49/><D49/><U24/><E24/><V126/><F126/><W28/><G28/><T8/><D8/><U6/><E6/><V90/><F34/><W63/><G63/><T21/><D21/><U129/><E129/><V89/><F61/><W25/><G25/><RYUUKYOKU ba="0,1" sc="178,15,220,-15,342,-15,250,15" hai0="1,2,3,44,46,62,66,68,81,87,88,101,106" hai3="54,55,60,64,76,77,78,79,80,84,96,100,105" /><INIT seed="3,1,1,0,0,10" ten="193,205,327,265" oya="3" hai0="9,101,5,70,72,116,106,4,6,15,45,115,17" hai1="65,56,124,32,83,120,14,20,130,84,102,111,67" hai2="118,77,2,81,25,64,52,55,122,114,51,80,89" hai3="96,135,95,97,98,103,88,113,37,69,26,33,61"/><W27/><G113/><T125/><D116/><U99/><E120/><V100/><F114/><W73/><G135/><T79/><D115/><U93/><E111/><V133/><F118/><W104/><G73/><T58/><D70/><U109/><E109/><V82/><F2/><W24/><G37/><T85/><D72/><U112/><E112/><V134/><F100/><W91/><G91/><T8/><D125/><U53/><E124/><V3/><F3/><W131/><G131/><T126/><D126/><U42/><E42/><V75/><F64/><N who="3" m="41103" /><G97/><T60/><D45/><U19/><E32/><V76/><F89/><W129/><G129/><T110/><D110/><U23/><E23/><V66/><F66/><W39/><G39/><T34/><D34/><U22/><E22/><V0/><F0/><W108/><G108/><T121/><D121/><U46/><E46/><V44/><F122/><W92/><G92/><T123/><D123/><U94/><E130/><V78/><F75/><W1/><G1/><T16/><D106/><U132/><E132/><N who="2" m="50795" /><F25/><W35/><G35/><T105/><D101/><U11/><E11/><V90/><F90/><W50/><G50/><T127/><D105/><U28/><E28/><V128/><F128/><W36/><G36/><T21/><D127/><U119/><E119/><V71/><F71/><W43/><G33/><T12/><D9/><U68/><E68/><V62/><F62/><W47/><G47/><T13/><D8/><U48/><REACH who="1" step="1"/><E94/><REACH who="1" ten="193,195,327,265" step="2"/><V74/><F74/><W87/><G43/><AGARI ba="1,2" hai="43,44,51,52,55,76,77,78,80,81,82" m="50795" machi="43" ten="40,2600,0" yaku="20,1,54,1" doraHai="10" who="2" fromWho="3" sc="193,0,195,0,327,49,265,-29" /><INIT seed="4,0,0,1,0,59" ten="193,195,376,236" oya="0" hai0="61,41,39,112,127,111,69,58,56,114,31,13,129" hai1="132,57,118,96,24,11,23,101,125,62,47,43,74" hai2="109,70,131,44,65,1,119,64,67,94,86,14,46" hai3="90,89,98,81,0,134,116,107,3,12,83,60,68"/><T8/><D31/><U50/><E125/><V16/><F109/><W49/><G116/><T93/><D127/><U28/><E132/><V54/><F131/><W34/><G134/><T79/><D129/><U25/><E74/><V104/><F70/><W26/><G49/><T80/><D111/><U106/><E118/><V124/><F104/><W36/><G36/><T51/><D93/><U128/><E128/><V126/><F1/><W33/><G12/><T123/><D39/><U27/><REACH who="1" step="1"/><E11/><REACH who="1" ten="193,185,376,236" step="2"/><V10/><F119/><W102/><G0/><T32/><D123/><U55/><AGARI ba="0,1" hai="23,24,25,27,28,43,47,50,55,57,62,96,101,106" machi="55" ten="20,8000,1" yaku="1,1,2,1,0,1,7,1,52,1,53,0" doraHai="59" doraHaiUra="35" who="1" fromWho="1" sc="193,-40,185,90,376,-20,236,-20" /><INIT seed="5,0,0,2,5,3" ten="153,275,356,216" oya="1" hai0="58,53,102,103,87,81,14,132,89,116,9,114,128" hai1="34,48,72,120,8,105,85,75,21,47,106,96,27" hai2="94,13,113,110,74,51,98,61,67,135,41,112,70" hai3="78,55,111,16,20,76,127,37,15,12,125,30,50"/><U118/><E118/><V104/><F110/><W31/><G111/><T90/><D116/><U59/><E120/><V99/><F135/><W11/><G37/><T91/><D114/><N who="2" m="44138" /><F74/><W28/><G125/><T108/><D128/><U79/><E34/><V45/><F13/><W68/><G68/><T83/><D132/><U123/><E123/><V101/><F99/><W115/><G127/><T130/><D130/><U88/><E59/><V32/><F32/><W97/><G97/><T7/><D108/><U35/><E35/><V19/><F19/><W107/><G107/><AGARI ba="0,0" hai="41,45,51,61,67,70,94,98,101,104,107" m="44138" machi="107" ten="30,2000,0" yaku="15,1,11,1" doraHai="3" who="2" fromWho="3" sc="153,0,275,0,356,20,216,-20" /><INIT seed="6,0,0,3,1,53" ten="153,275,376,196" oya="2" hai0="89,134,68,71,23,55,100,7,111,107,52,116,37" hai1="104,57,128,32,20,1,41,56,105,133,8,78,30" hai2="125,46,80,102,18,60,70,54,36,13,132,63,130" hai3="39,106,31,2,92,129,74,95,28,44,73,59,108"/><V62/><F102/><W113/><G108/><T120/><D111/><U131/><E32/><V22/><F125/><W5/><G106/><N who="1" m="41066" /><E41/><V51/><F132/><W9/><G129/><N who="1" m="49738" /><E78/><V3/><F3/><W117/><G117/><T127/><D127/><U114/><E114/><V72/><F36/><W65/><G113/><T115/><D37/><U61/><E61/><V33/><F33/><W15/><G74/><T87/><D116/><U135/><E30/><V45/><F45/><W29/><G73/><T118/><D115/><U40/><E20/><V38/><F38/><W99/><G2/><T76/><D76/><U42/><E42/><V58/><F46/><W4/><G39/><T69/><D118/><U12/><E40/><V16/><F18/><N who="3" m="8559" /><G44/><T0/><D134/><N who="1" m="51211" /><E1/><V83/><F72/><W93/><G99/><T94/><D23/><U101/><E101/><V124/><F130/><W97/><G97/><T25/><D25/><U112/><E112/><V122/><F63/><AGARI ba="0,0" hai="4,5,28,29,31,59,63,65,92,93,95" m="8559" machi="63" ten="30,2000,0" yaku="8,1,52,1" doraHai="53" who="3" fromWho="2" sc="153,0,275,0,376,-20,196,20" /><INIT seed="7,0,0,4,5,126" ten="153,275,356,216" oya="3" hai0="25,129,76,135,110,103,59,14,44,47,95,123,19" hai1="91,34,29,90,84,37,131,42,114,10,53,104,6" hai2="108,107,16,130,60,52,0,75,61,57,28,40,54" hai3="109,18,96,38,27,22,82,45,9,97,23,81,74"/><W71/><G71/><T112/><D123/><U13/><E104/><V73/><F130/><W133/><G133/><T88/><D110/><U116/><E114/><V32/><F0/><W102/><G109/><T35/><D135/><U2/><E116/><V65/><F40/><W101/><G9/><T4/><D112/><U43/><E53/><V118/><F118/><W66/><G66/><T100/><D76/><U134/><E134/><V21/><F107/><W11/><G11/><T125/><D125/><U3/><E90/><V83/><F108/><W68/><G68/><T1/><D1/><U99/><E99/><V115/><F115/><W120/><G27/><T24/><D4/><U58/><E58/><V63/><F28/><W94/><G74/><T78/><D78/><U51/><E51/><V31/><F75/><W39/><G18/><T72/><D72/><U111/><E111/><V36/><F36/><W64/><G64/><T70/><D70/><U85/><E85/><V92/><F54/><W119/><G119/><T20/><D59/><U62/><E62/><V26/><F52/><W113/><G113/><T12/><D129/><U56/><E56/><V33/><F33/><W17/><G120/><T7/><D7/><U106/><E106/><V55/><F55/><W30/><G45/><T5/><D5/><U98/><E131/><V80/><F73/><W89/><G38/><T49/><D35/><U127/><E127/><V117/><F117/><W93/><G39/><T77/><D47/><U122/><E122/><V41/><F65/><W67/><G67/><T124/><D124/><RYUUKYOKU ba="0,0" sc="153,0,275,0,356,0,216,0" owari="153,-35.0,275,8.0,356,45.0,216,-18.0" /></mjloggm>