<mjloggm ver="2.3"><GO type="169" lobby="0"/><UN n0="%E3%83%8E%E3%82%AA%E3%83%81%E3%83%A3%E3%83%99%E3%82%B9" n1="%E5%9C%92%E7%94%B0%E8%B3%A2" n2="%E8%97%A4%E4%BA%95%E8%81%A1%E5%A4%AA" n3="%E3%83%AB%E3%83%AB%E5%8F%82%E4%B8%8A" dan="17,16,18,17" rate="2208.96,2069.61,2170.41,2149.55" sx="M,M,M,F"/><TAIKYOKU oya="0"/><INIT seed="0,0,0,5,1,63" ten="250,250,250,250" oya="0" hai0="26,89,49,83,119,109,45,81,3,13,125,124,72" hai1="38,82,15,19,91,92,61,78,60,62,0,114,53" hai2="20,46,106,14,18,102,44,135,105,94,21,47,113" hai3="76,4,86,1,40,25,130,39,5,48,100,34,121"/><T66/><D3/><U58/><E0/><V55/><F113/><W116/><G116/><T22/><D119/><U77/><E38/><V29/><F135/><W69/><G39/><T32/><D32/><U111/><E114/><V97/><REACH who="2" step="1"/><F55/><REACH who="2" ten="250,250,240,250" step="2"/><W117/><G117/><T50/><D109/><U67/><E111/><V103/><F103/><W134/><G100/><T132/><D132/><U98/><E82/><V95/><F95/><W6/><G134/><T80/><D72/><U27/><E27/><AGARI ba="0,1" hai="14,18,20,21,27,29,44,46,47,94,97,102,105,106" machi="27" ten="40,2600,0" yaku="1,1,53,1" doraHai="63" doraHaiUra="93" who="2" fromWho="1" sc="250,0,250,-26,240,36,250,0" /><INIT seed="1,0,0,2,1,41" ten="250,224,276,250" oya="1" hai0="33,45,99,82,128,16,94,28,59,56,10,111,48" hai1="57,38,118,29,6,1,75,131,77,101,124,92,115" hai2="116,127,13,76,65,8,98,108,125,39,32,27,110" hai3="0,37,4,80,51,31,93,129,53,42,62,112,49"/><U78/><E118/><V114/><F39/><W68/><G112/><T107/><D107/><U64/><E115/><V60/><F114/><W72/><G37/><T106/><D106/><U61/><E131/><V22/><F76/><W46/><G129/><T58/><D128/><U9/><E124/><N who="2" m="47691" /><F98/><W135/><G31/><T87/><D28/><U97/><E75/><V104/><F104/><W63/><G135/><T86/><D33/><U122/><E122/><V84/><F84/><W15/><G0/><T134/><D134/><U132/><E132/><V55/><F55/><W52/><G42/><N who="0" m="24631" /><D111/><U35/><REACH who="1" step="1"/><E38/><REACH who="1" ten="250,214,276,250" step="2"/><V74/><F74/><W71/><G71/><T119/><D119/><U90/><E90/><V20/><F116/><W12/><G68/><T89/><D82/><U73/><E73/><V126/><F126/><W30/><G72/><T113/><D113/><U70/><E70/><V34/><F110/><W7/><G80/><T2/><D2/><U44/><E44/><V103/><F108/><W96/><G46/><T91/><D89/><U40/><E40/><V66/><F103/><W83/><G83/><T67/><D67/><U95/><E95/><V105/><F66/><W69/><G69/><T109/><D109/><U19/><E19/><V120/><F120/><W121/><G93/><T50/><D50/><U25/><AGARI ba="0,1" hai="1,6,9,25,29,35,57,61,64,77,78,92,97,101" machi="25" ten="30,6000,0" yaku="1,1,0,1,53,1" doraHai="41" doraHaiUra="3" who="1" fromWho="1" sc="250,-20,214,70,276,-20,250,-20" /><INIT seed="1,1,0,5,4,105" ten="230,284,256,230" oya="1" hai0="38,103,48,25,53,88,29,58,99,113,74,55,41" hai1="96,91,0,85,112,9,8,52,102,20,72,69,6" hai2="94,43,76,3,133,106,130,135,134,86,62,33,61" hai3="78,79,64,23,83,7,11,18,28,32,14,68,132"/><U13/><E112/><V87/><F106/><W70/><G132/><T119/><D119/><U27/><E69/><V81/><F33/><W54/><G64/><T56/><D113/><U21/><E72/><N who="2" m="43143" /><F3/><W128/><G128/><T39/><D41/><U22/><E52/><V95/><F43/><W92/><G78/><T111/><D74/><U126/><E126/><V82/><F130/><W44/><G92/><N who="2" m="35369" /><F86/><W104/><G104/><T50/><D111/><U101/><E27/><V118/><F118/><W115/><G115/><T57/><D58/><U26/><E26/><V30/><F30/><W116/><G116/><T31/><D31/><U125/><E96/><V71/><F71/><W51/><G28/><T97/><D97/><U114/><E125/><V98/><F98/><W34/><G68/><T124/><D124/><U63/><E63/><V108/><F108/><W90/><G70/><T84/><D103/><U117/><E117/><V4/><F4/><W24/><REACH who="3" step="1"/><G90/><AGARI ba="1,0" hai="61,62,82,87,90,133,134,135" m="35369,43143" machi="90" ten="30,2000,0" yaku="20,1,52,1" doraHai="105" who="2" fromWho="3" sc="230,0,284,0,256,23,230,-23" /><INIT seed="2,0,0,0,1,132" ten="230,284,279,207" oya="2" hai0="111,14,66,54,87,77,34,20,73,106,97,12,90" hai1="81,107,35,10,26,119,5,45,94,105,124,4,65" hai2="44,55,17,92,15,50,16,31,7,70,99,115,133" hai3="63,110,9,131,114,128,130,103,78,49,122,48,112"/><V62/><F115/><N who="3" m="44075" /><G122/><T67/><D34/><U52/><E119/><V58/><F133/><W118/><G118/><T109/><D54/><U53/><E65/><V120/><F70/><W59/><G103/><T36/><D36/><U108/><E108/><V22/><F120/><W23/><G78/><T30/><D77/><U47/><E94/><V117/><F117/><W86/><G86/><T79/><D79/><U121/><E121/><V11/><F31/><W60/><G23/><T19/><D73/><U24/><E10/><V89/><REACH who="2" step="1"/><F22/><REACH who="2" ten="230,284,269,207" step="2"/><W80/><G110/><T100/><D111/><U27/><E35/><V43/><AGARI ba="0,1" hai="7,11,15,16,17,43,44,50,55,58,62,89,92,99" machi="43" ten="20,18000,2" yaku="1,1,2,1,0,1,7,1,8,1,54,1,53,1" doraHai="132" doraHaiUra="3" who="2" fromWho="2" sc="230,-60,284,-60,269,190,207,-60" /><INIT seed="2,1,0,2,1,112" ten="170,224,459,147" oya="2" hai0="54,69,5,48,19,124,37,78,91,16,63,75,17" hai1="58,126,100,52,39,113,74,97,109,122,49,82,96" hai2="2,95,110,15,59,23,14,104,24,32,85,111,7" hai3="18,99,22,115,33,38,34,26,53,70,101,133,102"/><V79/><F104/><W61/><G115/><T129/><D37/><U60/><E113/><V127/><F59/><W51/><G38/><T118/><D5/><U128/><E122/><V103/><F103/><W6/><G133/><T73/><D129/><U31/><E128/><V131/><F131/><W105/><G102/><T121/><D121/><U106/><E39/><V55/><F55/><W86/><G6/><T44/><D124/><U29/><E126/><V28/><F127/><W94/><G61/><T50/><D78/><U134/><E134/><V8/><F95/><W92/><G70/><T43/><D91/><U87/><E109/><N who="2" m="41483" /><F85/><W80/><G94/><T93/><D93/><U81/><E97/><V108/><F79/><W57/><REACH who="3" step="1"/><G105/><REACH who="3" ten="170,224,459,137" step="2"/><T120/><D120/><U135/><E135/><V12/><F108/><W4/><G4/><T67/><REACH who="0" step="1"/><D118/><REACH who="0" ten="160,224,459,137" step="2"/><U56/><E81/><V98/><F98/><W41/><G41/><T89/><D89/><AGARI ba="1,2" hai="18,22,26,33,34,51,53,57,80,86,89,92,99,101" machi="89" ten="30,2000,0" yaku="1,1,7,1,53,0" doraHai="112" doraHaiUra="68" who="3" fromWho="0" sc="160,-23,224,0,459,0,137,43" /><INIT seed="3,0,0,1,1,106" ten="137,224,459,180" oya="3" hai0="59,67,33,102,129,62,36,70,113,109,42,95,92" hai1="117,63,87,126,96,19,123,54,97,122,81,57,27" hai2="130,124,13,83,5,1,10,76,3,74,65,29,114" hai3="58,14,32,80,43,85,61,2,45,98,134,131,56"/><W34/><G2/><T82/><D33/><U119/><E126/><V91/><F114/><W68/><G68/><T127/><D127/><U93/><E19/><V88/><F124/><W133/><G131/><T105/><D129/><U107/><E27/><V38/><F130/><W11/><G98/><T99/><D113/><U69/><E69/><V89/><F38/><W31/><G31/><T25/><D25/><U12/><E12/><V9/><F29/><W0/><G0/><T60/><D109/><U94/><E107/><V104/><F104/><W17/><G34/><T72/><D42/><U84/><E81/><V41/><F41/><W40/><G40/><T71/><D36/><U110/><E110/><V21/><F21/><W49/><G32/><T108/><D108/><U86/><E94/><V101/><F101/><W79/><REACH who="3" step="1"/><G58/><REACH who="3" ten="137,224,459,170" step="2"/><T22/><D71/><U44/><E96/><V28/><F28/><W132/><G132/><T64/><REACH who="0" step="1"/><D22/><REACH who="0" ten="127,224,459,170" step="2"/><U26/><E123/><V51/><F1/><W35/><G35/><T24/><D24/><U53/><E26/><V15/><F3/><W73/><G73/><T30/><D30/><U90/><E122/><V112/><F112/><W50/><G50/><T75/><D75/><U121/><E121/><V55/><F51/><W100/><G100/><T16/><D16/><U115/><E115/><V23/><F23/><W103/><G103/><T47/><D47/><U118/><E44/><V52/><F74/><W20/><G20/><T111/><D111/><U4/><E4/><V37/><F5/><W116/><G116/><T125/><D125/><RYUUKYOKU ba="0,2" sc="127,10,224,10,459,-30,170,10" hai0="59,60,62,64,67,70,72,82,92,95,99,102,105" hai1="53,54,57,63,84,86,87,90,93,97,117,118,119" hai3="11,14,17,43,45,49,56,61,79,80,85,133,134" /><INIT seed="3,1,2,1,2,51" ten="137,234,429,180" oya="3" hai0="55,12,62,135,110,98,1,61,126,9,2,11,13" hai1="41,93,133,42,33,10,101,71,87,125,21,78,115" hai2="58,31,67,130,60,114,82,83,100,89,129,5,99" hai3="63,85,108,95,38,80,48,132,97,39,29,23,131"/><W106/><G106/><T70/><D110/><U113/><E33/><V46/><F114/><W32/><G32/><T69/><D98/><U119/><E71/><V47/><F5/><W16/><G29/><T121/><D126/><U94/><E125/><V117/><F117/><W27/><G108/><T105/><D105/><U91/><E119/><V112/><F31/><W96/><G131/><N who="2" m="50185" /><F112/><W22/><G97/><T54/><REACH who="0" step="1"/><D135/><REACH who="0" ten="127,234,429,180" step="2"/><U73/><E115/><V81/><F89/><W77/><G132/><T17/><D17/><U90/><E91/><V3/><F3/><W53/><G63/><T30/><D30/><U118/><E90/><V116/><F116/><W68/><G68/><T84/><D84/><U120/><E87/><V134/><F134/><W19/><G96/><T7/><D7/><U107/><E133/><V36/><F99/><W18/><G18/><T109/><D109/><U4/><E4/><V44/><F100/><W123/><G123/><AGARI ba="1,3" hai="1,2,9,11,12,13,54,55,61,62,69,70,121,123" machi="123" ten="25,8000,1" yaku="1,1,22,2,52,2,53,0" doraHai="51" doraHaiUra="102" who="0" fromWho="3" sc="127,113,234,0,429,0,180,-83" /><INIT seed="4,0,0,3,1,28" ten="240,234,429,97" oya="0" hai0="101,35,91,135,41,29,77,93,66,95,19,64,39" hai1="123,24,0,47,106,57,2,134,69,33,78,104,49" hai2="81,107,6,74,86,76,60,45,62,80,132,50,58" hai3="90,99,32,55,52,124,13,112,94,103,79,40,85"/><T9/><D77/><U115/><E69/><V120/><F120/><W25/><G112/><T117/><D117/><U37/><E115/><V100/><F132/><W67/><G124/><T44/><D135/><U126/><E134/><V125/><F125/><W10/><G40/><T116/><D116/><U20/><E126/><V113/><F113/><W105/><G67/><T130/><D130/><U121/><E37/><V72/><F6/><W119/><G119/><T59/><D101/><U14/><E78/><V17/><F107/><W131/><G131/><T34/><D95/><U26/><E57/><V7/><F7/><W88/><G79/><T114/><D114/><U1/><E14/><V96/><F17/><W42/><G42/><T5/><D19/><U133/><E133/><V102/><F81/><W92/><G25/><T111/><D111/><U53/><E26/><V51/><F60/><W15/><G32/><T83/><D83/><U16/><REACH who="1" step="1"/><E33/><REACH who="1" ten="240,224,429,97" step="2"/><V118/><F118/><W21/><G21/><T8/><D8/><U84/><E84/><V22/><F22/><W4/><G15/><T108/><D108/><U36/><E36/><V73/><F86/><AGARI ba="0,1" hai="4,10,13,52,55,85,86,88,90,92,94,99,103,105" machi="86" ten="30,7700,0" yaku="7,1,9,1,54,2" doraHai="28" who="3" fromWho="2" sc="240,0,224,0,429,-77,97,87" /><INIT seed="5,0,0,0,4,132" ten="240,224,352,184" oya="1" hai0="108,113,127,106,53,50,71,42,38,95,19,89,46" hai1="33,4,111,119,48,77,25,57,80,72,83,123,92" hai2="15,24,93,99,20,18,96,101,65,86,51,23,11" hai3="31,32,114,7,128,39,74,79,37,61,10,107,43"/><U34/><E123/><V131/><F131/><W102/><G128/><T45/><D106/><U27/><E119/><V59/><F86/><W115/><G61/><T1/><D71/><U55/><E111/><V13/><F13/><BYE who="2" /><W56/><G56/><T81/><D81/><U30/><E4/><V124/><F124/><W97/><G79/><T100/><D100/><U87/><E92/><V36/><F36/><W122/><G74/><T9/><D108/><U112/><E112/><N who="3" m="43050" /><G122/><UN n2="%E8%97%A4%E4%BA%95%E8%81%A1%E5%A4%AA" /><T70/><D70/><U63/><E63/><N who="2" m="38143" /><F99/><W21/><G21/><N who="2" m="8265" /><F51/><W125/><G43/><T85/><D113/><U64/><E64/><V103/><F24/><N who="3" m="18535" /><G125/><T88/><D89/><AGARI ba="0,0" hai="11,15,18,89,93,96,101,103" m="8265,38143" machi="89" ten="30,1000,0" yaku="8,1" doraHai="132" who="2" fromWho="0" sc="240,-10,224,0,352,10,184,0" /><INIT seed="6,0,0,3,3,112" ten="230,224,362,184" oya="2" hai0="111,56,73,133,7,21,36,44,132,74,18,91,5" hai1="125,99,66,33,61,76,24,90,79,78,58,80,134" hai2="46,65,123,30,29,45,19,135,110,27,41,85,121" hai3="118,94,128,3,32,49,48,97,82,96,28,77,34"/><V89/><F135/><N who="0" m="51786" /><D111/><U122/><E134/><V101/><F110/><W55/><G3/><T104/><D104/><U126/><E122/><V63/><F101/><W50/><G128/><T59/><D91/><U22/><E33/><V107/><F19/><W52/><G118/><T120/><D120/><U100/><E90/><V43/><F107/><W14/><G14/><T117/><D117/><U39/><E39/><V102/><F45/><W113/><G113/><T119/><D119/><U109/><E109/><V42/><F46/><W69/><G69/><T31/><D31/><N who="1" m="17815" /><E80/><V35/><F102/><W10/><G10/><T92/><D92/><AGARI ba="0,0" hai="58,61,66,76,78,79,92,99,100,125,126" m="17815" machi="92" ten="30,1000,0" yaku="25,1" doraHai="112" who="1" fromWho="0" sc="230,-10,224,10,362,0,184,0" /><INIT seed="7,0,0,5,1,106" ten="220,234,362,184" oya="3" hai0="69,87,96,66,95,13,116,118,61,46,20,11,71" hai1="78,93,107,64,30,50,122,54,124,104,76,82,117" hai2="73,35,57,21,68,7,92,60,77,126,27,36,24" hai3="134,10,119,65,45,40,63,28,12,132,56,99,75"/><W90/><G119/><T114/><D114/><U83/><E64/><V130/><F36/><W131/><G131/><T94/><D71/><U103/><E30/><V108/><F68/><W111/><G28/><T128/><D128/><U120/><E54/><V74/><F108/><W22/><G22/><T32/><D32/><U42/><E50/><V85/><F7/><W81/><G111/><T52/><D20/><U109/><E42/><V0/><F0/><W48/><G99/><T25/><D25/><U86/><E109/><V67/><F126/><W115/><G115/><T125/><D125/><U133/><E124/><V16/><F130/><W47/><G47/><T97/><D87/><N who="1" m="48583" /><E133/><N who="3" m="51306" /><G90/><T102/><D52/><U9/><E9/><V6/><F35/><W1/><G1/><T18/><D46/><U89/><E117/><V8/><F24/><W41/><G41/><T39/><D39/><U38/><E38/><V4/><F8/><W91/><G91/><AGARI ba="0,0" hai="11,13,18,61,66,69,91,94,95,96,97,102,116,118" machi="91" ten="30,1000,0" yaku="7,1" doraHai="106" who="0" fromWho="3" sc="220,10,234,0,362,0,184,-10" owari="230,-17.0,234,3.0,362,47.0,174,-33.0" /></mjloggm>