<mjloggm ver="2.3"><GO type="169" lobby="0"/><UN n0="%E3%82%B7%E3%83%A9%E3%80%82" n1="%E3%82%88%E3%82%8D%E3%81%97%E3%81%8F%E3%81%A7%E3%81%99%E2%99%AA" n2="%E3%81%AF%E3%81%90%E3%82%8A%E3%82%93%EF%BC%A0" n3="%E5%90%89%E7%A5%A5%E5%AF%BA%4B%47" dan="17,17,17,17" rate="2222.12,2086.74,2156.03,2199.93" sx="M,F,M,M"/><TAIKYOKU oya="0"/><INIT seed="0,0,0,1,3,56" ten="250,250,250,250" oya="0" hai0="53,98,86,9,130,27,60,25,71,30,50,11,69" hai1="94,103,96,133,12,131,118,79,126,75,93,23,121" hai2="67,2,66,65,4,10,123,18,28,20,108,8,73" hai3="132,122,55,97,89,74,107,109,77,36,1,105,35"/><T68/><D130/><U48/><E118/><V112/><F123/><W46/><G35/><T16/><D86/><U88/><E121/><V37/><F112/><W22/><G122/><T32/><D98/><U0/><E0/><V81/><F108/><W34/><G34/><T3/><D3/><U51/><E131/><V54/><F10/><W95/><G1/><T106/><D106/><U47/><E133/><V116/><F116/><W84/><G132/><T87/><D87/><U85/><E126/><V42/><F54/><W76/><G109/><T117/><D117/><U6/><E75/><V115/><F28/><W83/><G77/><T33/><D33/><U17/><E79/><V102/><F102/><N who="3" m="62671" /><G22/><T63/><D11/><N who="1" m="4215" /><E47/><V104/><F104/><W62/><G107/><T128/><D128/><U19/><E19/><V78/><F115/><W70/><G46/><T13/><REACH who="0" step="1"/><D25/><AGARI ba="0,0" hai="17,23,25,48,51,85,88,93,94,96,103" m="4215" machi="25" ten="30,2000,0" yaku="8,1,54,1" doraHai="56" who="1" fromWho="0" sc="250,-20,250,20,250,0,250,0" /><INIT seed="1,0,0,0,2,21" ten="230,270,250,250" oya="1" hai0="120,71,84,114,75,92,95,14,69,93,98,18,74" hai1="79,128,124,119,28,132,7,15,54,113,48,118,22" hai2="61,30,44,6,110,73,121,102,3,96,10,130,63" hai3="90,43,27,51,77,33,49,101,78,106,103,50,39"/><U24/><E113/><V58/><F121/><W123/><G123/><T125/><D120/><U94/><E128/><V17/><F130/><W70/><G70/><T45/><D114/><U87/><E132/><V131/><F131/><W53/><G90/><T86/><D125/><U41/><E124/><V97/><F73/><W126/><G126/><T91/><D98/><U34/><E41/><V68/><F110/><W116/><G116/><T135/><D135/><U115/><E115/><V12/><F44/><W105/><G53/><T1/><D1/><U72/><E72/><V64/><F30/><W59/><G59/><T82/><D45/><U117/><E7/><V32/><F32/><W20/><G33/><T67/><D75/><U36/><E36/><V122/><F122/><W100/><G39/><T31/><D31/><U38/><E38/><V2/><F96/><W35/><G35/><T13/><D74/><U26/><E15/><V83/><F83/><W19/><REACH who="3" step="1"/><G43/><REACH who="3" ten="230,270,250,240" step="2"/><T47/><D71/><U99/><E79/><AGARI ba="0,1" hai="19,20,27,49,50,51,77,78,79,100,101,103,105,106" machi="79" ten="40,8000,1" yaku="1,1,2,1,52,1,53,1" doraHai="21" doraHaiUra="23" who="3" fromWho="1" sc="230,0,270,-80,250,0,240,90" /><INIT seed="2,0,0,2,5,37" ten="230,190,250,330" oya="2" hai0="46,10,90,122,13,53,110,27,32,91,52,119,95" hai1="34,33,2,127,36,55,43,9,38,21,1,35,103" hai2="124,51,31,129,54,63,118,5,88,133,112,116,58" hai3="16,115,15,111,40,65,7,49,71,77,0,98,106"/><V87/><F112/><W25/><G111/><T29/><D110/><U120/><E120/><V102/><F124/><W47/><G77/><T135/><D135/><U93/><E127/><V48/><F133/><W89/><G115/><T57/><D119/><U11/><E55/><V18/><F102/><W23/><G0/><T59/><D122/><U4/><E21/><V20/><F31/><W42/><G71/><T125/><D125/><U114/><E114/><V86/><F5/><W17/><G65/><T66/><D66/><U121/><E121/><V61/><F129/><W64/><G64/><T131/><D131/><U24/><E24/><V101/><F101/><W73/><G73/><T113/><D113/><U81/><E81/><V28/><F28/><W50/><G7/><T132/><D132/><U68/><E68/><V74/><F74/><W100/><G89/><T79/><D79/><U94/><E103/><V44/><F86/><W85/><G85/><T134/><D134/><U60/><E35/><V3/><F3/><W56/><G56/><T78/><D78/><U123/><E123/><V39/><F39/><W99/><G99/><T76/><D76/><U67/><E4/><V41/><F118/><W70/><G70/><T128/><D128/><U92/><E34/><V104/><F104/><W107/><G107/><T109/><D109/><U8/><E33/><V69/><F69/><W83/><G83/><T84/><D91/><U117/><E117/><V82/><F116/><W22/><G50/><N who="0" m="28759" /><D53/><AGARI ba="0,0" hai="15,16,17,22,23,25,40,42,47,49,53,98,100,106" machi="53" ten="30,7700,0" yaku="7,1,52,2,54,1" doraHai="37" who="3" fromWho="0" sc="230,-77,190,0,250,0,330,77" /><INIT seed="3,0,0,4,1,130" ten="153,190,250,407" oya="3" hai0="79,87,83,135,29,94,115,71,123,133,134,69,111" hai1="5,31,131,51,132,11,97,17,122,127,26,100,124" hai2="108,129,22,118,8,84,120,28,105,70,48,55,46" hai3="34,53,101,18,91,59,3,96,4,45,72,89,9"/><W80/><G34/><T64/><D123/><U13/><E122/><V1/><F120/><W75/><G45/><T12/><D111/><U86/><E131/><V15/><F108/><W27/><G27/><T92/><D115/><U14/><E86/><V95/><F118/><W117/><G18/><T49/><D29/><U90/><E90/><V50/><F105/><W61/><G117/><T73/><D73/><U47/><E132/><V33/><F70/><N who="0" m="26634" /><D64/><U23/><E51/><V107/><F1/><W112/><G112/><T109/><D109/><U35/><REACH who="1" step="1"/><E47/><REACH who="1" ten="153,180,250,407" step="2"/><V44/><F50/><W113/><G113/><T43/><D12/><U125/><E125/><V7/><F15/><W126/><G126/><T40/><D49/><U62/><E62/><V63/><F63/><W19/><G91/><T24/><D24/><U85/><E85/><V102/><F84/><W81/><G89/><T57/><D57/><U37/><E37/><V104/><F48/><W116/><G116/><T20/><D20/><U121/><E121/><V65/><F22/><W56/><G75/><T114/><D114/><U39/><E39/><V25/><F129/><W38/><G72/><T74/><D74/><U6/><E6/><V67/><F7/><W93/><G38/><T41/><AGARI ba="0,1" hai="40,41,43,79,83,87,92,94,133,134,135" m="26634" machi="41" ten="40,8000,1" yaku="20,1,52,3" doraHai="130" who="0" fromWho="0" sc="153,90,180,-20,250,-20,407,-40" /><INIT seed="4,0,0,2,5,59" ten="243,160,230,367" oya="0" hai0="8,80,102,38,23,134,126,22,55,24,105,78,48" hai1="31,74,39,30,86,66,76,44,26,81,93,35,95" hai2="104,15,36,3,46,69,112,117,101,2,132,64,83" hai3="128,89,17,99,88,87,56,45,131,114,62,25,29"/><T58/><D134/><U28/><E66/><V121/><F121/><W63/><G114/><T129/><D129/><N who="3" m="49737" /><G56/><T61/><D126/><U100/><E100/><V37/><F112/><W108/><G108/><T43/><D38/><U10/><E10/><V97/><F117/><W13/><G45/><T34/><D8/><U11/><E31/><V54/><F132/><W19/><G99/><T84/><D102/><U133/><E133/><V1/><F15/><W94/><G89/><T124/><D105/><U91/><E30/><V7/><F7/><W5/><G5/><T96/><D124/><U73/><E11/><V119/><F119/><W72/><G72/><T111/><D111/><U53/><E95/><V20/><F20/><N who="3" m="11311" /><G19/><T12/><D96/><U70/><E70/><V125/><F125/><W68/><G68/><T122/><D122/><U52/><REACH who="1" step="1"/><E74/><REACH who="1" ten="243,150,230,367" step="2"/><V113/><F113/><W116/><G116/><T42/><D34/><AGARI ba="0,1" hai="25,29,34,62,63,87,88,94" m="11311,49737" machi="34" ten="30,7700,0" yaku="19,1,52,2,54,1" doraHai="59" who="3" fromWho="0" sc="243,-77,150,0,230,0,367,87" /><INIT seed="5,0,0,0,3,36" ten="166,150,230,454" oya="1" hai0="69,68,129,113,130,90,81,63,87,11,118,64,102" hai1="93,6,107,114,78,79,117,50,59,20,44,134,3" hai2="91,120,97,88,30,38,124,17,33,121,5,133,62" hai3="39,4,96,104,80,101,89,40,12,119,103,56,14"/><U43/><E117/><V57/><F38/><W123/><G123/><T72/><D118/><U34/><E107/><V61/><F5/><W70/><G70/><T84/><D113/><U100/><E34/><V52/><F133/><W116/><G103/><T60/><D72/><U115/><E134/><V35/><F124/><W125/><G125/><T99/><D11/><N who="1" m="2527" /><E20/><V92/><F35/><W48/><G39/><T73/><D73/><U37/><E100/><V76/><F76/><W94/><G80/><T46/><D46/><N who="1" m="23919" /><E59/><V108/><F17/><W85/><G14/><T135/><D87/><U112/><E93/><V41/><F41/><AGARI ba="0,0" hai="41,44,50,78,79,112,114,115" m="23919,2527" machi="41" ten="30,5800,0" yaku="15,1,52,2" doraHai="36" who="1" fromWho="2" sc="166,0,150,58,230,-58,454,0" /><INIT seed="5,1,0,2,1,95" ten="166,208,172,454" oya="1" hai0="93,20,3,11,64,58,15,86,45,0,59,73,74" hai1="4,51,18,87,84,89,24,29,104,53,114,78,94" hai2="99,90,56,65,109,119,117,92,129,44,21,85,70" hai3="17,81,122,103,50,2,61,62,133,40,30,27,8"/><U9/><E104/><V42/><F70/><W100/><G133/><T113/><D113/><U105/><E105/><V98/><F129/><W32/><G122/><T46/><D20/><U102/><E114/><V38/><F109/><W125/><G125/><T47/><D86/><U101/><E18/><V67/><F21/><W135/><G135/><T54/><D93/><U82/><E24/><V132/><F132/><W28/><G28/><T49/><D64/><U36/><E36/><V96/><REACH who="2" step="1"/><F56/><REACH who="2" ten="166,208,162,454" step="2"/><W111/><G111/><T126/><D59/><U22/><E22/><V19/><F19/><W14/><G17/><T69/><D69/><U60/><E29/><V57/><F57/><W26/><G30/><T79/><D126/><U48/><E9/><V131/><F131/><W128/><G8/><T52/><D47/><U10/><E10/><V123/><F123/><W107/><G128/><T1/><D46/><U106/><E4/><V108/><F108/><W71/><G71/><T33/><D33/><U25/><E25/><V12/><F12/><W116/><G14/><T118/><D15/><U112/><E112/><V43/><F43/><W120/><G26/><T121/><D11/><U91/><E78/><V66/><AGARI ba="1,1" hai="38,42,44,65,66,67,85,90,92,96,98,99,117,119" machi="66" ten="30,8000,1" yaku="1,1,0,1,52,3,53,0" doraHai="95" doraHaiUra="13" who="2" fromWho="2" sc="166,-21,208,-41,162,93,454,-21" /><INIT seed="6,0,0,3,3,92" ten="145,167,255,433" oya="2" hai0="76,102,58,128,3,11,32,27,107,52,0,2,10" hai1="26,60,31,47,119,125,103,5,116,4,96,135,82" hai2="127,114,68,94,98,111,15,132,49,35,22,75,83" hai3="45,74,79,50,53,46,106,134,25,113,85,23,13"/><V59/><F35/><W7/><G106/><T112/><D112/><U101/><E125/><V48/><F114/><W124/><G74/><T81/><D128/><U37/><E135/><V117/><F68/><W89/><G79/><T88/><D32/><U20/><E82/><V84/><F75/><W51/><G134/><T12/><D27/><U19/><E103/><V62/><F117/><W78/><G78/><T17/><D11/><U126/><E126/><V105/><F105/><W42/><G124/><T130/><D130/><U87/><E87/><V67/><F111/><W73/><G73/><T34/><D34/><U61/><E119/><V18/><F132/><W123/><G123/><T65/><D65/><U63/><E116/><V110/><F110/><W120/><G120/><T40/><D40/><U129/><E129/><V80/><F80/><W39/><G39/><T93/><D102/><U86/><E86/><V43/><F43/><W115/><G13/><T1/><D107/><U64/><E64/><V8/><F8/><W95/><G7/><N who="1" m="2634" /><E37/><V38/><F38/><W57/><G45/><T100/><D100/><U131/><E47/><V69/><F69/><W121/><G121/><T90/><N who="0" m="0" /><DORA hai="54" /><T91/><D93/><N who="1" m="58511" /><E131/><V29/><F127/><W108/><G108/><T24/><D24/><U16/><AGARI ba="0,0" hai="16,19,20,26,31,60,61,63" m="58511,2634" machi="16" ten="30,4000,0" yaku="8,1,52,1,54,1" doraHai="92,54" who="1" fromWho="1" sc="145,-10,167,40,255,-20,433,-10" /><INIT seed="7,0,0,1,3,66" ten="135,207,235,423" oya="3" hai0="42,35,73,5,90,4,67,103,106,56,27,71,104" hai1="92,87,50,112,81,101,115,31,97,99,37,53,19" hai2="48,14,51,52,129,110,84,25,12,59,30,1,82" hai3="32,11,34,18,74,68,119,91,61,135,76,126,17"/><W114/><G91/><T2/><D73/><U116/><E37/><V20/><F110/><W26/><G18/><T78/><D78/><N who="1" m="46519" /><E116/><V8/><F129/><W41/><G11/><T22/><D35/><U24/><E19/><V15/><F1/><W122/><G61/><T98/><D106/><U109/><E109/><V125/><F125/><W127/><G41/><T113/><D113/><N who="1" m="43595" /><E99/><V83/><F48/><W6/><G26/><T88/><D56/><N who="1" m="32823" /><E24/><V49/><F49/><W38/><G6/><T134/><D134/><U93/><E31/><V86/><F8/><W62/><G62/><T130/><D130/><U46/><E46/><V89/><F12/><W43/><G43/><T85/><D42/><U131/><E131/><V69/><F69/><W118/><G17/><T133/><D133/><U3/><E3/><V60/><F60/><W111/><G76/><AGARI ba="0,0" hai="14,15,20,25,30,51,52,59,76,82,83,84,86,89" machi="76" ten="30,3900,0" yaku="7,1,8,1,54,1" doraHai="66" who="2" fromWho="3" sc="135,0,207,0,235,39,423,-39" owari="135,-36.0,207,-19.0,274,7.0,384,48.0" /></mjloggm>