<mjloggm ver="2.3"><GO type="185" lobby="0"/><UN n0="%28%C2%B4%E3%81%B8%CE%B5%E3%81%B8%60%29" n1="%E5%8C%97%E5%B0%8F%E8%B7%AF%3A%E9%9A%86%E5%A4%AA" n2="%E8%97%A4%E4%BA%95%E8%81%A1%E5%A4%AA" n3="" dan="20,16,20,0" rate="2233.01,2214.87,2426.14,1500.00" sx="M,M,M,C"/><TAIKYOKU oya="0"/><INIT seed="0,0,0,1,2,85" ten="350,350,350,0" oya="0" hai0="58,0,61,97,86,65,48,56,55,103,81,84,114" hai1="78,67,89,57,101,39,53,32,80,117,75,76,115" hai2="35,121,131,43,42,91,135,37,71,92,74,50,110" hai3=""/><T100/><D114/><U47/><E32/><V83/><N who="2" m="31008" /><V113/><F113/><T108/><D0/><U34/><E34/><V82/><F35/><T66/><D108/><U2/><E2/><V107/><F107/><T126/><D126/><U102/><E117/><V109/><F37/><T49/><D65/><U96/><E115/><V95/><F71/><T134/><D134/><U112/><E112/><V105/><F105/><T106/><D100/><U44/><E76/><V127/><F50/><T45/><REACH who="0" step="1"/><D81/><REACH who="0" ten="340,350,350,0" step="2"/><U94/><E67/><V70/><F127/><T124/><D124/><U60/><E102/><V98/><F135/><T118/><D118/><U119/><E119/><V130/><F82/><T123/><N who="0" m="31520" /><T1/><D1/><U111/><E111/><V122/><F83/><T79/><D79/><U54/><E80/><V46/><F110/><T63/><D63/><U99/><E60/><V104/><F109/><T77/><D77/><U125/><E125/><V87/><F122/><T33/><D33/><U51/><E101/><V40/><F131/><T3/><D3/><U36/><E78/><V132/><F130/><T41/><AGARI ba="0,1" hai="41,45,48,49,55,56,58,61,66,84,86,97,103,106" m="31520" machi="41" ten="20,5200,0" yaku="1,1,0,1,7,1,52,1,53,0" doraHai="85" doraHaiUra="72" who="0" fromWho="0" sc="340,62,350,-26,350,-26,0,0" /><INIT seed="0,1,0,3,3,117" ten="402,324,324,0" oya="0" hai0="133,105,134,100,72,62,1,128,107,119,38,113,92" hai1="91,115,0,93,120,123,34,79,88,129,68,83,114" hai2="44,50,78,135,47,59,121,73,101,49,74,57,122" hai3=""/><T118/><D38/><U48/><N who="1" m="30752" /><U65/><N who="1" m="31520" /><U90/><E0/><V125/><F101/><T106/><D1/><U71/><E34/><V41/><F125/><T58/><D72/><U37/><E37/><V43/><REACH who="2" step="1"/><F78/><REACH who="2" ten="402,324,314,0" step="2"/><T2/><D2/><U66/><E129/><V96/><F96/><T35/><D128/><U99/><E48/><V108/><F108/><T132/><D35/><U110/><E110/><V81/><F81/><T63/><D119/><U116/><E116/><V124/><F124/><T76/><D118/><U56/><E56/><V61/><F61/><T69/><D63/><U53/><E53/><V75/><F75/><T102/><D58/><U94/><E68/><V77/><F77/><T95/><D62/><U85/><E71/><V82/><F82/><T97/><D69/><U67/><REACH who="1" step="1"/><E90/><REACH who="1" ten="402,314,314,0" step="2"/><V131/><F131/><T39/><D39/><U130/><E130/><V54/><F54/><T112/><D132/><AGARI ba="1,2" hai="41,43,44,47,49,50,57,59,73,74,121,122,132,135" machi="132" ten="25,8000,1" yaku="1,1,22,2,52,2,53,0" doraHai="117" doraHaiUra="109" who="2" fromWho="0" sc="402,-82,314,0,314,102,0,0" /><INIT seed="1,0,0,1,1,126" ten="320,314,416,0" oya="1" hai0="101,50,129,105,37,44,53,51,86,96,73,74,131" hai1="85,87,123,97,83,117,95,43,39,3,130,113,62" hai2="89,1,46,94,54,52,56,102,88,124,91,66,134" hai3=""/><U110/><N who="1" m="31520" /><U59/><E3/><V58/><F1/><T35/><D35/><U84/><E113/><V32/><F32/><T40/><D86/><U103/><E117/><V77/><F124/><T2/><D2/><U135/><E135/><V92/><F134/><T116/><D116/><U93/><E110/><V132/><F132/><T118/><D118/><U71/><E71/><V60/><F77/><T47/><REACH who="0" step="1"/><D37/><REACH who="0" ten="310,314,416,0" step="2"/><U55/><E130/><AGARI ba="0,1" hai="40,44,47,50,51,53,73,74,96,101,105,129,130,131" machi="130" ten="40,12000,2" yaku="1,1,2,1,19,1,52,3,53,0" doraHai="126" doraHaiUra="34" who="0" fromWho="1" sc="310,130,314,-120,416,0,0,0" /><INIT seed="2,0,0,0,4,59" ten="440,194,416,0" oya="2" hai0="57,38,98,82,108,55,37,50,48,113,71,84,56" hai1="40,122,75,51,125,54,99,85,36,95,52,32,83" hai2="62,116,126,134,39,127,73,123,94,76,111,88,86" hai3=""/><V93/><N who="2" m="31520" /><V96/><F39/><T64/><D108/><U0/><N who="1" m="31264" /><U70/><E0/><V67/><F116/><T68/><D113/><U74/><E32/><V65/><F111/><T92/><D37/><U107/><E107/><V1/><F1/><T35/><D38/><U60/><E125/><N who="2" m="47627" /><F134/><T33/><D33/><U135/><E135/><V101/><F62/><T80/><D35/><U91/><E40/><V132/><F132/><T118/><D118/><U119/><E119/><V47/><F47/><T131/><D131/><U87/><E87/><V45/><F45/><T42/><D42/><U44/><E36/><V124/><N who="2" m="47635" /><V129/><DORA hai="49" /><F129/><T77/><D82/><AGARI ba="0,0" hai="65,67,73,76,82,86,88,93,94,96,101" m="47635,31520" machi="82" ten="40,7700,0" yaku="18,1,52,1,54,1" doraHai="59,49" who="2" fromWho="0" sc="440,-77,194,0,416,77,0,0" /><INIT seed="2,1,0,5,2,2" ten="363,194,493,0" oya="2" hai0="85,117,78,36,38,37,131,34,128,97,74,112,86" hai1="82,104,77,69,40,123,95,116,47,67,46,42,58" hai2="81,100,106,126,132,102,87,124,94,57,113,55,130" hai3=""/><V61/><F113/><T91/><D117/><U71/><N who="1" m="31520" /><U114/><E104/><V51/><F106/><T60/><D112/><U108/><E114/><V103/><F132/><T99/><D74/><U129/><E116/><V83/><F130/><N who="0" m="49706" /><D34/><U101/><E129/><V70/><F94/><T134/><D134/><U45/><E108/><V121/><N who="2" m="31008" /><V98/><F98/><N who="0" m="37386" /><D78/><U44/><E95/><V62/><F81/><T72/><D72/><U93/><E93/><V107/><F107/><T109/><D109/><U135/><E101/><V0/><F0/><T52/><D91/><U84/><E135/><V120/><N who="2" m="30752" /><V64/><REACH who="2" step="1"/><F62/><REACH who="2" ten="363,194,483,0" step="2"/><T80/><D80/><U56/><E40/><V49/><F49/><T92/><D92/><U127/><E42/><V1/><F1/><T66/><D36/><U33/><E82/><V115/><F115/><T119/><D37/><U111/><E111/><V76/><AGARI ba="1,1" hai="51,55,57,61,64,70,76,83,87,100,102,103,124,126" m="30752,31008" machi="76" ten="30,7800,0" yaku="1,1,0,1,52,2,53,0" doraHai="2" doraHaiUra="110" who="2" fromWho="2" sc="363,-40,194,-40,483,90,0,0" /><INIT seed="2,2,0,3,4,41" ten="323,154,573,0" oya="2" hai0="82,86,34,65,97,113,81,69,123,127,116,106,99" hai1="128,40,70,133,36,53,98,73,43,48,54,76,80" hai2="63,105,89,33,37,92,112,60,57,102,44,50,132" hai3=""/><V103/><F112/><T71/><N who="0" m="31520" /><T77/><D116/><U126/><E133/><V85/><F33/><T120/><N who="0" m="30752" /><T35/><D113/><U39/><E128/><V47/><F132/><T42/><D127/><U68/><E126/><V52/><F105/><T75/><D42/><U51/><E98/><V111/><F111/><T91/><D97/><U74/><E80/><V67/><F37/><T58/><D58/><U55/><E55/><V3/><F3/><T108/><D108/><U1/><REACH who="1" step="1"/><E76/><REACH who="1" ten="323,144,573,0" step="2"/><V32/><F32/><T93/><D35/><U88/><E88/><V125/><F125/><T119/><D34/><U78/><E78/><V59/><F44/><T109/><D109/><U134/><E134/><V94/><F92/><T101/><D93/><U49/><E49/><V122/><N who="2" m="31264" /><V66/><AGARI ba="2,1" hai="47,50,52,57,59,60,63,66,67,85,89,94,102,103" m="31264" machi="66" ten="20,16000,3" yaku="4,1,0,1,7,1,9,1,8,1,52,2,54,1" doraHai="41" who="2" fromWho="2" sc="323,-82,144,-82,573,174,0,0" /><INIT seed="2,3,0,3,1,121" ten="241,62,747,0" oya="2" hai0="38,118,109,3,52,64,105,84,53,59,120,43,86" hai1="108,33,85,127,68,133,119,71,76,0,49,60,88" hai2="94,36,126,1,92,129,98,40,56,61,125,111,41" hai3=""/><V79/><F1/><T124/><N who="0" m="30752" /><T46/><D3/><U51/><E0/><V128/><F79/><T93/><D105/><U130/><E33/><V82/><F82/><T32/><D32/><U132/><E127/><N who="2" m="48651" /><F111/><T50/><D124/><U34/><E34/><V89/><F92/><T48/><D118/><U134/><E119/><V115/><F115/><T83/><D109/><U78/><E108/><V69/><F69/><N who="1" m="26697" /><E60/><V135/><F135/><N who="1" m="34561" /><U112/><DORA hai="96" /><E112/><V131/><F36/><T80/><D93/><U74/><E74/><V62/><F62/><T102/><D80/><U57/><E130/><V58/><F58/><T116/><D116/><U97/><E97/><V113/><F113/><T44/><D84/><U101/><E101/><V75/><F75/><T91/><D102/><U90/><E57/><V66/><AGARI ba="3,0" hai="40,41,56,61,66,89,94,98,128,129,131" m="48651" machi="66" ten="40,2600,0" yaku="19,1,18,1" doraHai="121,96" who="2" fromWho="2" sc="241,-16,62,-16,747,32,0,0" /><INIT seed="2,4,0,2,0,62" ten="225,46,779,0" oya="2" hai0="123,3,105,76,70,60,84,69,67,44,118,80,50" hai1="74,90,49,47,110,116,64,45,71,133,94,38,41" hai2="63,43,81,35,117,130,56,111,93,97,99,106,73" hai3=""/><V33/><F117/><T85/><N who="0" m="31520" /><T119/><D105/><U127/><E116/><V51/><F130/><T83/><D69/><U128/><E133/><V72/><F111/><T54/><REACH who="0" step="1"/><D3/><REACH who="0" ten="215,46,779,0" step="2"/><U66/><E128/><V103/><F106/><T61/><D61/><U1/><E110/><V92/><F63/><T100/><D100/><U112/><E1/><V131/><F103/><T129/><D129/><U59/><E112/><V55/><F131/><T113/><D113/><U132/><E132/><V115/><F115/><T79/><AGARI ba="4,1" hai="44,50,54,60,67,70,76,79,80,83,84,85,118,119" m="31520" machi="79" ten="20,9000,2" yaku="1,1,0,1,7,1,9,1,52,2,53,0" doraHai="62" doraHaiUra="107" who="0" fromWho="0" sc="215,108,46,-34,779,-64,0,0" /><INIT seed="4,0,0,5,0,120" ten="323,12,715,0" oya="0" hai0="42,77,52,48,90,95,114,129,133,69,122,65,57" hai1="76,34,78,119,0,81,112,116,74,113,54,53,103" hai2="98,131,87,37,121,104,83,67,102,68,58,134,130" hai3=""/><T97/><N who="0" m="31264" /><T88/><D114/><N who="1" m="44139" /><E0/><V109/><N who="2" m="31008" /><V60/><F109/><T55/><D129/><U62/><E34/><V3/><F37/><T100/><D133/><U43/><E43/><V59/><F3/><T70/><D42/><U110/><E110/><V63/><F134/><T32/><D32/><U92/><E76/><V117/><F117/><N who="1" m="45129" /><E62/><V123/><N who="2" m="31520" /><V47/><F47/><T94/><D65/><U99/><AGARI ba="0,0" hai="53,54,74,78,81,92,99,103" m="45129,44139" machi="99" ten="40,2000,0" yaku="15,1,11,1" doraHai="120" who="1" fromWho="1" sc="323,-13,12,20,715,-7,0,0" /><INIT seed="5,0,0,1,5,107" ten="310,32,708,0" oya="1" hai0="67,42,65,2,46,52,32,84,35,114,77,86,99" hai1="106,101,50,45,108,130,3,103,81,78,88,39,61" hai2="73,97,127,72,40,135,63,80,76,131,124,123,53" hai3=""/><U112/><E3/><V116/><N who="2" m="31520" /><V66/><F116/><T109/><D109/><U70/><E112/><V87/><F131/><T89/><D2/><U92/><E108/><V128/><F128/><T82/><D114/><U38/><E130/><V56/><F135/><T122/><N who="0" m="31264" /><T37/><D99/><U105/><E106/><V129/><F129/><T111/><D111/><U64/><E105/><V57/><F40/><T100/><D100/><U60/><E60/><V120/><N who="2" m="30752" /><V0/><F97/><T125/><D125/><N who="2" m="48202" /><F0/><T83/><D67/><U91/><E103/><V33/><F33/><T102/><D46/><U133/><E101/><V55/><F53/><T117/><D84/><U51/><E133/><V90/><F90/><T110/><D83/><U134/><E134/><V119/><F119/><T47/><D37/><U41/><E38/><V49/><AGARI ba="0,0" hai="49,55,56,57,63,66,72,73,76,80,87" m="48202,30752,31520" machi="49" ten="30,6000,1" yaku="18,1,52,4" doraHai="107" who="2" fromWho="2" sc="310,-20,32,-40,708,60,0,0" owari="290,-11.0,-8,-61.0,768,72.0,0,0.0" /></mjloggm>