<mjloggm ver="2.3"><GO type="169" lobby="0"/><UN n0="%7A%65%52%6F" n1="%E5%90%89%E7%B1%B3%E8%80%81%E5%B8%AB" n2="%E8%B5%A4%E5%9F%8E%E7%9C%9F%E5%AD%90" n3="%E7%B7%91%E3%81%AE%E3%83%A9%E3%83%B3%E3%83%97" dan="17,16,17,16" rate="2207.93,2061.20,2218.51,2155.33" sx="M,M,F,M"/><TAIKYOKU oya="0"/><INIT seed="0,0,0,1,2,12" ten="250,250,250,250" oya="0" hai0="11,68,91,16,37,95,69,3,58,101,109,56,26" hai1="30,67,71,17,61,82,107,7,62,110,75,87,19" hai2="128,54,63,39,98,42,38,53,23,100,131,129,79" hai3="60,14,77,92,49,27,31,80,112,40,72,127,115"/><T104/><D37/><N who="2" m="13834" /><F42/><W86/><G127/><T10/><D104/><U133/><E107/><V73/><F63/><W90/><G60/><T135/><D101/><U126/><E126/><V5/><F5/><W93/><G93/><T83/><D83/><U0/><E110/><V20/><F79/><W106/><G106/><T2/><D135/><U8/><E133/><V130/><N who="2" m="32768" /><DORA hai="64" /><V134/><F73/><W116/><G116/><T99/><D109/><U21/><E75/><V103/><F134/><W117/><G117/><T44/><D44/><U4/><E4/><V94/><F100/><W118/><G118/><T65/><D65/><U43/><E43/><V66/><F66/><W59/><G40/><T48/><D48/><U47/><E47/><V102/><F102/><W105/><G105/><T9/><D58/><U111/><E111/><V24/><F23/><W70/><G59/><T35/><D56/><U13/><E62/><V34/><F34/><W81/><G49/><T28/><REACH who="0" step="1"/><D16/><AGARI ba="0,0" hai="16,20,24,53,54,94,98,103" m="32768,13834" machi="16" ten="60,7700,0" yaku="19,1,52,1,54,1" doraHai="12,64" who="2" fromWho="0" sc="250,-77,250,0,250,77,250,0" /><INIT seed="1,0,0,3,4,24" ten="173,250,327,250" oya="1" hai0="114,31,91,92,11,25,78,126,43,15,54,106,17" hai1="8,32,6,56,65,105,118,74,71,0,133,28,104" hai2="50,38,82,20,57,102,5,23,107,134,93,12,76" hai3="27,3,86,101,41,4,35,51,121,2,110,59,108"/><U127/><E118/><V120/><F120/><W61/><G101/><T14/><D114/><U122/><E56/><V94/><F38/><W83/><G121/><T81/><D126/><U45/><E122/><V64/><F107/><W49/><G4/><T1/><D1/><U100/><E127/><V103/><F134/><W40/><G3/><T21/><D106/><N who="1" m="41067" /><E100/><V16/><F5/><W135/><G2/><T34/><D43/><U47/><E47/><V109/><F50/><W99/><G99/><T60/><D60/><N who="1" m="40359" /><E45/><V84/><F103/><W131/><G135/><T90/><D54/><U77/><E133/><V80/><F102/><W13/><G13/><T18/><REACH who="0" step="1"/><D92/><REACH who="0" ten="163,250,327,250" step="2"/><U112/><E112/><V9/><F94/><W97/><G41/><T42/><D42/><U117/><E117/><V95/><F93/><W129/><G40/><T96/><D96/><U125/><E125/><V36/><F95/><W46/><G97/><T85/><AGARI ba="0,1" hai="11,14,15,17,18,21,25,31,34,78,81,85,90,91" machi="85" ten="20,5200,0" yaku="1,1,0,1,7,1,52,1,53,0" doraHai="24" doraHaiUra="48" who="0" fromWho="0" sc="163,62,250,-26,327,-13,250,-13" /><INIT seed="2,0,0,5,2,48" ten="225,224,314,237" oya="2" hai0="117,78,50,93,75,4,123,115,17,98,7,59,8" hai1="107,46,26,47,35,18,54,21,69,92,9,60,119" hai2="28,120,30,104,73,79,94,128,1,44,105,124,86" hai3="64,106,112,125,31,129,55,85,65,97,67,38,68"/><V110/><F1/><W14/><G129/><T131/><D123/><U16/><E107/><N who="2" m="41035" /><F44/><W61/><G125/><T56/><D115/><U111/><E119/><V102/><F30/><W40/><G112/><T27/><D75/><U101/><E35/><V43/><F43/><W132/><G85/><T90/><D78/><U71/><E111/><V24/><F24/><W80/><G80/><T81/><D81/><U96/><E47/><V63/><F63/><W70/><G31/><T100/><D131/><U91/><E101/><V36/><F28/><W134/><G97/><T5/><D117/><U83/><E83/><N who="2" m="47487" /><F36/><W130/><G106/><T34/><D100/><U3/><E3/><V20/><F20/><W12/><G12/><N who="0" m="7303" /><D34/><U118/><E118/><V135/><F128/><W84/><G14/><T66/><D66/><U13/><E46/><V121/><F124/><W103/><G130/><T58/><D27/><U82/><E82/><V133/><F73/><W52/><G67/><T122/><D122/><N who="2" m="47210" /><F110/><W62/><G38/><T88/><D90/><U0/><E0/><V22/><F22/><W57/><G40/><T11/><D11/><U77/><E77/><V95/><F95/><W72/><G72/><T2/><D2/><U45/><E45/><V126/><F126/><W108/><G108/><T37/><D37/><U15/><E13/><V114/><F114/><W33/><G33/><T29/><D29/><U42/><E42/><V99/><AGARI ba="0,0" hai="94,99,102,133,135" m="47210,47487,41035" machi="99" ten="40,3900,0" yaku="34,2" doraHai="48" who="2" fromWho="2" sc="225,-13,224,-13,314,39,237,-13" /><INIT seed="2,1,0,4,1,134" ten="212,211,353,224" oya="2" hai0="132,83,63,33,96,59,14,50,40,67,62,17,36" hai1="98,43,116,61,73,47,13,121,94,65,16,9,125" hai2="30,109,108,86,68,49,31,51,41,46,58,112,76" hai3="23,117,93,127,3,80,60,28,27,2,126,72,7"/><V70/><F76/><W115/><G117/><T82/><D132/><U18/><E121/><V128/><F86/><W56/><G115/><T104/><D33/><U37/><E116/><V97/><F97/><W110/><G110/><N who="2" m="42601" /><F31/><W45/><G45/><N who="0" m="25895" /><D36/><U90/><E73/><V0/><F30/><W52/><G93/><T8/><D104/><U32/><E32/><V130/><F0/><W6/><G3/><T102/><D63/><U64/><E125/><N who="3" m="47626" /><G2/><T22/><D96/><U12/><REACH who="1" step="1"/><E61/><REACH who="1" ten="212,201,353,224" step="2"/><V114/><F112/><W79/><AGARI ba="1,1" hai="6,7,23,27,28,52,56,60,72,79,80" m="47626" machi="79" ten="30,8000,1" yaku="18,1,52,3,54,1" doraHai="134" who="3" fromWho="3" sc="212,-21,201,-21,353,-41,224,93" /><INIT seed="3,0,0,3,4,86" ten="191,180,312,317" oya="3" hai0="115,117,84,55,48,21,85,91,38,17,126,127,30" hai1="54,29,79,122,98,78,4,56,32,89,76,125,6" hai2="10,31,133,66,100,65,39,104,80,59,113,23,14" hai3="42,102,87,134,96,8,99,88,50,119,47,33,69"/><W25/><G119/><T43/><D117/><U2/><E122/><V63/><F113/><W1/><G69/><T101/><D115/><U71/><E71/><V28/><F39/><W107/><G134/><T11/><D101/><U77/><E125/><V73/><F133/><W57/><G99/><T9/><D85/><U81/><E29/><V130/><F130/><W105/><G105/><T120/><D43/><U68/><E68/><V13/><F100/><W45/><G33/><T52/><D38/><U129/><E32/><V121/><F73/><W3/><G25/><T64/><D64/><U92/><E129/><V103/><F103/><W7/><G47/><T0/><D30/><U124/><E124/><N who="0" m="47657" /><D0/><U116/><E116/><V83/><F104/><W114/><G57/><N who="0" m="32903" /><D55/><U35/><E35/><V12/><F66/><W24/><G24/><N who="0" m="14383" /><D120/><U67/><E67/><V22/><F10/><W41/><G114/><T61/><D61/><N who="1" m="35991" /><E2/><V34/><F121/><W27/><G27/><T95/><AGARI ba="0,0" hai="9,11,84,91,95" m="14383,32903,47657" machi="95" ten="30,4000,0" yaku="18,1,52,1,54,1" doraHai="86" who="0" fromWho="0" sc="191,40,180,-10,312,-10,317,-20" /><INIT seed="4,0,0,1,1,105" ten="231,170,302,297" oya="0" hai0="59,117,68,36,50,91,104,85,78,54,72,73,17" hai1="43,126,67,112,19,100,61,125,103,99,90,39,57" hai2="37,76,45,55,23,89,129,131,30,93,63,0,8" hai3="3,24,11,64,111,53,87,114,132,18,7,48,2"/><T88/><D117/><U9/><E112/><V42/><F30/><W113/><G64/><T101/><D68/><U12/><E90/><V35/><F35/><W71/><G71/><T98/><D36/><U40/><E100/><V58/><F23/><N who="3" m="13431" /><G87/><T6/><D6/><U94/><REACH who="1" step="1"/><E39/><REACH who="1" ten="231,160,302,297" step="2"/><V46/><F89/><W116/><G116/><T41/><D91/><U26/><E26/><V60/><F37/><W69/><G113/><T123/><D123/><U109/><E109/><V4/><F129/><W119/><G111/><T102/><D102/><U97/><E97/><V106/><F131/><W107/><G119/><T25/><D78/><U134/><E134/><V22/><F76/><W1/><G132/><T115/><D115/><U16/><E16/><V77/><F77/><W82/><G7/><T96/><D96/><U128/><E128/><V49/><F4/><W28/><G28/><T108/><D108/><U10/><E10/><V133/><F8/><W74/><G11/><T51/><D17/><U34/><E34/><V38/><F133/><W31/><G31/><T95/><D25/><U92/><E92/><V86/><F106/><W21/><G107/><T135/><D135/><U52/><E52/><V81/><F93/><W33/><G33/><T32/><D32/><U120/><E120/><V110/><F110/><W70/><G114/><T5/><D5/><U84/><E84/><V75/><F86/><W79/><G21/><T15/><D15/><U66/><E66/><N who="2" m="39191" /><F22/><W118/><G118/><T83/><D104/><U44/><E44/><V29/><F29/><W130/><G130/><RYUUKYOKU ba="0,1" sc="231,10,160,10,302,-30,297,10" hai0="41,50,51,54,59,72,73,83,85,88,95,98,101" hai1="9,12,19,40,43,57,61,67,94,99,103,125,126" hai3="1,2,3,48,53,69,70,74,79,82" /><INIT seed="4,1,1,3,3,64" ten="241,170,272,307" oya="0" hai0="86,45,68,120,126,58,60,66,13,80,48,44,20" hai1="133,34,92,91,93,116,88,101,36,95,73,8,42" hai2="23,128,4,98,130,75,132,114,29,113,53,27,65" hai3="9,84,15,69,99,49,127,112,104,81,35,76,115"/><T16/><D126/><U134/><E34/><V67/><F75/><W110/><G35/><T129/><D129/><N who="2" m="49770" /><F132/><N who="1" m="50793" /><E116/><V108/><F108/><W122/><G122/><T37/><D120/><U30/><E30/><V72/><F72/><W22/><G22/><T38/><D58/><U19/><E73/><V62/><F4/><W14/><G49/><T28/><D28/><U70/><E101/><V102/><F53/><W52/><G110/><T135/><D135/><U125/><E70/><N who="2" m="42295" /><F67/><W97/><G127/><T63/><D63/><U17/><E8/><V121/><F121/><W109/><G9/><T90/><REACH who="0" step="1"/><D45/><REACH who="0" ten="231,170,272,307" step="2"/><N who="1" m="23751" /><E125/><V56/><F56/><W61/><G61/><T50/><D50/><U31/><E31/><V59/><F59/><W71/><G71/><T74/><D74/><U39/><E39/><V32/><F32/><W105/><G69/><T117/><D117/><U82/><E91/><V40/><F40/><AGARI ba="1,2" hai="13,16,20,37,38,40,44,48,60,66,68,80,86,90" machi="40" ten="30,12000,1" yaku="1,1,7,1,52,1,54,1,53,1" doraHai="64" doraHaiUra="43" who="0" fromWho="2" sc="231,143,170,0,272,-123,307,0" /><INIT seed="4,2,0,5,5,118" ten="374,170,149,307" oya="0" hai0="11,21,22,63,114,12,117,41,116,123,68,35,15" hai1="19,93,89,52,104,0,57,73,119,9,128,60,110" hai2="134,29,127,58,54,31,107,130,97,26,1,90,126" hai3="135,27,96,10,79,99,53,76,18,121,67,20,92"/><T61/><D35/><U101/><E110/><V38/><F1/><W71/><G135/><T85/><D41/><U133/><E133/><V86/><F38/><W4/><G99/><T72/><D72/><U84/><E119/><V69/><F69/><W120/><G53/><T5/><D114/><U124/><E124/><V83/><F134/><W13/><G71/><T105/><D105/><U111/><E128/><V115/><F115/><W80/><G67/><T94/><D123/><N who="3" m="47177" /><G80/><T108/><D108/><U33/><E111/><V45/><F45/><W78/><G78/><T47/><D47/><U17/><E52/><V7/><F130/><W46/><G46/><T44/><D44/><U102/><E57/><V16/><F97/><W98/><G98/><T34/><D68/><U56/><E56/><V77/><F77/><W28/><G4/><T75/><D117/><U55/><E55/><V24/><F7/><W81/><G81/><T59/><D116/><U131/><E131/><V125/><F107/><W113/><G113/><T39/><D59/><U103/><E104/><V87/><F87/><W48/><G48/><T95/><D85/><U91/><E84/><V64/><F64/><W8/><G8/><T3/><D11/><U25/><E9/><V132/><F132/><W50/><G50/><T88/><D5/><U32/><E73/><V40/><F40/><W112/><G112/><T82/><D75/><U51/><E51/><V2/><F54/><W109/><G109/><T129/><D129/><U74/><E74/><V100/><F126/><W36/><G36/><T37/><D37/><RYUUKYOKU ba="2,0" sc="374,-10,170,-10,149,-10,307,30" hai3="10,13,18,20,27,28,76,79,92,96" /><INIT seed="5,3,0,3,3,40" ten="364,160,139,337" oya="1" hai0="125,58,121,116,61,128,64,60,50,126,95,79,45" hai1="94,83,15,106,21,101,113,110,124,32,66,100,22" hai2="20,24,27,131,34,96,122,78,39,17,123,23,30" hai3="80,12,90,62,109,103,89,41,114,56,102,53,68"/><U115/><E32/><V44/><F131/><W85/><G109/><T1/><D116/><U19/><E110/><V4/><F78/><W88/><G114/><N who="1" m="43530" /><E124/><N who="0" m="47721" /><D1/><U119/><E119/><V86/><F4/><W43/><G12/><T63/><D128/><U16/><E106/><V132/><F86/><W105/><G68/><T14/><D121/><U47/><E66/><V73/><F73/><W120/><G120/><T18/><D95/><U84/><E94/><V57/><F57/><W65/><G65/><T52/><D79/><N who="1" m="46207" /><E47/><V25/><F96/><W134/><G134/><T35/><D35/><U5/><E5/><V82/><F82/><W29/><G105/><T118/><D118/><U99/><E99/><V54/><F132/><W70/><G70/><T81/><D81/><U75/><E75/><V26/><F122/><W111/><G111/><T6/><D6/><U13/><AGARI ba="3,0" hai="13,15,16,19,21,22,100,101" m="46207,43530" machi="13" ten="30,3000,0" yaku="15,1,54,1" doraHai="40" who="1" fromWho="1" sc="364,-13,160,39,139,-13,337,-13" /><INIT seed="5,4,0,2,3,81" ten="351,199,126,324" oya="1" hai0="61,15,12,77,122,53,108,103,85,2,27,60,21" hai1="74,115,107,132,39,22,7,42,45,98,110,57,124" hai2="125,43,37,89,62,100,86,4,17,14,104,113,11" hai3="13,72,120,69,95,119,118,26,67,97,92,31,50"/><U29/><E74/><V19/><F125/><W52/><G72/><T41/><D108/><U133/><E124/><V87/><F37/><W32/><G120/><T48/><D2/><U102/><E110/><V23/><F43/><W88/><G13/><T129/><D129/><U33/><E115/><V8/><F113/><W90/><G67/><T44/><D122/><U94/><E33/><V55/><F104/><W46/><REACH who="3" step="1"/><G69/><REACH who="3" ten="351,199,126,314" step="2"/><T123/><D123/><U93/><E133/><V64/><F64/><W25/><G25/><T131/><D12/><U65/><E132/><V121/><F121/><W35/><G35/><T40/><D15/><U84/><E7/><V34/><F34/><W73/><G73/><T70/><D70/><U109/><E109/><V10/><F4/><W58/><G58/><T47/><D27/><U76/><E57/><N who="2" m="35135" /><F17/><W111/><G111/><T38/><D131/><U116/><E65/><V106/><F106/><W114/><G114/><T30/><D47/><U83/><E107/><V36/><F36/><W49/><G49/><T96/><D48/><U117/><E45/><V1/><F1/><W127/><G127/><T9/><D61/><U71/><E71/><V0/><F0/><W78/><G78/><T68/><D77/><U5/><E5/><V6/><F6/><W105/><G105/><T18/><D60/><U59/><E39/><V82/><F100/><W80/><G80/><T54/><D38/><U134/><E102/><V135/><F135/><W51/><G51/><T28/><D44/><U56/><E134/><V75/><F75/><W3/><G3/><RYUUKYOKU ba="4,1" sc="351,-15,199,-15,126,15,314,15" hai2="8,10,11,14,19,23,82,86,87,89" hai3="26,31,32,46,50,52,88,90,92,95,97,118,119" /><INIT seed="6,5,1,4,4,123" ten="336,184,141,329" oya="2" hai0="28,14,47,75,44,89,82,27,86,23,37,84,21" hai1="74,120,72,6,33,60,26,73,55,65,87,10,112" hai2="42,53,80,88,63,135,100,13,70,35,111,22,43" hai3="127,68,25,118,110,61,31,54,56,38,57,108,36"/><V77/><F35/><W40/><G118/><T62/><D75/><U94/><E120/><V131/><F135/><W78/><G127/><T64/><D37/><U90/><E55/><V18/><F131/><W66/><G78/><T17/><REACH who="0" step="1"/><D86/><REACH who="0" ten="326,184,141,329" step="2"/><U0/><E74/><V59/><F111/><W128/><G128/><T2/><D2/><U93/><E73/><V4/><F70/><AGARI ba="5,2" hai="14,17,21,23,27,28,44,47,62,64,70,82,84,89" machi="70" ten="30,3900,0" yaku="1,1,7,1,53,1" doraHai="123" doraHaiUra="11" who="0" fromWho="2" sc="326,74,184,0,141,-54,329,0" /><INIT seed="7,0,0,4,4,44" ten="400,184,87,329" oya="3" hai0="30,128,118,9,91,101,89,79,62,50,86,75,125" hai1="112,94,40,110,57,73,93,1,52,29,88,61,48" hai2="90,121,98,99,102,122,129,123,109,27,24,0,107" hai3="135,17,96,39,69,133,95,36,132,117,19,21,103"/><W14/><G69/><T83/><D118/><U49/><E110/><V104/><F0/><W22/><REACH who="3" step="1"/><G117/><REACH who="3" ten="400,184,87,319" step="2"/><T37/><D37/><U106/><E106/><V113/><F109/><W85/><G85/><T18/><D125/><U23/><E73/><V70/><F70/><W105/><G105/><T134/><D75/><U97/><E112/><V77/><F113/><W10/><G10/><T65/><D128/><U42/><E1/><V66/><F129/><W11/><G11/><T15/><D134/><U16/><E29/><V130/><F130/><W67/><G67/><T47/><D30/><U115/><E115/><V127/><F127/><W100/><G100/><T131/><D101/><U108/><E108/><V5/><F107/><W78/><G78/><T13/><D131/><U56/><E94/><V31/><F31/><W6/><G6/><T72/><D72/><U35/><E35/><V20/><F5/><W76/><G76/><T54/><D15/><AGARI ba="0,1" hai="14,15,17,19,21,22,36,39,95,96,103,132,133,135" machi="15" ten="40,7700,0" yaku="1,1,9,1,20,1,53,0" doraHai="44" doraHaiUra="26" who="3" fromWho="0" sc="400,-77,184,0,87,0,319,87" owari="323,12.0,184,-22.0,87,-41.0,406,51.0" /></mjloggm>