<mjloggm ver="2.3"><GO type="169" lobby="0"/><UN n0="%E3%81%8B%E3%81%B0%E3%82%84%E3%81%8D%E3%82%89%E3%81%8F%E3%81%A0" n1="%4D%4D%44%54%30%37%31%35" n2="%4B%75%72%6F%73%75%6B%65" n3="%E5%91%AA%E3%81%84%E3%81%AE%E5%A1%8A" dan="17,16,16,17" rate="2096.56,2123.83,2070.57,2114.94" sx="M,M,M,M"/><TAIKYOKU oya="0"/><INIT seed="0,0,0,0,3,21" ten="250,250,250,250" oya="0" hai0="51,110,52,91,60,63,14,82,17,75,16,18,19" hai1="25,49,79,113,9,98,65,132,121,56,5,15,44" hai2="64,7,48,111,73,134,93,32,27,35,38,103,8" hai3="43,96,29,40,61,104,23,58,30,112,89,125,13"/><T6/><D110/><U34/><E132/><V130/><F38/><W95/><G112/><T0/><D0/><U31/><E121/><V101/><F130/><W92/><G125/><T22/><D6/><U83/><E113/><V1/><F73/><W78/><G104/><T81/><D75/><U36/><E98/><V129/><F129/><W11/><G78/><T131/><D131/><U74/><E36/><V55/><F134/><W84/><G11/><T120/><D120/><U85/><E74/><V87/><F64/><N who="3" m="38967" /><G13/><T115/><D115/><U59/><REACH who="1" step="1"/><E65/><REACH who="1" ten="250,240,250,250" step="2"/><V100/><F111/><W90/><G29/><T24/><D14/><U50/><E50/><V86/><F48/><W119/><G119/><T135/><D135/><U77/><E77/><V72/><F72/><W128/><G128/><T102/><D102/><U68/><E68/><V116/><F103/><W114/><G114/><T42/><D42/><AGARI ba="0,1" hai="5,9,15,25,31,34,42,44,49,56,59,79,83,85" machi="42" ten="30,12000,2" yaku="1,1,7,1,25,2,52,1,53,1" doraHai="21" doraHaiUra="80" who="1" fromWho="0" sc="250,-120,240,130,250,0,250,0" /><INIT seed="1,0,0,2,3,35" ten="130,370,250,250" oya="1" hai0="33,40,19,123,27,49,38,14,72,101,1,8,67" hai1="120,92,75,21,22,122,117,16,104,58,71,114,29" hai2="119,85,116,18,41,86,55,105,89,24,10,102,130" hai3="64,20,42,82,68,118,48,79,87,88,91,77,25"/><U78/><E117/><V43/><F55/><W106/><G118/><T74/><D38/><U51/><E114/><V107/><F10/><W94/><G106/><T26/><D123/><U111/><E104/><V63/><F63/><W46/><G68/><T0/><D101/><U5/><E71/><V62/><F62/><W113/><G64/><T13/><D67/><U108/><E75/><V54/><F54/><W132/><G132/><T65/><D65/><U57/><E78/><V12/><F12/><W131/><G131/><T17/><D40/><U115/><E115/><V2/><F24/><W128/><G128/><T28/><D49/><U93/><E5/><V109/><F18/><W96/><REACH who="3" step="1"/><G113/><REACH who="3" ten="130,370,250,240" step="2"/><T11/><REACH who="0" step="1"/><D27/><REACH who="0" ten="120,370,250,240" step="2"/><N who="1" m="16623" /><E122/><V32/><F130/><W84/><G84/><T15/><D15/><N who="1" m="9503" /><E120/><V6/><F107/><W112/><G112/><T44/><D44/><U133/><E133/><V52/><F105/><W129/><G129/><T125/><D125/><U135/><E135/><V99/><F119/><W9/><G9/><T97/><D97/><U103/><E58/><V127/><F99/><W31/><AGARI ba="0,2" hai="20,25,31,42,46,48,77,79,82,87,88,91,94,96" machi="31" ten="20,8000,1" yaku="1,1,0,1,7,1,8,1,54,1,53,0" doraHai="35" doraHaiUra="110" who="3" fromWho="3" sc="120,-20,370,-40,250,-20,240,100" /><INIT seed="2,0,0,1,0,132" ten="100,330,230,340" oya="2" hai0="107,21,104,123,135,3,82,128,81,13,91,90,32" hai1="10,60,54,50,62,113,53,20,7,110,74,94,92" hai2="67,16,93,121,46,131,42,64,126,69,39,48,125" hai3="1,130,43,134,14,9,65,79,57,73,133,11,38"/><V70/><F93/><W109/><G109/><T106/><D3/><U122/><E113/><V35/><F35/><W80/><G130/><T119/><D32/><U23/><E74/><V47/><F121/><W129/><G129/><T12/><D128/><U0/><E110/><V36/><F131/><W97/><G97/><T108/><D108/><U98/><E122/><V59/><F59/><W24/><G24/><T49/><D123/><U2/><E10/><V37/><F16/><N who="3" m="8271" /><G65/><N who="2" m="25161" /><F47/><N who="3" m="24055" /><G57/><T89/><D135/><U51/><E7/><AGARI ba="0,0" hai="1,7,11,73,79,80,133,134" m="24055,8271" machi="7" ten="30,2000,0" yaku="25,1,54,1" doraHai="132" who="3" fromWho="1" sc="100,0,330,-20,230,0,340,20" /><INIT seed="3,0,0,4,1,14" ten="100,310,230,360" oya="3" hai0="81,17,28,2,71,97,132,41,59,113,116,29,94" hai1="3,95,74,23,111,133,93,129,52,9,13,84,76" hai2="22,79,67,70,50,83,89,122,42,80,92,102,8" hai3="101,104,88,135,125,103,30,54,4,64,99,123,98"/><W62/><G123/><T53/><D116/><U118/><E111/><V100/><F122/><W107/><G135/><T75/><D71/><U25/><E129/><V69/><F69/><W32/><G125/><T77/><D2/><U37/><E37/><V128/><F128/><W63/><G4/><T24/><D132/><U108/><E108/><V10/><F70/><N who="3" m="42263" /><G63/><T134/><D41/><U66/><E74/><V109/><F67/><W86/><G54/><T27/><D113/><U7/><E3/><V15/><F50/><W82/><G98/><T58/><D58/><U55/><E66/><V1/><F1/><W115/><G101/><T16/><D27/><U5/><E5/><V46/><F102/><W12/><G12/><T33/><D29/><U47/><E118/><V20/><F100/><W34/><G34/><T68/><D68/><U110/><E133/><V39/><F15/><W90/><G115/><T31/><D31/><U44/><E55/><V78/><F42/><W120/><G120/><T96/><D96/><U130/><E110/><V48/><F109/><W51/><G51/><T112/><D112/><U126/><E52/><V119/><F119/><W106/><G90/><T72/><D72/><U21/><E126/><V127/><F89/><W105/><G105/><T124/><D124/><U19/><E23/><V56/><F20/><W26/><AGARI ba="0,0" hai="26,30,32,82,86,88,99,103,104,106,107" m="42263" machi="26" ten="30,3000,0" yaku="25,1,54,1" doraHai="14" who="3" fromWho="3" sc="100,-10,310,-10,230,-10,360,30" /><INIT seed="3,1,0,2,5,14" ten="90,300,220,390" oya="3" hai0="132,23,67,135,73,50,102,36,53,33,22,30,46" hai1="80,54,106,71,129,84,31,114,56,83,51,97,19" hai2="32,66,21,20,86,115,103,60,108,9,8,76,118" hai3="119,122,124,2,49,1,24,131,111,25,120,27,43"/><W128/><G43/><T39/><D73/><U88/><E114/><V104/><F108/><W59/><G49/><T101/><D67/><U10/><E129/><N who="3" m="49738" /><G59/><T69/><D69/><U28/><E71/><V96/><F118/><W113/><G113/><T121/><D33/><U62/><E106/><V107/><F115/><W4/><G119/><T87/><D87/><U37/><E37/><N who="0" m="14409" /><D121/><N who="3" m="46697" /><G111/><T3/><D3/><N who="3" m="1033" /><G4/><T100/><D50/><U64/><E97/><V123/><F96/><W44/><G44/><T18/><D46/><N who="1" m="28023" /><E80/><V105/><F123/><W40/><G40/><T125/><D53/><U17/><E10/><V0/><F8/><W74/><G124/><T65/><D125/><U63/><E63/><V34/><F60/><W89/><G89/><T58/><D58/><U38/><E38/><V110/><F110/><W6/><G6/><T68/><D68/><U52/><E64/><V109/><F66/><W134/><G74/><T29/><D65/><U79/><E79/><V16/><F76/><W112/><G112/><T78/><D78/><U26/><E26/><V12/><F0/><W41/><G41/><T94/><D102/><U61/><E61/><V92/><F103/><W72/><G72/><T35/><D101/><U117/><E117/><V126/><F109/><W47/><G47/><T98/><D100/><U13/><E13/><V42/><F42/><W99/><G99/><T116/><D98/><U90/><E90/><N who="2" m="53335" /><F126/><W95/><G95/><T127/><D94/><U57/><E57/><V5/><F5/><W93/><G93/><T82/><D127/><U85/><E85/><RYUUKYOKU ba="1,0" sc="90,-30,300,10,220,10,390,10" hai1="17,19,28,31,52,56,62,83,84,88" hai2="9,12,16,20,21,32,34,104,105,107" hai3="24,25,27,134" /><INIT seed="3,2,0,0,3,74" ten="60,310,230,400" oya="3" hai0="106,61,132,8,124,135,103,41,85,15,53,119,17" hai1="126,100,122,2,3,117,93,54,78,91,12,128,73" hai2="9,87,83,62,76,38,70,123,16,127,60,39,131" hai3="25,98,110,101,97,65,86,45,134,121,31,77,133"/><W94/><G121/><T111/><D119/><U0/><E122/><V18/><F70/><W67/><G45/><T116/><D116/><U49/><E100/><V63/><F123/><W6/><G6/><T102/><D41/><U37/><E117/><V35/><F35/><W52/><G97/><T30/><D111/><U13/><E37/><V81/><F127/><W47/><G110/><T104/><D30/><U95/><E128/><V55/><F131/><W68/><G68/><T10/><D85/><U107/><E126/><V58/><F9/><N who="0" m="3690" /><D15/><U71/><E107/><N who="0" m="41001" /><D17/><U32/><E32/><V112/><F38/><W27/><G31/><T46/><D46/><U59/><E71/><V42/><F42/><W20/><G25/><T109/><D109/><U14/><REACH who="1" step="1"/><E91/><REACH who="1" ten="60,300,230,400" step="2"/><V51/><F39/><W79/><G101/><T129/><D124/><U33/><E33/><V80/><F63/><W43/><G133/><N who="0" m="51275" /><D129/><U26/><E26/><V24/><F24/><W92/><G134/><T50/><D61/><U130/><E130/><V69/><F62/><W88/><G27/><T99/><D103/><U115/><E115/><V44/><F69/><W7/><G88/><T57/><D102/><U22/><E22/><V56/><F112/><W90/><G20/><T113/><D113/><U125/><E125/><V11/><F11/><W89/><G89/><T48/><D48/><U29/><E29/><V40/><F60/><W105/><G90/><T75/><D50/><U108/><E108/><V28/><F28/><W114/><G114/><T118/><D118/><U72/><E72/><V21/><F21/><RYUUKYOKU ba="2,1" sc="60,-10,300,30,230,-10,400,-10" hai1="0,2,3,12,13,14,49,54,59,73,78,93,95" /><INIT seed="4,3,1,3,2,77" ten="50,330,220,390" oya="0" hai0="72,53,48,114,66,69,21,27,15,63,62,118,82" hai1="126,47,18,73,45,101,52,87,70,111,131,30,7" hai2="39,79,61,95,14,32,9,35,37,64,93,23,130" hai3="78,123,59,88,100,119,65,16,122,41,31,29,98"/><T85/><D114/><U84/><E111/><V99/><F23/><W36/><G119/><T0/><D118/><U83/><E73/><V124/><F95/><N who="3" m="56679" /><G100/><T56/><D0/><U116/><E70/><V43/><F124/><W76/><G41/><T121/><D121/><N who="3" m="46089" /><G36/><T109/><D109/><U112/><E131/><V49/><F130/><W58/><G16/><T46/><D72/><U113/><E116/><V55/><F43/><W127/><G127/><T13/><D63/><U91/><E101/><V57/><F39/><W4/><G4/><T74/><D74/><U8/><E18/><V125/><F37/><W33/><G65/><T128/><D69/><U75/><E30/><N who="3" m="11274" /><G33/><T68/><D68/><U60/><E75/><V40/><F35/><W135/><G135/><T105/><D105/><U25/><E87/><V34/><F32/><W50/><G58/><T129/><D129/><U132/><E25/><V120/><F34/><W12/><G12/><T5/><D5/><U67/><E67/><V86/><F64/><W94/><G94/><T81/><D128/><U103/><E103/><V117/><F93/><W102/><G102/><T108/><D108/><U3/><E132/><V115/><F14/><N who="0" m="5130" /><D85/><U134/><E134/><V106/><F86/><W97/><G97/><T54/><D66/><U51/><E60/><V24/><F61/><W26/><G26/><T1/><D1/><U44/><E126/><V28/><F125/><W6/><G6/><T11/><D11/><U19/><E19/><AGARI ba="3,1" hai="19,21,27,46,48,53,54,56,62,81,82" m="5130" machi="19" ten="30,5800,0" yaku="8,1,52,2" doraHai="77" who="0" fromWho="1" sc="50,77,330,-67,220,0,390,0" /><INIT seed="4,4,0,2,5,123" ten="127,263,220,390" oya="0" hai0="38,2,0,64,25,108,62,57,23,115,86,124,61" hai1="102,18,78,68,107,70,20,126,14,95,60,66,82" hai2="122,92,89,76,59,110,131,88,133,13,5,46,19" hai3="109,84,98,63,129,83,67,104,113,34,127,16,58"/><T85/><D38/><U29/><E126/><V41/><F110/><W40/><G34/><T132/><D124/><U79/><E107/><V80/><F131/><W101/><G109/><T15/><D108/><U50/><E78/><V118/><F133/><W22/><G127/><T111/><D111/><U9/><E50/><V100/><F122/><W24/><G40/><T1/><D132/><U87/><E102/><V120/><F118/><W35/><G35/><T81/><D115/><U119/><E95/><V94/><F59/><W3/><G3/><T6/><D81/><U42/><E42/><V21/><F5/><W27/><G129/><T135/><D135/><U55/><E55/><V106/><F106/><W26/><REACH who="3" step="1"/><G113/><REACH who="3" ten="127,263,220,380" step="2"/><T134/><D134/><U11/><E119/><V12/><F41/><W49/><G49/><T103/><D1/><U45/><E45/><V52/><F46/><W93/><G93/><T30/><D0/><U97/><E97/><V74/><F94/><W56/><G56/><T31/><D2/><U33/><REACH who="1" step="1"/><E70/><REACH who="1" ten="127,253,220,380" step="2"/><V54/><F92/><W39/><G39/><T112/><D103/><U116/><E116/><V128/><F100/><W7/><G7/><T28/><D6/><U36/><E36/><V43/><F43/><W117/><G117/><T125/><D112/><U4/><E4/><V130/><F130/><W65/><G65/><T121/><D125/><U105/><E105/><V48/><F128/><W32/><G32/><T44/><D64/><U73/><E73/><V96/><F74/><W51/><G51/><T69/><D69/><U47/><E47/><RYUUKYOKU ba="4,2" sc="127,-15,253,15,220,-15,380,15" hai1="9,11,14,18,20,29,33,60,66,68,79,82,87" hai3="16,22,24,26,27,58,63,67,83,84,98,101,104" /><INIT seed="5,5,2,5,5,16" ten="112,268,205,395" oya="1" hai0="74,92,20,112,78,116,58,50,73,1,123,13,135" hai1="36,21,125,110,18,132,12,59,54,64,114,39,31" hai2="96,25,23,37,14,84,47,55,115,60,101,34,117" hai3="130,127,107,126,33,51,100,98,124,134,104,86,87"/><U72/><E72/><V44/><F117/><W3/><G130/><T109/><D116/><U49/><E114/><V7/><F34/><W128/><G128/><T95/><D1/><U29/><E125/><V108/><F108/><W9/><G134/><T129/><D109/><U30/><E132/><V91/><F37/><W4/><G33/><T26/><D135/><U32/><E110/><V28/><F115/><W41/><G104/><T70/><D70/><U76/><E76/><V2/><F2/><W42/><G51/><T48/><D129/><U83/><E83/><V65/><F55/><W40/><AGARI ba="5,2" hai="3,4,9,40,41,42,86,87,98,100,107,124,126,127" machi="40" ten="40,2700,0" yaku="0,1,18,1" doraHai="16" who="3" fromWho="3" sc="112,-12,268,-18,205,-12,395,62" /><INIT seed="6,0,0,2,3,5" ten="100,250,193,457" oya="2" hai0="68,76,49,66,59,109,100,94,1,81,106,39,105" hai1="70,116,12,72,19,33,132,22,77,117,86,83,69" hai2="38,79,10,40,26,93,52,37,120,64,13,122,34" hai3="126,32,28,96,134,135,112,115,9,110,92,14,90"/><V74/><F64/><W24/><G110/><T78/><D109/><U89/><E33/><V46/><F38/><W123/><G126/><T128/><D39/><U20/><E132/><N who="3" m="50730" /><G123/><T133/><D133/><U44/><E20/><V25/><F93/><W50/><G50/><T17/><D128/><U30/><E30/><V61/><F79/><W42/><G42/><T73/><D1/><U67/><E44/><V21/><F34/><W91/><G90/><T131/><D78/><U55/><E55/><V102/><F102/><W51/><G51/><T54/><D131/><U127/><E127/><V45/><F26/><W99/><G96/><T62/><REACH who="0" step="1"/><D17/><AGARI ba="0,0" hai="9,14,17,24,28,32,91,92,99,112,115" m="50730" machi="17" ten="30,2000,0" yaku="20,1,52,1" doraHai="5" who="3" fromWho="0" sc="100,-20,250,0,193,0,457,20" /><INIT seed="7,0,0,2,0,42" ten="80,250,193,477" oya="3" hai0="29,101,6,24,70,114,33,119,65,37,91,54,111" hai1="83,46,100,124,103,76,84,58,47,39,118,20,109" hai2="32,122,31,5,110,60,98,81,105,72,7,10,120" hai3="75,127,104,130,25,26,66,77,64,14,74,45,21"/><W68/><G104/><T12/><D119/><U102/><E39/><V48/><F110/><W123/><G45/><N who="1" m="16906" /><E109/><V134/><F48/><W71/><G14/><T8/><D111/><U97/><E124/><V13/><F60/><W50/><G50/><T35/><D37/><U55/><E118/><V135/><F31/><W61/><G61/><T117/><D70/><U115/><E20/><V131/><F32/><W1/><G77/><T9/><D65/><U108/><E115/><V27/><F122/><W95/><G95/><T78/><D54/><U96/><E108/><V129/><F120/><W107/><G123/><T2/><D78/><U34/><E34/><V113/><F105/><W80/><G107/><T38/><D38/><U62/><AGARI ba="0,0" hai="55,58,62,76,83,84,96,97,100,102,103" m="16906" machi="62" ten="30,7900,0" yaku="8,1,52,3" doraHai="42" who="1" fromWho="1" sc="80,-20,250,79,193,-20,477,-39" owari="60,-44.0,329,13.0,173,-23.0,438,54.0" /></mjloggm>