<mjloggm ver="2.3"><GO type="185" lobby="0"/><UN n0="%E8%97%A4%E4%BA%95%E8%81%A1%E5%A4%AA" n1="%E9%BA%BB%E7%94%9F%E9%9B%80%E5%AD%90" n2="%4E%45%47%49%54%53" n3="" dan="20,16,17,0" rate="2413.72,2123.61,2280.63,1500.00" sx="M,F,F,C"/><TAIKYOKU oya="0"/><INIT seed="0,0,0,0,2,3" ten="350,350,350,0" oya="0" hai0="51,44,42,121,96,74,120,41,67,34,98,123,68" hai1="100,127,1,108,46,133,99,60,86,37,84,52,72" hai2="114,116,97,0,32,118,43,58,61,91,62,63,122" hai3=""/><T54/><N who="0" m="30752" /><T93/><N who="0" m="31008" /><T109/><N who="0" m="31520" /><T75/><D34/><U130/><E72/><V126/><N who="2" m="31264" /><V2/><F114/><T111/><D68/><U101/><E37/><V134/><F134/><T80/><D67/><U56/><E133/><V38/><F126/><T135/><D135/><U103/><E127/><V110/><F110/><N who="0" m="41994" /><D98/><U82/><E108/><V65/><F32/><T94/><D94/><U73/><E99/><V85/><F97/><T106/><D106/><U119/><E119/><N who="2" m="45611" /><F0/><T36/><D80/><U39/><E82/><V115/><F115/><T78/><D78/><U125/><E125/><V53/><F2/><T45/><D41/><U131/><E1/><V128/><F128/><N who="1" m="49193" /><E73/><V71/><F71/><T49/><D36/><U48/><E39/><V66/><F43/><AGARI ba="0,0" hai="43,46,48,52,56,60,84,86,100,101,103" m="49193" machi="43" ten="30,2000,0" yaku="19,1,54,1" doraHai="3" who="1" fromWho="2" sc="350,0,350,20,350,-20,0,0" /><INIT seed="1,0,0,3,1,97" ten="350,370,330,0" oya="1" hai0="64,69,78,93,123,36,49,66,42,126,109,33,71" hai1="85,65,124,56,94,52,87,135,38,129,45,101,46" hai2="100,96,60,83,37,134,58,50,111,72,121,102,108" hai3=""/><U43/><E135/><V127/><N who="2" m="31008" /><V131/><F37/><T115/><N who="0" m="31520" /><T113/><D33/><U81/><E129/><V3/><F3/><T91/><D78/><U1/><E1/><V51/><F134/><T114/><D109/><N who="2" m="42058" /><F131/><T118/><D36/><U57/><E124/><V41/><F127/><T74/><D74/><U92/><E92/><V47/><F96/><T73/><D73/><U106/><E106/><V122/><N who="2" m="31264" /><V90/><F50/><T110/><D110/><U88/><E65/><V119/><F119/><T48/><D126/><U32/><E32/><V80/><F90/><T0/><D0/><U35/><E35/><V89/><F89/><T63/><D118/><U75/><E75/><V82/><F72/><T84/><D42/><U116/><E116/><V112/><F112/><T34/><D34/><U98/><REACH who="1" step="1"/><E87/><REACH who="1" ten="350,360,330,0" step="2"/><V67/><AGARI ba="0,1" hai="41,47,51,58,60,67,80,82,83,100,102" m="31264,42058,31008" machi="67" ten="30,6000,1" yaku="14,1,52,4" doraHai="97" who="2" fromWho="2" sc="350,-20,360,-40,330,70,0,0" /><INIT seed="2,0,0,4,3,103" ten="330,320,400,0" oya="2" hai0="79,32,115,67,64,123,43,42,135,127,2,124,0" hai1="81,45,93,114,80,128,75,46,40,99,70,110,44" hai2="131,63,119,65,50,89,85,126,78,113,84,62,41" hai3=""/><V95/><F119/><T76/><N who="0" m="31520" /><T34/><REACH who="0" step="1"/><D135/><REACH who="0" ten="320,320,400,0" step="2"/><U3/><E3/><V59/><F131/><T94/><D94/><U51/><E93/><V102/><F126/><T54/><D54/><U100/><E128/><V120/><N who="2" m="30752" /><V97/><F113/><AGARI ba="0,1" hai="0,2,32,34,42,43,64,67,76,79,113,115,124,127" m="31520" machi="113" ten="25,8000,1" yaku="1,1,22,2,52,1,53,1" doraHai="103" doraHaiUra="116" who="0" fromWho="2" sc="320,90,320,0,400,-80,0,0" /><INIT seed="4,0,0,1,4,78" ten="410,320,320,0" oya="0" hai0="94,0,82,77,100,80,68,117,119,108,118,127,125" hai1="39,46,135,45,131,67,86,91,65,122,87,109,47" hai2="38,111,104,121,93,75,114,52,44,43,132,88,120" hai3=""/><T84/><D0/><U40/><N who="1" m="31264" /><U74/><E74/><V97/><N who="2" m="30752" /><V51/><N who="2" m="31008" /><V2/><F111/><T70/><D108/><U110/><E45/><V129/><F2/><T69/><REACH who="0" step="1"/><D80/><REACH who="0" ten="400,320,320,0" step="2"/><U123/><N who="1" m="31520" /><U83/><E110/><V113/><F132/><T99/><AGARI ba="0,1" hai="68,69,70,77,82,84,94,99,100,117,118,119,125,127" machi="99" ten="50,6400,0" yaku="1,1,0,1,52,1,53,0" doraHai="78" doraHaiUra="128" who="0" fromWho="0" sc="400,74,320,-32,320,-32,0,0" /><INIT seed="4,1,0,0,0,50" ten="474,288,288,0" oya="0" hai0="70,111,59,80,98,135,39,41,124,45,104,99,37" hai1="72,52,36,69,38,112,86,96,119,1,0,110,32" hai2="66,49,63,2,42,115,74,106,58,87,54,132,51" hai3=""/><T118/><D118/><U126/><RYUUKYOKU type="yao9" ba="1,0" sc="474,0,288,0,288,0,0,0" hai1="0,1,32,36,38,52,69,72,86,96,110,112,119,126" /><INIT seed="4,2,0,5,1,76" ten="474,288,288,0" oya="0" hai0="51,83,74,1,65,112,41,37,68,115,85,56,121" hai1="94,134,113,38,49,131,133,3,64,48,114,81,108" hai2="57,66,119,40,32,63,69,92,89,45,53,116,46" hai3=""/><T42/><N who="0" m="31008" /><T59/><D1/><U93/><E38/><V117/><F32/><T107/><D107/><U100/><E3/><V78/><F78/><T54/><D74/><U34/><E34/><V60/><REACH who="2" step="1"/><F40/><REACH who="2" ten="474,288,278,0" step="2"/><T84/><D41/><U122/><N who="1" m="31264" /><U128/><E108/><V61/><F61/><T47/><D115/><U72/><E114/><V96/><AGARI ba="2,1" hai="45,46,53,57,60,63,66,69,89,92,96,116,117,119" machi="96" ten="30,3000,0" yaku="1,1,0,1,12,1,53,0" doraHai="76" doraHaiUra="123" who="2" fromWho="2" sc="474,-22,288,-12,278,44,0,0" /><INIT seed="5,0,0,4,3,121" ten="452,276,322,0" oya="1" hai0="46,106,118,0,82,90,116,35,98,120,59,47,72" hai1="93,1,33,41,135,92,117,55,101,131,76,126,108" hai2="88,102,96,40,52,36,58,68,49,74,127,86,42" hai3=""/><U77/><E33/><V81/><F68/><T94/><N who="0" m="30752" /><T91/><D35/><U113/><E1/><V122/><N who="2" m="31264" /><V107/><F127/><T110/><D110/><U115/><E126/><V53/><F36/><T109/><D109/><U114/><E108/><V61/><F74/><T69/><D69/><U57/><E117/><N who="0" m="45161" /><D106/><U112/><N who="1" m="28672" /><DORA hai="71" /><U89/><E41/><V37/><F37/><T65/><D0/><U100/><E135/><V132/><F132/><T2/><D2/><U50/><E131/><V32/><F32/><T63/><D91/><U85/><REACH who="1" step="1"/><E93/><REACH who="1" ten="452,266,322,0" step="2"/><V45/><AGARI ba="0,1" hai="40,42,45,49,52,53,58,61,81,86,88,96,102,107" m="31264" machi="45" ten="20,6000,1" yaku="0,1,7,1,52,1,54,2" doraHai="121,71" who="2" fromWho="2" sc="452,-20,266,-40,322,70,0,0" /><INIT seed="6,0,0,2,5,103" ten="432,226,392,0" oya="2" hai0="94,102,110,60,38,73,61,91,0,79,55,114,40" hai1="120,127,97,54,37,118,99,90,93,71,101,107,33" hai2="67,108,44,53,112,87,85,123,106,75,131,48,46" hai3=""/><V130/><N who="2" m="31520" /><V56/><F75/><T80/><D110/><U100/><N who="1" m="30752" /><U66/><E33/><V88/><F108/><T98/><D0/><U113/><E37/><V72/><F106/><T32/><D32/><U76/><E54/><V84/><F72/><T92/><D114/><U116/><E66/><V2/><F2/><T77/><D77/><U69/><E69/><V105/><F105/><T128/><D128/><N who="2" m="49194" /><F112/><T124/><D124/><U117/><E71/><V57/><F56/><T82/><D82/><U63/><E63/><V65/><F67/><T62/><D40/><U132/><E113/><V111/><F111/><T81/><D81/><U50/><E50/><V70/><F70/><T34/><D38/><U39/><E39/><V122/><N who="2" m="31264" /><V96/><F65/><T74/><D74/><U95/><E127/><V104/><F104/><T89/><D34/><U115/><E115/><V78/><F78/><T47/><REACH who="0" step="1"/><D94/><AGARI ba="0,0" hai="44,46,48,53,57,84,85,87,88,94,96" m="31264,49194,31520" machi="94" ten="30,11600,0" yaku="19,1,52,2,54,1" doraHai="103" who="2" fromWho="0" sc="432,-116,226,0,392,116,0,0" owari="316,-8.0,226,-37.0,508,45.0,0,0.0" /></mjloggm>