<mjloggm ver="2.3"><GO type="185" lobby="0"/><UN n0="%4E%45%47%49%54%53" n1="%E8%97%A4%E4%BA%95%E8%81%A1%E5%A4%AA" n2="%E9%80%9F%E8%A6%8B%E5%B9%B8%E4%B8%80" n3="" dan="18,20,16,0" rate="2309.59,2424.25,2043.74,1500.00" sx="F,M,M,C"/><TAIKYOKU oya="0"/><INIT seed="0,0,0,0,2,113" ten="350,350,350,0" oya="0" hai0="57,76,91,124,70,67,117,134,33,65,53,127,36" hai1="101,35,96,111,61,1,60,119,116,135,109,2,45" hai2="43,49,128,88,103,0,122,94,59,100,121,51,129" hai3=""/><T39/><D33/><U34/><E45/><V56/><F43/><T41/><D76/><U90/><E90/><V95/><REACH who="2" step="1"/><F88/><REACH who="2" ten="350,350,340,0" step="2"/><T37/><D91/><U82/><E82/><V118/><F118/><T42/><D134/><U79/><E135/><V47/><F47/><T85/><D85/><U83/><E83/><V69/><F69/><T86/><D86/><U107/><E79/><V89/><F89/><T99/><D99/><U44/><E44/><V120/><N who="2" m="30752" /><V38/><F38/><T87/><D87/><U132/><E132/><V74/><F74/><T75/><D75/><U48/><E96/><V62/><F62/><T46/><D117/><U131/><E48/><V110/><F110/><T54/><D70/><U104/><REACH who="1" step="1"/><E131/><REACH who="1" ten="350,340,340,0" step="2"/><V92/><F92/><T32/><D46/><U63/><E63/><V125/><F125/><T52/><D57/><U105/><E105/><V84/><F84/><T102/><D37/><U78/><E78/><V72/><F72/><T68/><D68/><U123/><N who="1" m="31520" /><U73/><E73/><V112/><F112/><T55/><D39/><U115/><E115/><V71/><F71/><T80/><D36/><U66/><E66/><V58/><F58/><T3/><N who="0" m="13312" /><DORA hai="126" /><T133/><D67/><RYUUKYOKU ba="0,2" sc="350,-20,340,10,340,10,0,0" hai1="1,2,34,35,60,61,101,104,107,109,111,116,119" hai2="0,49,51,56,59,94,95,100,103,121,122,128,129" /><INIT seed="1,1,2,4,2,0" ten="330,350,350,0" oya="1" hai0="32,74,118,135,125,46,83,78,107,36,116,132,110" hai1="122,50,128,102,96,87,54,119,94,89,129,133,134" hai2="73,41,85,39,117,127,120,97,88,109,3,90,47" hai3=""/><U104/><N who="1" m="31264" /><U43/><E43/><V99/><N who="2" m="30752" /><V52/><F117/><N who="0" m="45162" /><D107/><U123/><N who="1" m="31520" /><U100/><E100/><V91/><F109/><T65/><D110/><U44/><REACH who="1" step="1"/><E119/><REACH who="1" ten="330,340,350,0" step="2"/><V79/><F41/><T64/><D125/><U103/><E103/><V106/><F127/><T121/><N who="0" m="31008" /><T2/><D2/><U72/><E72/><V71/><F73/><T111/><D111/><U48/><E48/><V67/><F3/><T101/><D101/><U68/><E68/><V34/><F71/><T92/><D135/><AGARI ba="1,3" hai="44,50,54,87,89,94,96,102,104,128,129,133,134,135" m="31520,31264" machi="135" ten="40,12000,1" yaku="1,1,20,1,52,2,53,0" doraHai="0" doraHaiUra="1" who="1" fromWho="0" sc="330,-122,340,152,350,0,0,0" /><INIT seed="1,2,0,3,4,130" ten="208,492,350,0" oya="1" hai0="104,41,102,35,89,47,99,72,118,34,64,50,127" hai1="91,92,77,76,93,58,106,114,97,45,37,68,52" hai2="44,117,42,84,32,119,128,133,69,66,109,70,100" hai3=""/><U81/><E114/><V61/><F32/><T96/><D72/><U43/><E68/><V107/><F109/><T0/><D0/><U105/><E93/><V86/><F70/><T62/><D127/><U129/><E129/><V59/><F128/><T132/><D118/><U46/><E46/><V134/><F86/><T94/><REACH who="0" step="1"/><D132/><REACH who="0" ten="198,492,350,0" step="2"/><U55/><E76/><V80/><F119/><T56/><AGARI ba="2,1" hai="34,35,41,47,50,56,62,64,89,94,96,99,102,104" machi="56" ten="20,3900,0" yaku="1,1,2,1,0,1,7,1,53,0" doraHai="130" doraHaiUra="122" who="0" fromWho="0" sc="198,53,492,-28,350,-15,0,0" /><INIT seed="2,0,0,4,3,86" ten="251,464,335,0" oya="2" hai0="125,37,49,87,2,74,38,40,113,95,64,128,34" hai1="127,119,81,121,69,1,110,83,135,0,78,41,132" hai2="112,114,35,115,73,59,97,80,46,105,82,62,90" hai3=""/><V76/><F35/><T134/><D74/><U92/><N who="1" m="31008" /><U45/><E69/><V47/><F105/><T123/><N who="0" m="31520" /><T33/><D2/><U51/><E110/><V85/><REACH who="2" step="1"/><F97/><REACH who="2" ten="251,464,325,0" step="2"/><T111/><D111/><U99/><E0/><V65/><AGARI ba="0,1" hai="46,47,59,62,65,73,76,80,82,85,90,112,114,115" machi="65" ten="30,8000,1" yaku="1,1,2,1,0,1,52,1,53,1" doraHai="86" doraHaiUra="104" who="2" fromWho="2" sc="251,-40,464,-40,325,90,0,0" /><INIT seed="2,1,0,0,0,53" ten="211,424,415,0" oya="2" hai0="59,108,1,40,52,61,112,106,118,113,42,76,78" hai1="57,69,62,46,37,135,73,34,119,35,126,130,38" hai2="33,80,64,50,72,58,123,115,75,95,94,102,67" hai3=""/><V101/><N who="2" m="31520" /><V45/><F33/><T63/><D1/><U2/><E57/><V127/><F115/><N who="0" m="44106" /><D118/><U49/><E49/><V93/><F127/><T74/><D106/><U0/><E46/><V103/><F80/><T36/><D108/><U92/><E92/><V60/><REACH who="2" step="1"/><F67/><REACH who="2" ten="211,424,405,0" step="2"/><T86/><D74/><U56/><E73/><V116/><F116/><T98/><D36/><U82/><E119/><V111/><F111/><T131/><D131/><U65/><E130/><V132/><F132/><T81/><D78/><U44/><E135/><V96/><F96/><T122/><N who="0" m="31264" /><T97/><D97/><U66/><E37/><V32/><F32/><T99/><D99/><U47/><E38/><V124/><F124/><T104/><D63/><U125/><E62/><V133/><F133/><T48/><D61/><U71/><E34/><V51/><F51/><T83/><D83/><U114/><E35/><V85/><F85/><T77/><D77/><U70/><E114/><V68/><F68/><T129/><D129/><U109/><E70/><V89/><F89/><T79/><D79/><U41/><E82/><V100/><N who="2" m="25600" /><DORA hai="107" /><V88/><F88/><T91/><D104/><U121/><N who="1" m="31008" /><U120/><N who="1" m="30752" /><U84/><E109/><RYUUKYOKU ba="1,1" sc="211,10,424,-20,405,10,0,0" hai0="40,42,48,52,59,76,81,86,91,98" hai2="45,50,58,60,64,72,75,93,94,95" /><INIT seed="2,2,1,3,0,88" ten="221,404,415,0" oya="2" hai0="61,53,64,103,130,75,37,97,66,132,124,67,65" hai1="106,51,135,113,86,41,36,76,87,98,3,46,70" hai2="56,89,49,72,34,116,129,73,55,38,118,93,120" hai3=""/><V0/><N who="2" m="30752" /><V99/><F34/><T45/><D75/><U48/><E113/><V69/><F0/><T1/><D1/><U68/><E3/><V117/><F69/><T74/><D74/><U90/><E135/><V108/><F38/><T96/><D132/><U42/><E76/><V35/><F35/><T85/><D130/><U33/><E33/><V71/><F71/><T44/><D124/><U127/><E127/><V50/><F129/><T105/><D37/><U52/><E36/><V77/><F108/><T63/><N who="0" m="16384" /><DORA hai="123" /><T112/><D112/><U78/><E78/><V47/><REACH who="2" step="1"/><F77/><REACH who="2" ten="221,404,405,0" step="2"/><T121/><N who="0" m="31008" /><T110/><D110/><U57/><E70/><V59/><F59/><T133/><D133/><U62/><E68/><V94/><F94/><T92/><D45/><U83/><E46/><V109/><F109/><T102/><D44/><U84/><E83/><V125/><F125/><T114/><D114/><U2/><E2/><V128/><F128/><T119/><D119/><U100/><REACH who="1" step="1"/><E90/><REACH who="1" ten="221,394,405,0" step="2"/><V115/><F115/><T95/><D103/><U104/><E104/><V39/><F39/><T80/><D105/><U43/><AGARI ba="2,3" hai="41,42,43,48,51,52,57,62,84,86,87,98,100,106" machi="43" ten="30,9000,2" yaku="1,1,0,1,54,1,53,4" doraHai="88,123" doraHaiUra="58,82" who="1" fromWho="1" sc="221,-32,394,124,405,-62,0,0" /><INIT seed="4,0,0,1,2,92" ten="189,518,343,0" oya="0" hai0="94,113,70,68,52,129,131,56,74,117,76,127,86" hai1="71,0,109,103,66,58,93,60,101,32,63,123,33" hai2="100,99,122,49,42,61,59,91,98,116,105,50,44" hai3=""/><T46/><D117/><U130/><N who="1" m="31520" /><U69/><E109/><V35/><N who="2" m="31264" /><V34/><F116/><T84/><D74/><U112/><E0/><V38/><F50/><T37/><D127/><U125/><E125/><V121/><N who="2" m="31008" /><V3/><F49/><T115/><D76/><U79/><E130/><N who="0" m="49673" /><D46/><U53/><E112/><N who="0" m="43081" /><D37/><U110/><E110/><V88/><F3/><T47/><D47/><U111/><E111/><V36/><F36/><T39/><D39/><U43/><E79/><V132/><F132/><T102/><D102/><U108/><E108/><V65/><F35/><T78/><D78/><U51/><E103/><V118/><F34/><T83/><D83/><U80/><E80/><V2/><F2/><T87/><D94/><U96/><E43/><V45/><F118/><T67/><D67/><AGARI ba="0,0" hai="32,33,51,53,58,60,63,66,67,69,71,93,96,101" m="31520" machi="67" ten="40,5200,0" yaku="9,1,52,2" doraHai="92" who="1" fromWho="0" sc="189,-52,518,52,343,0,0,0" /><INIT seed="5,0,0,3,4,79" ten="137,570,343,0" oya="1" hai0="66,59,46,108,68,91,73,1,134,123,126,119,128" hai1="69,101,95,94,93,37,48,51,124,118,88,65,87" hai2="96,122,86,99,129,67,32,114,82,100,111,130,90" hai3=""/><U57/><E118/><V135/><N who="2" m="31264" /><V104/><F32/><T89/><D91/><U133/><E37/><V81/><F111/><T45/><D89/><U40/><E133/><V64/><F64/><T103/><D59/><U102/><E124/><V61/><F135/><T44/><D103/><N who="1" m="39435" /><E69/><V78/><F96/><T50/><D44/><U121/><N who="1" m="31008" /><U33/><E33/><V36/><F36/><T131/><D45/><U132/><E132/><V62/><F114/><T117/><D46/><U38/><E38/><V120/><N who="2" m="30752" /><V98/><F98/><T92/><D50/><N who="1" m="18987" /><E40/><V84/><REACH who="2" step="1"/><F61/><AGARI ba="0,0" hai="57,61,65,87,88,93,94,95" m="18987,31008,39435" machi="61" ten="30,5800,0" yaku="8,1,52,1,54,1" doraHai="79" who="1" fromWho="2" sc="137,0,570,58,343,-58,0,0" /><INIT seed="5,1,0,5,5,45" ten="137,628,285,0" oya="1" hai0="70,84,48,101,78,75,3,116,132,39,1,38,35" hai1="42,65,68,69,89,60,96,72,122,87,56,97,120" hai2="106,36,76,105,33,85,94,108,118,66,93,129,67" hai3=""/><U59/><N who="1" m="30752" /><U133/><N who="1" m="31264" /><U86/><E72/><V102/><F108/><T128/><D70/><U47/><E133/><V82/><F36/><T44/><D75/><U62/><E68/><V123/><F129/><T125/><D35/><U112/><E112/><V134/><F118/><T40/><D125/><U0/><E0/><V50/><F102/><T100/><D128/><U88/><E69/><V46/><F134/><T32/><D132/><U71/><E71/><V130/><F33/><T92/><D116/><U77/><E77/><V58/><F76/><T53/><D32/><U103/><E103/><V55/><F130/><T115/><D115/><U119/><E119/><V64/><N who="2" m="31520" /><V111/><F111/><T104/><D38/><U98/><E87/><V57/><F85/><T107/><D39/><U95/><E47/><V135/><F46/><T49/><D107/><U90/><E42/><V74/><F135/><T126/><D104/><U79/><E79/><V109/><F109/><T37/><D37/><U121/><N who="1" m="31008" /><U124/><E124/><V52/><F106/><T131/><D126/><U63/><E63/><V91/><F105/><T61/><D1/><U41/><E86/><V2/><F2/><T113/><D3/><RYUUKYOKU type="nm" ba="1,0" sc="137,60,628,-40,285,-20,0,0" /><INIT seed="6,2,0,4,3,69" ten="197,588,265,0" oya="2" hai0="79,88,85,128,61,113,130,70,126,36,101,55,97" hai1="129,123,78,84,125,37,49,59,50,83,76,87,120" hai2="33,72,39,132,57,109,86,73,92,95,0,38,51" hai3=""/><V135/><F33/><T94/><D126/><U71/><N who="1" m="30752" /><U112/><N who="1" m="31520" /><U32/><E71/><V46/><F0/><T82/><D113/><U111/><E111/><V43/><F109/><T117/><D117/><U47/><E32/><V118/><F118/><T74/><D36/><N who="2" m="13866" /><F57/><T124/><D124/><U67/><E125/><V114/><F114/><T1/><D1/><U80/><E112/><V62/><F62/><T102/><D55/><U106/><E106/><V35/><F35/><T104/><D102/><U99/><E59/><V89/><F95/><T42/><REACH who="0" step="1"/><D42/><REACH who="0" ten="187,588,265,0" step="2"/><U121/><N who="1" m="31008" /><U53/><E84/><V81/><F73/><T116/><D116/><U127/><E127/><V107/><F72/><T103/><D103/><U63/><E78/><V54/><F43/><T100/><D100/><U96/><E96/><V60/><F54/><T131/><D131/><U40/><E129/><V48/><F107/><T44/><D44/><U65/><E40/><V75/><F46/><T90/><D90/><U93/><E47/><V105/><F89/><T108/><D108/><U64/><E53/><V122/><F105/><T52/><D52/><U133/><E63/><V56/><F60/><T98/><D98/><U115/><E99/><RYUUKYOKU ba="2,1" sc="187,20,588,-10,265,-10,0,0" hai0="61,70,74,79,82,85,88,94,97,101,104,128,130" owari="207,-39.0,588,53.0,255,-14.0,0,0.0" /></mjloggm>