<mjloggm ver="2.3"><GO type="169" lobby="0"/><UN n0="%E5%81%BD%E5%96%84%E8%80%85%E9%AB%98%E6%A9%8B%E3%81%BF%E3%81%AA%E3%81%BF" n1="%EF%BC%81%E2%80%9D%EF%BC%83%EF%BC%84%EF%BC%85%EF%BC%86%E2%80%99%EF%BC%88" n2="%E3%82%AD%E3%83%8E%E3%83%83%E3%82%AF%E8%80%81%E5%B8%AB" n3="%E3%81%B2%E3%81%94%E3%82%93%E3%81%9F" dan="17,17,16,16" rate="2197.86,2157.44,2111.91,2164.67" sx="F,M,M,M"/><TAIKYOKU oya="0"/><INIT seed="0,0,0,0,5,68" ten="250,250,250,250" oya="0" hai0="93,112,133,22,62,132,124,21,66,34,44,13,39" hai1="49,50,135,121,81,73,109,57,80,95,33,12,116" hai2="27,70,40,8,65,75,51,86,119,35,24,56,101" hai3="55,117,42,7,60,100,106,96,92,82,130,78,90"/><T3/><D34/><U53/><E116/><V114/><F75/><W74/><G117/><T23/><D3/><U105/><E105/><V47/><F119/><W104/><G130/><T26/><D112/><U58/><E121/><V84/><F114/><W37/><G7/><T108/><D124/><U127/><E33/><V107/><F70/><W79/><G79/><T71/><D108/><U61/><E109/><V41/><F41/><W6/><G6/><T32/><D13/><U72/><E127/><V1/><F107/><W29/><G29/><T20/><D93/><U14/><E95/><V54/><F101/><W9/><G9/><T88/><D88/><U48/><E135/><N who="0" m="51785" /><D32/><U129/><E129/><V18/><F65/><W85/><G106/><T46/><D39/><U30/><E30/><AGARI ba="0,0" hai="20,21,22,23,26,30,44,46,62,66,71" m="51785" machi="30" ten="30,1500,0" yaku="20,1" doraHai="68" who="0" fromWho="1" sc="250,15,250,-15,250,0,250,0" /><INIT seed="0,1,0,5,2,92" ten="265,235,250,250" oya="0" hai0="2,57,59,36,22,32,51,126,99,5,100,56,116" hai1="29,73,13,129,49,3,15,81,78,84,85,43,101" hai2="23,128,27,39,1,134,103,135,31,69,89,93,91" hai3="127,16,98,130,122,24,40,88,131,46,17,87,53"/><T70/><D116/><U97/><E3/><V6/><F69/><W90/><G122/><T64/><D32/><U19/><E129/><N who="3" m="49162" /><G53/><T54/><D36/><U47/><E29/><V8/><F39/><N who="3" m="21791" /><G24/><T125/><D22/><U82/><E19/><V62/><F128/><W14/><G14/><T123/><D123/><U41/><E41/><V63/><F63/><W113/><G113/><T55/><D70/><U52/><E43/><V79/><F62/><W42/><G42/><T105/><D64/><U33/><E33/><V20/><F20/><W96/><G127/><N who="0" m="48651" /><D54/><U60/><E60/><V121/><F121/><W25/><G25/><T102/><D100/><U110/><E110/><V11/><F103/><W124/><G124/><T21/><D21/><U75/><E13/><V48/><F23/><W72/><G72/><T67/><D67/><U58/><E15/><V77/><F27/><W71/><G71/><T133/><D133/><N who="2" m="50698" /><F31/><W76/><G17/><T132/><D132/><U35/><E35/><V66/><F66/><W95/><G16/><T37/><D37/><U61/><E61/><V119/><F119/><W107/><G107/><T44/><D57/><U106/><E58/><V9/><F48/><W30/><G30/><T83/><D83/><U18/><E18/><V68/><F68/><W74/><G90/><AGARI ba="1,0" hai="47,49,52,73,75,78,81,82,84,85,90,97,101,106" machi="90" ten="30,3900,0" yaku="7,1,52,1,54,1" doraHai="92" who="1" fromWho="3" sc="265,0,235,42,250,0,250,-42" /><INIT seed="1,0,0,2,3,15" ten="265,277,250,208" oya="1" hai0="135,98,124,77,91,134,23,70,74,108,115,3,111" hai1="60,114,65,22,103,130,46,104,100,131,14,87,123" hai2="49,26,71,93,88,72,8,55,13,56,121,25,133" hai3="38,28,86,79,58,6,57,116,47,73,4,83,43"/><U42/><E114/><V120/><F72/><W109/><G116/><T30/><D3/><U5/><E123/><V54/><F71/><W20/><G109/><N who="0" m="42059" /><D70/><U118/><E118/><V0/><F0/><W117/><G117/><T102/><D30/><U12/><E87/><V40/><F133/><N who="0" m="50698" /><D23/><U94/><E104/><V85/><F40/><W66/><G86/><T50/><D50/><U33/><E33/><V99/><F121/><W19/><G28/><T18/><D18/><U97/><E100/><V90/><F120/><W67/><G67/><T59/><D59/><U9/><E60/><V1/><F1/><W29/><G29/><T48/><D48/><U107/><E107/><V84/><F54/><W31/><G31/><T7/><D7/><U69/><E65/><V78/><F25/><W126/><G126/><T92/><D124/><U11/><E22/><V35/><F35/><W52/><G66/><T21/><D21/><U127/><E69/><V105/><F26/><W64/><G64/><T81/><D115/><U2/><E127/><V96/><F78/><W62/><REACH who="3" step="1"/><G58/><REACH who="3" ten="265,277,250,198" step="2"/><T32/><D32/><U41/><E131/><V53/><F56/><W125/><G125/><T39/><D39/><U17/><E130/><V51/><F53/><W45/><G45/><T36/><D36/><U44/><E46/><V122/><F55/><W101/><G101/><AGARI ba="0,1" hai="74,77,81,91,92,98,101,102" m="50698,42059" machi="101" ten="30,7700,0" yaku="14,1,20,1,34,2" doraHai="15" who="0" fromWho="3" sc="265,87,277,0,250,0,198,-77" /><INIT seed="2,0,0,2,5,39" ten="352,277,250,121" oya="2" hai0="103,124,58,4,67,9,131,29,61,100,99,45,63" hai1="24,15,55,102,118,75,73,90,35,51,110,109,115" hai2="30,54,5,10,121,78,7,87,88,81,17,107,97" hai3="72,132,94,57,92,31,98,64,14,65,105,127,36"/><V3/><F121/><W38/><G127/><T40/><D131/><U33/><E115/><V11/><F30/><W113/><G132/><T129/><D129/><U46/><E118/><V68/><F68/><W12/><G72/><T34/><D124/><U28/><E102/><V106/><F17/><W101/><G31/><T26/><D61/><U108/><E33/><V133/><F133/><W53/><G113/><T60/><D60/><U22/><E90/><V56/><F97/><W41/><G41/><T59/><D59/><U80/><E80/><V77/><F107/><W0/><G0/><T2/><REACH who="0" step="1"/><D99/><REACH who="0" ten="342,277,250,121" step="2"/><U79/><E109/><V43/><F56/><W20/><G98/><T27/><D27/><U62/><E62/><V112/><F112/><W119/><G57/><T135/><D135/><U123/><E110/><V6/><F3/><W66/><G119/><T71/><D71/><U120/><E108/><V44/><F106/><W37/><G105/><T114/><D114/><U42/><E123/><V82/><F77/><W111/><G111/><T86/><D86/><U96/><E96/><V21/><F78/><W117/><G117/><T125/><D125/><U32/><E79/><V16/><F87/><W104/><G104/><T89/><D89/><U126/><E126/><V8/><F88/><W23/><G101/><T122/><D122/><U69/><E69/><V83/><F44/><W49/><G94/><T25/><D25/><U84/><E84/><V50/><F81/><W134/><G134/><T52/><D52/><U116/><E120/><V74/><F54/><W18/><G92/><RYUUKYOKU ba="0,1" sc="342,30,277,-10,250,-10,121,-10" hai0="2,4,9,26,29,34,40,45,58,63,67,100,103" /><INIT seed="3,1,1,4,5,124" ten="372,267,240,111" oya="3" hai0="70,29,84,73,25,60,96,42,129,5,45,19,24" hai1="103,44,28,7,49,0,115,95,77,34,118,93,23" hai2="89,46,57,113,58,71,64,98,67,81,10,26,38" hai3="40,12,47,62,75,104,112,8,69,100,126,85,11"/><W48/><G112/><T107/><D73/><U32/><E115/><V123/><F113/><W111/><G126/><T120/><D120/><U1/><E118/><V122/><F26/><W16/><G75/><T97/><D5/><U37/><E37/><V41/><F10/><W35/><G111/><T121/><D121/><N who="2" m="46090" /><F89/><W119/><G119/><T27/><D19/><U39/><E39/><V55/><F81/><W86/><G35/><T21/><D84/><U59/><E77/><V80/><F80/><W76/><G76/><T130/><D70/><U68/><E68/><V72/><F98/><N who="0" m="37994" /><D60/><U108/><E7/><V99/><F99/><W92/><G104/><T94/><D94/><U131/><E95/><V105/><F105/><W20/><G100/><T2/><D2/><U109/><E93/><V65/><F72/><W54/><G69/><T125/><D107/><U101/><E0/><V127/><F127/><W78/><G78/><T13/><D13/><U66/><E1/><V53/><F71/><W90/><REACH who="3" step="1"/><G86/><REACH who="3" ten="372,267,240,101" step="2"/><T74/><D74/><U18/><E103/><V110/><F110/><W17/><G17/><T56/><D125/><U102/><E18/><V117/><F117/><W22/><G22/><T6/><D6/><U36/><E23/><V132/><F132/><W87/><G87/><T61/><D21/><U15/><E101/><V116/><F116/><W91/><G91/><T14/><D29/><U128/><E102/><V134/><F134/><W83/><G83/><T3/><D27/><U51/><E28/><V52/><AGARI ba="1,2" hai="38,41,46,52,53,55,57,58,64,65,67" m="46090" machi="52" ten="40,8000,1" yaku="13,1,34,2,54,1" doraHai="124" who="2" fromWho="2" sc="372,-21,267,-21,240,103,101,-41" /><INIT seed="4,0,0,3,2,68" ten="351,246,343,60" oya="0" hai0="38,108,36,94,80,58,56,59,31,119,121,128,21" hai1="129,52,111,86,78,20,101,37,40,3,100,24,9" hai2="110,107,109,81,90,122,26,120,19,96,124,50,127" hai3="14,32,104,47,29,89,48,132,4,2,5,84,83"/><T13/><D119/><U134/><E111/><N who="2" m="42507" /><F19/><W91/><G132/><T82/><D108/><U61/><E134/><V123/><F26/><W133/><G133/><T106/><D106/><U15/><E3/><V117/><F50/><W43/><G104/><T115/><D121/><U131/><E40/><V118/><F81/><W39/><G39/><T113/><D128/><N who="1" m="49227" /><E37/><N who="0" m="14441" /><D94/><U76/><E86/><V41/><F41/><W69/><G69/><T28/><D13/><U71/><E71/><V135/><F90/><W25/><G2/><T116/><D116/><N who="2" m="44650" /><F96/><W55/><G4/><T62/><D62/><U98/><E98/><V45/><F45/><W126/><G55/><T57/><D57/><N who="1" m="34983" /><E78/><V12/><F12/><W60/><G60/><T114/><D21/><U67/><E76/><V33/><F33/><W0/><G0/><T112/><D113/><U35/><E35/><V16/><F107/><W1/><G1/><T7/><D7/><N who="1" m="3519" /><E67/><V44/><F44/><W30/><G47/><T73/><D73/><U103/><E101/><V85/><F85/><W99/><G84/><T27/><D27/><U63/><E63/><V18/><F135/><W125/><G25/><T70/><D70/><U34/><E34/><V53/><F53/><W6/><G32/><T88/><D88/><U105/><E105/><V66/><F66/><W64/><G64/><T95/><D95/><U22/><E22/><V75/><F75/><W49/><G99/><T46/><D46/><U130/><N who="1" m="49235" /><U23/><DORA hai="77" /><E23/><V54/><F54/><W87/><G43/><T74/><D74/><U97/><E97/><RYUUKYOKU ba="0,0" sc="351,10,246,10,343,10,60,-30" hai0="28,31,56,58,59,80,82,112,114,115" hai1="20,24,100,103" hai2="16,18,120,122,123,124,127" /><INIT seed="4,1,0,0,5,76" ten="361,256,353,30" oya="0" hai0="83,13,67,22,73,8,77,35,42,113,117,47,30" hai1="48,82,132,0,87,17,80,123,15,115,126,29,106" hai2="102,11,46,91,25,118,72,96,51,120,7,2,34" hai3="36,116,55,70,110,58,81,111,1,62,108,103,114"/><T121/><D117/><U53/><E123/><V23/><F118/><W125/><G1/><T3/><D121/><U39/><E39/><V92/><F120/><W133/><G103/><T14/><D35/><U124/><E0/><V93/><F72/><W10/><G116/><T52/><D113/><U122/><E106/><V69/><F69/><W127/><G10/><T18/><D67/><U129/><E122/><V71/><F71/><W128/><G81/><N who="1" m="31338" /><E115/><V57/><F57/><W112/><G36/><T63/><D3/><U89/><E29/><V21/><F34/><W33/><G33/><T66/><D30/><U109/><E109/><V97/><F25/><W61/><G128/><T38/><D52/><AGARI ba="1,0" hai="2,7,11,21,23,46,51,52,91,92,93,96,97,102" machi="52" ten="30,2000,0" yaku="7,1,54,1" doraHai="76" who="2" fromWho="0" sc="361,-23,256,0,353,23,30,0" /><INIT seed="5,0,0,0,1,4" ten="338,256,376,30" oya="1" hai0="106,27,129,102,48,29,52,107,50,133,9,75,17" hai1="103,64,36,104,91,69,81,97,23,40,70,6,125" hai2="80,16,3,108,59,57,62,28,131,10,11,66,100" hai3="58,88,98,60,46,49,71,130,68,45,134,54,110"/><U115/><E115/><V63/><F108/><W31/><G110/><T8/><D75/><U116/><E116/><V135/><F135/><W56/><G134/><T79/><D133/><U73/><E125/><V122/><F122/><W2/><G130/><T118/><D118/><U99/><E64/><V55/><F131/><W93/><G2/><T30/><D129/><U61/><E61/><V14/><F100/><W77/><G77/><T119/><D119/><U24/><E6/><V96/><F96/><W7/><G7/><T78/><D102/><U95/><E40/><V84/><F28/><N who="0" m="10858" /><D107/><U20/><E36/><V26/><F26/><W105/><G105/><T12/><D106/><U51/><E51/><N who="0" m="19497" /><D27/><U123/><E123/><V94/><F94/><W35/><G35/><T92/><D92/><U90/><E20/><N who="2" m="11287" /><F3/><W41/><G31/><T120/><D120/><U76/><REACH who="1" step="1"/><E91/><AGARI ba="0,0" hai="10,11,55,57,59,62,63,66,80,84,91" m="11287" machi="91" ten="30,7700,0" yaku="8,1,52,2,54,1" doraHai="4" who="2" fromWho="1" sc="338,0,256,-77,376,77,30,0" /><INIT seed="6,0,0,0,0,27" ten="338,179,453,30" oya="2" hai0="118,20,93,115,120,46,72,54,90,84,31,111,109" hai1="94,67,66,103,89,107,135,7,24,122,14,45,101" hai2="85,81,15,37,104,34,99,2,53,68,35,9,130" hai3="61,22,73,96,134,65,8,30,40,121,71,74,133"/><V132/><F68/><W19/><G121/><T4/><D120/><U47/><E135/><N who="3" m="51722" /><G40/><T29/><D72/><N who="3" m="27753" /><G96/><T105/><D105/><U95/><E107/><V60/><F2/><W44/><G44/><T13/><D115/><U3/><E3/><V10/><F130/><W117/><G117/><T102/><D118/><U127/><E122/><V87/><F15/><N who="3" m="9599" /><G8/><N who="0" m="4231" /><D111/><U119/><E47/><V59/><F37/><W32/><G32/><T63/><D109/><U116/><E45/><V78/><F34/><W112/><G112/><T62/><D102/><U106/><E101/><V23/><F35/><W69/><G69/><T86/><D86/><U38/><E103/><V92/><F104/><W5/><G5/><T129/><D129/><U83/><E7/><V88/><F132/><W41/><G41/><T39/><D39/><U26/><E38/><V82/><F23/><W50/><G50/><N who="0" m="29015" /><D20/><U16/><E106/><V124/><F124/><W80/><G80/><T48/><D48/><U49/><E49/><V58/><F58/><W113/><G113/><T131/><D131/><U18/><E83/><V123/><F123/><W43/><G43/><T126/><D126/><U125/><E125/><V75/><F75/><W6/><G6/><T108/><D108/><U100/><E127/><V36/><F36/><W0/><G0/><T17/><D17/><U128/><E128/><V91/><AGARI ba="0,0" hai="9,10,53,59,60,78,81,82,85,87,88,91,92,99" machi="91" ten="20,7800,0" yaku="0,1,7,1,8,1,54,1" doraHai="27" who="2" fromWho="2" sc="338,-26,179,-26,453,78,30,-26" /><INIT seed="6,1,0,2,2,9" ten="312,153,531,4" oya="2" hai0="3,86,63,26,99,71,56,0,23,105,58,89,51" hai1="44,121,125,109,135,38,111,92,39,24,36,87,22" hai2="110,62,102,112,131,41,59,19,17,61,34,122,27" hai3="13,40,126,46,73,1,21,101,43,14,75,15,68"/><V18/><F59/><W128/><G1/><T67/><D71/><U91/><E125/><V33/><F27/><W116/><G68/><T119/><D119/><U37/><E135/><V32/><F102/><W85/><G126/><T6/><D6/><U49/><E39/><V124/><F124/><W98/><G116/><T84/><D84/><U45/><E121/><V48/><F48/><W106/><G128/><T100/><D56/><U42/><REACH who="1" step="1"/><E45/><REACH who="1" ten="312,143,531,4" step="2"/><V54/><F54/><W7/><G85/><T104/><D86/><U132/><E132/><V77/><F122/><W115/><G115/><T53/><D53/><U103/><E103/><V108/><F112/><W4/><G43/><T47/><D100/><U50/><E50/><V76/><F41/><W65/><G65/><T66/><D51/><U10/><E10/><V78/><F131/><W107/><G107/><T129/><D47/><U55/><E55/><V88/><F61/><W8/><G21/><T133/><D66/><U35/><E35/><V52/><F62/><W114/><G114/><T2/><D129/><U120/><E120/><V97/><F52/><W20/><G20/><T118/><D133/><U90/><E90/><V93/><AGARI ba="1,1" hai="17,18,19,32,33,34,76,77,78,88,93,97,108,110" machi="93" ten="50,12000,1" yaku="0,1,29,2,54,1" doraHai="9" who="2" fromWho="2" sc="312,-41,143,-41,531,133,4,-41" owari="271,7.0,102,-30.0,664,77.0,-37,-54.0" /></mjloggm>