<mjloggm ver="2.3"><GO type="185" lobby="0"/><UN n0="%62%75%73%79" n1="%70%61%77%61%66%75%31" n2="%4B%65%6E%74%4B%65%6E%74" n3="" dan="16,19,17,0" rate="2043.14,2396.01,2279.33,1500.00" sx="M,M,F,C"/><TAIKYOKU oya="0"/><INIT seed="0,0,0,4,0,73" ten="350,350,350,0" oya="0" hai0="105,63,97,90,135,101,39,91,76,134,77,124,132" hai1="81,48,64,99,33,44,87,94,60,103,53,75,88" hai2="59,126,80,36,69,78,120,35,58,130,114,83,104" hai3=""/><T121/><N who="0" m="31008" /><T119/><D39/><U129/><E129/><V57/><N who="2" m="30752" /><V116/><F116/><T89/><D119/><U98/><E33/><V32/><F114/><T54/><D124/><U100/><E75/><V131/><F126/><T49/><D63/><U67/><REACH who="1" step="1"/><E60/><REACH who="1" ten="350,340,350,0" step="2"/><V40/><F32/><T38/><REACH who="0" step="1"/><D38/><REACH who="0" ten="340,340,350,0" step="2"/><U102/><E102/><V95/><F35/><T117/><D117/><U84/><E84/><V61/><F36/><T42/><D42/><U112/><E112/><V47/><F61/><T34/><D34/><U93/><AGARI ba="0,2" hai="44,48,53,64,67,81,87,88,93,94,98,99,100,103" machi="93" ten="20,9000,2" yaku="1,1,0,1,7,1,9,1,8,1,54,1,53,0" doraHai="73" doraHaiUra="2" who="1" fromWho="1" sc="340,-60,340,110,350,-30,0,0" /><INIT seed="1,0,0,0,1,73" ten="280,450,320,0" oya="1" hai0="42,93,124,123,125,94,47,65,96,117,72,35,54" hai1="119,33,89,110,60,70,81,76,134,120,122,64,0" hai2="57,98,46,99,131,39,129,74,75,45,1,3,91" hai3=""/><U56/><N who="1" m="30752" /><U59/><N who="1" m="31264" /><U82/><E119/><V103/><F91/><T102/><N who="0" m="31520" /><T95/><D117/><U69/><E33/><V61/><F61/><T40/><D35/><U101/><E134/><V114/><F57/><T100/><D72/><U105/><E0/><V127/><F127/><T44/><D65/><U2/><E2/><V43/><F114/><T106/><D54/><U108/><E89/><V77/><F103/><T87/><D87/><U92/><E81/><V130/><F46/><T49/><REACH who="0" step="1"/><D102/><REACH who="0" ten="270,450,320,0" step="2"/><U132/><E132/><V55/><F75/><T90/><D90/><U67/><E101/><V80/><F55/><T86/><D86/><U128/><E67/><V50/><F1/><T62/><D62/><U121/><N who="1" m="31008" /><U51/><E64/><V71/><F3/><T135/><D135/><U48/><E60/><V115/><F129/><T83/><D83/><U107/><E82/><V66/><F130/><T118/><D118/><U133/><E128/><V53/><F131/><T104/><D104/><U41/><E133/><V38/><F66/><T52/><D52/><U109/><E107/><V126/><F53/><T79/><D79/><U97/><E105/><V78/><F78/><T85/><D85/><RYUUKYOKU ba="0,1" sc="270,20,450,-10,320,-10,0,0" hai0="40,42,44,47,49,93,94,95,96,100,106,124,125" /><INIT seed="2,1,1,0,2,95" ten="290,440,310,0" oya="2" hai0="121,96,37,72,107,71,63,128,123,69,110,84,108" hai1="116,98,61,42,55,3,75,81,1,45,35,0,65" hai2="38,117,48,105,88,50,112,83,94,58,91,113,111" hai3=""/><V52/><F117/><T60/><N who="0" m="31008" /><T133/><N who="0" m="31520" /><T118/><D118/><U70/><E35/><V36/><F105/><T132/><D72/><U41/><E116/><V93/><F83/><T2/><D37/><U34/><E34/><V129/><F129/><T134/><D2/><U85/><E75/><V119/><F119/><T46/><D128/><U49/><E98/><V39/><F111/><T62/><D46/><U127/><E127/><V59/><F39/><T77/><D77/><U54/><E41/><V87/><F87/><T120/><N who="0" m="30752" /><T115/><D84/><U51/><E42/><V80/><F80/><T97/><D115/><U106/><E106/><V32/><F32/><T130/><D130/><U78/><E3/><V79/><F79/><T131/><D131/><U92/><E92/><V66/><F66/><T109/><D107/><U64/><E1/><V67/><F67/><T125/><D125/><U73/><E65/><V86/><F86/><T90/><D90/><U100/><E0/><V102/><F102/><T76/><D76/><U135/><E100/><V68/><F68/><AGARI ba="1,1" hai="60,62,63,68,69,71,96,97,108,109,110,132,133,134" m="30752,31520,31008" machi="68" ten="60,24000,4" yaku="29,2,28,2,14,1,20,1,52,5" doraHai="95" who="0" fromWho="2" sc="290,252,440,0,310,-242,0,0" /><INIT seed="4,0,0,2,1,104" ten="542,440,68,0" oya="0" hai0="51,106,80,118,34,122,78,85,101,89,116,40,129" hai1="87,84,3,98,33,67,55,127,71,88,111,115,63" hai2="102,60,97,94,73,49,124,91,48,56,44,43,2" hai3=""/><T66/><N who="0" m="31264" /><T107/><D129/><U81/><E33/><V69/><F2/><T133/><D34/><U109/><E3/><V103/><F124/><T117/><D133/><U46/><E127/><V52/><F69/><T82/><D66/><U100/><E115/><V35/><F35/><T47/><REACH who="0" step="1"/><D101/><REACH who="0" ten="532,440,68,0" step="2"/><U83/><E109/><V70/><F70/><T119/><N who="0" m="29696" /><DORA hai="68" /><T76/><D76/><U110/><E110/><V99/><F99/><T121/><N who="0" m="31008" /><T126/><D126/><U53/><E111/><V50/><REACH who="2" step="1"/><F73/><AGARI ba="0,1" hai="40,47,51,73,78,80,82,85,89,106,107" m="31008,29696,31264" machi="73" ten="70,12000,1" yaku="1,1,52,3,53,0" doraHai="104,68" doraHaiUra="64,125" who="0" fromWho="2" sc="532,130,440,0,68,-120,0,0" owari="662,61.0,440,4.0,-52,-65.0,0,0.0" /></mjloggm>