<mjloggm ver="2.3"><GO type="169" lobby="0"/><UN n0="%E3%81%AF%E3%81%BF%E3%82%82%E3%82%93" n1="%E6%AD%A6%E8%97%A4%E5%8D%83%E6%98%A5" n2="%E3%82%B7%E3%83%B3%E3%83%97%E3%83%AB%E3%81%AA%E3%83%AF%E3%82%AD%E3%82%AC" n3="%E3%83%A1%E3%82%BF%E3%83%93%E3%83%BC%E3%83%88" dan="18,16,17,18" rate="2225.48,2102.28,2203.25,2178.24" sx="M,F,M,M"/><TAIKYOKU oya="0"/><INIT seed="0,0,0,2,4,39" ten="250,250,250,250" oya="0" hai0="68,37,124,80,112,18,97,85,71,56,74,111,60" hai1="49,14,133,126,116,123,94,105,86,79,40,19,114" hai2="76,15,125,128,130,57,16,72,132,62,129,36,45" hai3="10,52,121,78,90,84,51,108,101,63,75,3,21"/><T31/><D112/><U25/><E116/><V32/><F32/><W43/><G108/><T127/><D74/><U69/><E123/><V6/><F132/><W41/><G121/><T109/><D31/><U67/><E105/><V77/><F6/><W64/><G101/><T38/><D97/><U48/><E48/><V23/><F125/><N who="0" m="48202" /><D18/><U53/><E19/><V9/><F72/><W93/><G21/><T46/><D85/><U7/><E86/><V113/><F113/><W26/><G26/><T73/><D80/><U82/><E25/><V117/><F117/><W89/><G90/><T2/><D2/><U8/><E79/><V92/><F23/><W66/><G10/><T134/><D73/><U29/><E82/><V61/><F61/><W20/><G20/><T87/><D87/><U50/><E8/><V13/><F13/><W27/><G27/><T95/><D95/><U47/><E14/><V88/><F45/><N who="3" m="27759" /><G3/><T96/><D96/><U104/><E7/><V91/><F36/><N who="0" m="13930" /><D46/><U33/><E47/><V120/><F120/><W98/><G75/><T118/><D118/><U1/><E1/><V0/><F0/><W12/><G12/><T4/><D134/><U100/><E133/><V99/><F91/><W110/><G84/><T107/><D107/><U58/><E104/><V30/><F30/><W34/><G98/><T83/><D83/><U135/><E29/><V122/><F122/><W11/><G34/><T5/><D4/><U59/><E135/><V102/><REACH who="2" step="1"/><F102/><REACH who="2" ten="250,250,240,250" step="2"/><W70/><G89/><T81/><D5/><U103/><E103/><V42/><F42/><RYUUKYOKU ba="0,1" sc="250,-10,250,-10,240,30,250,-10" hai2="9,15,16,57,62,76,77,88,92,99,128,129,130" /><INIT seed="1,1,1,5,0,76" ten="240,240,270,240" oya="1" hai0="15,84,36,18,61,95,22,51,100,30,31,130,32" hai1="132,45,79,72,37,29,85,16,94,20,2,71,62" hai2="124,63,81,55,35,59,134,110,120,48,73,3,107" hai3="90,101,135,54,123,13,82,24,25,11,102,65,26"/><U12/><E72/><V128/><RYUUKYOKU type="yao9" ba="1,1" sc="240,0,240,0,270,0,240,0" hai2="3,35,48,55,59,63,73,81,107,110,120,124,128,134" /><INIT seed="1,2,1,3,1,125" ten="240,240,270,240" oya="1" hai0="78,40,13,28,75,30,124,98,80,59,74,27,20" hai1="120,32,134,112,9,25,128,111,31,45,103,44,106" hai2="12,93,52,2,19,29,51,58,104,130,7,35,22" hai3="132,64,67,3,62,6,26,57,81,91,116,101,86"/><U109/><E120/><V117/><F117/><W83/><G132/><T41/><D124/><U95/><E112/><V90/><F104/><W72/><G116/><T66/><D74/><U39/><E134/><V100/><F100/><W94/><G26/><T82/><D30/><U122/><E122/><V73/><F73/><W21/><G21/><T79/><D13/><U77/><E77/><V133/><F133/><W24/><G24/><T85/><D98/><N who="1" m="61815" /><E95/><V69/><F69/><W127/><G127/><T10/><D10/><U23/><E23/><V54/><F29/><W129/><G3/><T88/><REACH who="0" step="1"/><D78/><REACH who="0" ten="230,240,270,240" step="2"/><U15/><E9/><N who="2" m="2295" /><F35/><W1/><G72/><T63/><AGARI ba="2,2" hai="20,27,28,40,41,59,63,66,75,79,80,82,85,88" machi="63" ten="30,4000,0" yaku="1,1,0,1,54,1,53,0" doraHai="125" doraHaiUra="8" who="0" fromWho="0" sc="230,66,240,-22,270,-12,240,-12" /><INIT seed="2,0,0,4,0,29" ten="296,218,258,228" oya="2" hai0="81,86,6,95,49,82,53,110,48,77,122,90,33" hai1="97,63,18,35,104,67,4,99,133,60,73,15,68" hai2="118,43,107,115,135,27,39,117,62,23,16,79,127" hai3="58,131,129,98,70,52,64,134,85,21,96,50,31"/><V61/><F115/><W11/><G134/><T114/><D110/><U30/><E133/><V75/><F135/><W14/><G85/><T47/><D122/><U17/><E73/><V7/><F107/><W36/><G36/><T121/><D121/><U119/><E119/><V54/><F127/><W92/><G70/><T2/><D114/><U80/><E4/><V130/><F130/><W10/><G64/><T109/><D109/><U120/><E120/><V87/><F75/><W3/><G3/><T111/><D33/><U105/><E80/><V26/><F7/><W51/><G51/><T12/><D2/><U34/><E30/><V101/><F101/><W25/><G11/><N who="0" m="4215" /><D77/><U103/><E15/><V46/><F27/><W126/><G126/><T9/><D9/><U72/><E72/><V24/><F24/><W93/><G93/><T128/><D128/><N who="3" m="49225" /><G92/><T124/><D124/><U41/><E41/><V22/><F22/><W108/><G108/><T71/><D71/><U112/><E112/><V94/><F61/><W100/><G100/><T83/><D111/><U28/><E28/><V13/><F13/><W45/><G58/><T65/><D49/><U57/><E68/><V59/><REACH who="2" step="1"/><F79/><REACH who="2" ten="296,218,248,228" step="2"/><W89/><G89/><AGARI ba="0,1" hai="16,23,26,39,43,46,54,59,62,87,89,94,117,118" machi="89" ten="40,12000,1" yaku="1,1,2,1,54,1,53,1" doraHai="29" doraHaiUra="37" who="2" fromWho="3" sc="296,0,218,0,248,130,228,-120" /><INIT seed="2,1,0,3,5,51" ten="296,218,378,108" oya="2" hai0="63,45,91,79,104,59,76,83,29,46,25,6,44" hai1="13,53,82,15,125,14,30,78,52,116,130,50,16" hai2="99,100,134,102,109,5,56,89,122,57,84,34,64" hai3="129,132,43,10,105,41,39,9,80,131,28,4,88"/><V66/><F122/><W24/><G105/><T49/><D104/><U36/><E116/><V94/><F134/><W96/><G132/><T12/><D49/><U54/><E36/><V119/><F119/><W86/><G96/><T17/><D6/><U87/><E125/><V95/><F34/><W60/><G60/><T103/><D103/><U3/><E3/><V33/><F33/><W62/><G62/><T20/><D91/><U123/><E123/><V23/><F109/><W73/><G73/><T22/><REACH who="0" step="1"/><D83/><REACH who="0" ten="286,218,378,108" step="2"/><U107/><E107/><V112/><F102/><W48/><G39/><T42/><D42/><U31/><E130/><V127/><F5/><W11/><G4/><T110/><D110/><U70/><E70/><V55/><F127/><W38/><G38/><T61/><D61/><U7/><E7/><V2/><F2/><W117/><G117/><T113/><D113/><U101/><E101/><V124/><F112/><W128/><REACH who="3" step="1"/><G48/><REACH who="3" ten="286,218,378,98" step="2"/><T18/><D18/><U65/><E50/><N who="2" m="30839" /><F124/><W40/><G40/><T106/><D106/><U21/><E65/><AGARI ba="1,2" hai="12,17,20,22,25,29,44,45,46,59,63,65,76,79" machi="65" ten="40,2600,0" yaku="1,1,8,1,53,0" doraHai="51" doraHaiUra="92" who="0" fromWho="1" sc="286,49,218,-29,378,0,98,0" /><INIT seed="3,0,0,1,2,81" ten="335,189,378,98" oya="3" hai0="59,97,127,44,90,89,132,107,2,128,1,18,36" hai1="110,37,27,96,73,15,112,134,92,104,6,76,129" hai2="34,10,131,93,67,60,19,125,51,30,118,83,46" hai3="121,11,120,16,35,101,95,65,12,14,7,63,66"/><W8/><G35/><T53/><D132/><U103/><E37/><V106/><F106/><W31/><G31/><T13/><D128/><U48/><E110/><V61/><F118/><W20/><G20/><T87/><D127/><U80/><E112/><V49/><F125/><W43/><G43/><T77/><D77/><U114/><E114/><V9/><F131/><W50/><G50/><T71/><D71/><U28/><E129/><V39/><F39/><W0/><G0/><T22/><D44/><U40/><E134/><V78/><F51/><W23/><G23/><T68/><D68/><U45/><E15/><V57/><F19/><W86/><G65/><T124/><D36/><U55/><E6/><V17/><F17/><W135/><G135/><T115/><D115/><U62/><E62/><V72/><F61/><W21/><G21/><T29/><D29/><U58/><E104/><V98/><F30/><W3/><G3/><T88/><D124/><U5/><E5/><V105/><F105/><W38/><G38/><T130/><D130/><U117/><E117/><V100/><F34/><W113/><G113/><T102/><D2/><U85/><E27/><V24/><REACH who="2" step="1"/><F24/><REACH who="2" ten="335,189,368,98" step="2"/><W122/><G121/><T26/><D26/><U75/><E28/><V64/><F64/><W56/><REACH who="3" step="1"/><G101/><REACH who="3" ten="335,189,368,88" step="2"/><T74/><D102/><U42/><E42/><AGARI ba="0,2" hai="9,10,42,46,49,57,60,67,72,78,83,93,98,100" machi="42" ten="30,2000,0" yaku="1,1,7,1,53,0" doraHai="81" doraHaiUra="25" who="2" fromWho="1" sc="335,0,189,-20,368,40,88,0" /><INIT seed="4,0,0,2,1,86" ten="335,169,408,88" oya="0" hai0="6,49,119,85,116,35,124,30,47,18,27,61,70" hai1="118,78,135,99,48,26,68,11,76,66,60,122,77" hai2="133,80,117,37,10,59,69,29,20,38,109,112,9" hai3="1,50,95,110,106,121,2,33,92,5,31,67,107"/><T83/><D124/><U114/><E122/><V81/><F109/><W71/><G50/><T56/><D70/><U22/><E118/><V7/><F69/><W16/><G71/><T64/><D6/><U44/><E135/><V0/><F10/><W3/><G5/><T128/><D18/><U105/><E11/><V74/><F133/><W42/><G42/><T127/><D128/><U98/><E105/><V4/><F4/><W46/><G46/><T93/><D93/><N who="3" m="35913" /><G67/><T87/><D87/><U65/><E65/><V101/><F112/><W120/><G110/><T19/><D19/><U8/><E8/><V97/><F80/><W134/><G134/><T132/><D127/><U40/><REACH who="1" step="1"/><E114/><REACH who="1" ten="335,159,408,88" step="2"/><V79/><F9/><W123/><G106/><T72/><D132/><U131/><E131/><V13/><F117/><W113/><G107/><T111/><D111/><U125/><E125/><V57/><F7/><W62/><G113/><T100/><D119/><U14/><E14/><V41/><F13/><W126/><G126/><T36/><D64/><U55/><E55/><V96/><F0/><W21/><G120/><T45/><D116/><U73/><E73/><V52/><F52/><W103/><G123/><T32/><D72/><U75/><E75/><V43/><F74/><W39/><G121/><T90/><D27/><U12/><E12/><V54/><F54/><W91/><G3/><T104/><D104/><U25/><E25/><V88/><F43/><W24/><G2/><T89/><D32/><U102/><E102/><V15/><F101/><W58/><G33/><T82/><D35/><RYUUKYOKU ba="0,1" sc="335,-10,159,30,408,-10,88,-10" hai1="22,26,40,44,48,60,66,68,76,77,78,98,99" /><INIT seed="5,1,1,5,1,128" ten="325,189,398,78" oya="1" hai0="74,9,129,35,70,107,4,106,55,69,23,93,56" hai1="90,13,126,130,98,25,81,34,1,109,36,117,52" hai2="94,89,102,65,124,101,122,125,21,11,50,108,43" hai3="37,114,53,79,38,110,51,26,14,118,39,80,30"/><U40/><E117/><V82/><F108/><W0/><G114/><T6/><D74/><U84/><E1/><V64/><F122/><W85/><G110/><T75/><D75/><U134/><E130/><V73/><F11/><W103/><G0/><T45/><D35/><U8/><E109/><V57/><F21/><W54/><G118/><T78/><D78/><U66/><E66/><V10/><F10/><W67/><G67/><T121/><D107/><U100/><E126/><N who="2" m="48747" /><F82/><W19/><G103/><N who="2" m="39433" /><F73/><W97/><G97/><T27/><D106/><U24/><E34/><V99/><F57/><W44/><G53/><T61/><D129/><U41/><E52/><V120/><F120/><W133/><G133/><T5/><D9/><U119/><E134/><V131/><F131/><W7/><G7/><T112/><D112/><U77/><E119/><V71/><F71/><W111/><G111/><T32/><D32/><U123/><E123/><V132/><F132/><W58/><G58/><T47/><D69/><U12/><E100/><V63/><F63/><W17/><REACH who="3" step="1"/><G14/><REACH who="3" ten="325,189,398,68" step="2"/><T49/><D121/><U68/><E13/><V2/><F2/><W92/><G92/><T115/><D115/><U29/><E12/><V116/><F116/><W33/><AGARI ba="1,2" hai="17,19,26,30,33,37,38,39,44,51,54,79,80,85" machi="33" ten="30,2000,0" yaku="1,1,0,1,53,0" doraHai="128" doraHaiUra="104" who="3" fromWho="3" sc="325,-6,189,-11,398,-6,68,43" /><INIT seed="6,0,0,2,0,125" ten="319,178,392,111" oya="2" hai0="74,124,52,55,131,4,75,73,106,42,89,116,38" hai1="21,133,40,3,46,112,54,86,37,7,8,88,97" hai2="134,102,17,9,128,109,11,50,10,28,117,44,91" hai3="122,104,103,36,63,15,98,57,72,48,35,92,34"/><V53/><F117/><W39/><G122/><T110/><D110/><U107/><E112/><V76/><F134/><W32/><G72/><T61/><D124/><U43/><E133/><V12/><F109/><W71/><G15/><T58/><D106/><U14/><E107/><V1/><F1/><W130/><G92/><T5/><D116/><U84/><E97/><V18/><F76/><W93/><G93/><T80/><D38/><N who="3" m="14377" /><G48/><T65/><D42/><U78/><E78/><V85/><F28/><W2/><G57/><T59/><D65/><U123/><E123/><V19/><F128/><W90/><G90/><T31/><D131/><U66/><E43/><V13/><REACH who="2" step="1"/><F102/><REACH who="2" ten="319,178,382,111" step="2"/><W94/><G130/><T105/><D31/><U87/><E3/><V0/><F0/><W70/><G2/><T81/><D105/><U100/><E100/><V45/><F45/><W82/><G104/><T56/><D89/><U26/><E88/><V68/><F68/><W30/><G30/><T108/><D108/><U64/><E54/><N who="0" m="20521" /><D61/><U115/><E46/><V29/><F29/><W120/><G120/><T114/><D114/><U6/><E115/><V27/><F27/><W83/><G71/><T62/><D62/><U126/><E26/><V132/><F132/><W95/><G70/><T20/><D20/><U67/><E21/><V77/><F77/><W69/><G69/><T111/><D111/><U41/><E40/><V25/><F25/><W118/><G118/><T96/><D96/><U129/><E41/><V16/><N who="2" m="4096" /><DORA hai="24" /><V51/><F51/><W33/><N who="3" m="8192" /><DORA hai="22" /><W121/><G121/><RYUUKYOKU ba="0,1" sc="319,15,178,-15,382,15,111,-15" hai0="4,5,56,58,59,73,74,75,80,81" hai2="9,10,11,12,13,44,50,53,85,91" /><INIT seed="6,1,1,0,0,42" ten="334,163,397,96" oya="2" hai0="113,116,84,121,85,108,129,37,94,39,27,15,103" hai1="52,127,83,32,5,49,19,6,117,64,96,61,54" hai2="112,20,31,36,4,43,35,28,59,110,25,63,89" hai3="47,16,86,66,87,34,71,62,81,14,11,65,12"/><V98/><F112/><W0/><G34/><T56/><D108/><U29/><E117/><V33/><F110/><W69/><G0/><T2/><D2/><U3/><E127/><V40/><F4/><W72/><G72/><T74/><D74/><U38/><E38/><V10/><F10/><W24/><G24/><T13/><D121/><U7/><E83/><V114/><F114/><W123/><G123/><T118/><D27/><U18/><E96/><V58/><F58/><W82/><G47/><T91/><D56/><U99/><E99/><V70/><F70/><W133/><G133/><T55/><D94/><U76/><E76/><V90/><F31/><W131/><G131/><T93/><D93/><U104/><E104/><V105/><F89/><W92/><G92/><T80/><D80/><U119/><E119/><V101/><F90/><W60/><REACH who="3" step="1"/><G11/><REACH who="3" ten="334,163,397,86" step="2"/><T51/><D118/><U8/><E8/><V57/><F33/><W100/><G100/><T130/><D103/><U26/><E3/><V9/><F9/><W53/><G53/><T77/><D55/><U17/><E54/><V79/><F35/><W111/><G111/><T75/><D75/><U21/><E32/><V120/><F25/><W78/><G78/><T30/><D77/><U22/><E26/><V67/><F79/><W44/><G44/><T115/><D116/><U46/><REACH who="1" step="1"/><E29/><REACH who="1" ten="334,153,397,86" step="2"/><V122/><F28/><W97/><G97/><T23/><D30/><U68/><AGARI ba="1,3" hai="5,6,7,17,18,19,21,22,46,49,52,61,64,68" machi="68" ten="30,12000,2" yaku="1,1,2,1,0,1,52,1,54,1,53,1" doraHai="42" doraHaiUra="48" who="1" fromWho="1" sc="334,-31,153,153,397,-61,86,-31" /><INIT seed="7,0,0,2,4,41" ten="303,306,336,55" oya="3" hai0="13,78,77,39,122,85,51,52,130,116,79,132,40" hai1="60,43,121,2,56,74,5,44,109,29,93,23,88" hai2="38,127,12,50,36,97,61,73,62,92,135,125,4" hai3="30,8,81,6,102,67,107,80,37,99,90,86,89"/><W57/><G37/><N who="2" m="14441" /><F73/><W118/><G118/><T35/><D122/><U101/><E121/><V94/><F50/><W28/><G57/><N who="0" m="32927" /><D35/><U131/><E74/><V87/><F87/><W71/><G67/><T58/><D39/><U15/><E101/><V54/><F54/><W82/><G71/><T133/><D116/><U117/><E117/><V49/><F49/><W16/><G16/><T95/><D40/><U18/><E29/><V24/><F24/><W106/><G107/><T31/><D31/><U108/><E2/><V91/><F94/><W59/><G59/><T42/><D42/><U115/><E5/><V65/><F65/><W112/><G112/><T75/><D75/><U113/><E113/><V84/><F84/><W34/><G34/><T22/><D58/><U105/><E105/><V68/><F68/><W17/><G17/><N who="0" m="10543" /><D130/><U46/><E131/><V128/><F128/><W10/><G10/><T129/><D129/><U123/><E123/><V96/><F135/><W103/><G102/><T114/><D114/><U111/><E115/><V47/><F47/><W9/><G9/><T83/><D83/><U33/><E33/><V134/><F134/><W11/><G11/><T3/><D3/><U124/><E43/><V19/><F4/><W27/><G27/><T98/><D98/><N who="1" m="57639" /><E56/><V66/><F97/><W63/><G63/><N who="2" m="24073" /><F66/><W72/><G72/><T0/><D0/><U20/><E60/><V25/><F25/><W64/><G64/><T104/><D104/><U7/><E108/><V119/><F119/><W76/><G76/><T126/><D126/><U70/><E124/><RYUUKYOKU ba="0,0" sc="303,15,306,-15,336,15,55,-15" hai0="77,78,79,85,95,132,133" hai2="12,19,91,92,96,125,127" owari="318,12.0,291,-11.0,351,45.0,40,-46.0" /></mjloggm>