<mjloggm ver="2.3"><GO type="185" lobby="0"/><UN n0="%E3%81%A0%E3%81%83" n1="%E5%8C%97%E5%B0%8F%E8%B7%AF%3A%E9%9A%86%E5%A4%AA" n2="%62%69%74%74%65%72%74" n3="" dan="16,16,18,0" rate="2163.21,2203.03,2295.97,1500.00" sx="M,M,M,C"/><TAIKYOKU oya="0"/><INIT seed="0,0,0,2,4,49" ten="350,350,350,0" oya="0" hai0="50,97,65,91,83,35,43,92,63,41,94,98,73" hai1="77,126,58,119,118,38,120,103,54,115,60,55,95" hai2="100,101,78,74,59,134,86,129,109,48,85,124,127" hai3=""/><T114/><D35/><U123/><N who="1" m="30752" /><U125/><N who="1" m="31520" /><U67/><E38/><V111/><F48/><T53/><D114/><U87/><E115/><V61/><F59/><T128/><D128/><U64/><E103/><N who="2" m="39499" /><F61/><T70/><D73/><U76/><E95/><V71/><F71/><T104/><D83/><U47/><E87/><N who="2" m="33291" /><F129/><T116/><D116/><U121/><N who="1" m="31008" /><U122/><N who="1" m="31264" /><U34/><E34/><V52/><F52/><N who="1" m="20009" /><E47/><V37/><F37/><T90/><REACH who="0" step="1"/><D104/><REACH who="0" ten="340,350,350,0" step="2"/><U135/><E135/><V108/><F134/><T113/><D113/><U66/><E58/><AGARI ba="0,1" hai="41,43,50,53,58,63,65,70,90,91,92,94,97,98" machi="58" ten="30,12000,1" yaku="1,1,7,1,9,1,52,1,53,1" doraHai="49" doraHaiUra="57" who="0" fromWho="1" sc="340,130,350,-120,350,0,0,0" /><INIT seed="0,1,0,2,1,69" ten="470,230,350,0" oya="0" hai0="95,66,109,133,49,131,70,76,84,120,102,116,50" hai1="62,127,46,34,110,2,98,106,67,128,96,58,123" hai2="125,82,83,121,68,53,57,48,126,80,87,45,63" hai3=""/><T60/><N who="0" m="30752" /><T100/><D116/><U94/><N who="1" m="31520" /><U43/><E2/><V85/><N who="2" m="31008" /><V78/><F68/><T111/><D133/><U51/><E34/><V104/><F104/><T122/><N who="0" m="31264" /><T105/><D131/><U55/><E128/><V79/><REACH who="2" step="1"/><F83/><REACH who="2" ten="470,230,340,0" step="2"/><T74/><D105/><U40/><E127/><V65/><AGARI ba="1,1" hai="45,48,53,57,63,65,78,79,80,82,85,87,125,126" m="31008" machi="65" ten="30,9000,2" yaku="1,1,2,1,0,1,9,1,52,1,53,1" doraHai="69" doraHaiUra="117" who="2" fromWho="2" sc="470,-61,230,-31,340,102,0,0" /><INIT seed="1,0,0,0,0,1" ten="409,199,442,0" oya="1" hai0="80,75,112,86,49,98,65,119,64,118,122,51,121" hai1="94,85,111,102,43,132,69,100,41,89,32,66,108" hai2="133,60,92,125,3,59,95,62,120,76,128,77,91" hai3=""/><U130/><E32/><V114/><N who="2" m="30752" /><V33/><F3/><T107/><N who="0" m="31008" /><T124/><N who="0" m="31264" /><T40/><D75/><U61/><E132/><V106/><F106/><T56/><D112/><U72/><E72/><V105/><F105/><T73/><D73/><U36/><E130/><V55/><F33/><T115/><D115/><U113/><E113/><V2/><F2/><T67/><D124/><U45/><REACH who="1" step="1"/><E43/><REACH who="1" ten="409,189,442,0" step="2"/><V109/><F114/><T68/><D118/><U54/><E54/><V52/><F133/><T134/><D119/><U38/><E38/><V126/><F128/><T50/><D134/><U42/><E42/><V37/><F37/><T35/><D35/><U78/><E78/><V46/><F125/><T97/><D40/><U123/><N who="1" m="31520" /><U135/><E135/><V53/><F126/><T129/><D129/><U44/><E44/><V81/><F55/><T117/><D117/><U93/><E93/><V101/><F46/><T71/><D107/><U83/><E83/><V63/><F53/><T57/><D80/><U131/><E131/><V84/><F81/><T58/><D65/><U74/><E74/><V96/><F109/><AGARI ba="0,1" hai="36,41,45,61,66,69,85,89,94,100,102,108,109,111" m="31520" machi="109" ten="40,12000,1" yaku="1,1,14,1,10,1,52,1,53,0" doraHai="1" doraHaiUra="0" who="1" fromWho="2" sc="409,0,189,130,442,-120,0,0" /><INIT seed="1,1,0,2,0,131" ten="409,319,322,0" oya="1" hai0="99,130,54,85,39,132,0,59,112,60,65,55,105" hai1="133,53,120,56,110,33,62,67,126,68,123,115,44" hai2="37,38,82,43,117,89,66,52,121,36,41,84,32" hai3=""/><U134/><N who="1" m="30752" /><U63/><N who="1" m="31520" /><U98/><E33/><V81/><N who="2" m="31008" /><V71/><F32/><T127/><D0/><U108/><E115/><V83/><F117/><T77/><D39/><U100/><E126/><V61/><REACH who="2" step="1"/><F52/><REACH who="2" ten="409,319,312,0" step="2"/><T135/><D130/><U97/><E44/><V109/><F109/><N who="1" m="42089" /><E98/><V69/><F69/><T87/><D127/><U92/><AGARI ba="1,1" hai="53,56,62,63,67,68,92,97,100,133,134" m="42089,31520,30752" machi="92" ten="30,12000,2" yaku="14,1,10,1,52,4" doraHai="131" who="1" fromWho="1" sc="409,-61,319,132,312,-61,0,0" /><INIT seed="1,2,0,5,5,39" ten="348,451,251,0" oya="1" hai0="56,99,88,81,64,128,127,79,2,76,65,117,116" hai1="110,38,33,40,89,37,104,71,45,96,84,35,101" hai2="59,41,114,82,66,111,43,63,90,74,50,132,94" hai3=""/><U48/><E71/><V49/><F132/><T73/><D2/><U67/><E67/><V92/><F111/><T62/><D127/><U95/><REACH who="1" step="1"/><E110/><REACH who="1" ten="348,441,251,0" step="2"/><V106/><F114/><T78/><D117/><U42/><E42/><N who="2" m="15883" /><F74/><T44/><D65/><U123/><N who="1" m="31520" /><U100/><E100/><V77/><F77/><T0/><D116/><U86/><E86/><V121/><N who="2" m="31008" /><V112/><F112/><T87/><D73/><U135/><E135/><V103/><F106/><T69/><D0/><U108/><E108/><V129/><F129/><T115/><D128/><U97/><E97/><V124/><F124/><T93/><D115/><U119/><E119/><V126/><F126/><T134/><D134/><U68/><E68/><V3/><F3/><T32/><D69/><U98/><E98/><V80/><F103/><T75/><D75/><U54/><E54/><V109/><F109/><T58/><D99/><U107/><E107/><V125/><F125/><T60/><D87/><U36/><AGARI ba="2,1" hai="33,35,36,37,38,40,45,48,84,89,95,96,101,104" m="31520" machi="36" ten="30,8000,1" yaku="1,1,0,1,52,2,53,1" doraHai="39" doraHaiUra="47" who="1" fromWho="1" sc="348,-42,441,94,251,-42,0,0" /><INIT seed="1,3,0,3,1,70" ten="306,535,209,0" oya="1" hai0="120,99,90,101,1,97,119,68,85,49,94,69,62" hai1="79,53,117,124,75,0,89,125,76,38,52,123,130" hai2="46,112,77,105,127,43,63,122,41,37,40,2,48" hai3=""/><U118/><N who="1" m="31520" /><U71/><E0/><V113/><N who="2" m="31264" /><V74/><F105/><T44/><N who="0" m="30752" /><T65/><D119/><N who="1" m="45579" /><E71/><V115/><F2/><T59/><D1/><U73/><E89/><V109/><F127/><N who="1" m="48713" /><E38/><V135/><F135/><T88/><D90/><U95/><E95/><V134/><F134/><T96/><REACH who="0" step="1"/><D101/><REACH who="0" ten="296,535,209,0" step="2"/><U104/><E130/><V56/><F109/><T66/><D66/><U87/><E104/><V111/><F111/><T72/><D72/><N who="1" m="27723" /><E76/><V57/><F74/><T103/><D103/><U100/><E100/><V54/><F77/><T131/><D131/><U98/><E98/><V36/><REACH who="2" step="1"/><F57/><REACH who="2" ten="296,535,199,0" step="2"/><T133/><D133/><U126/><E126/><V121/><N who="2" m="31008" /><V67/><AGARI ba="3,2" hai="36,37,40,41,43,46,48,54,56,63,67,112,113,115" m="31008,31264" machi="67" ten="40,18000,4" yaku="1,1,4,1,0,1,11,1,34,3,52,4,53,0" doraHai="70" doraHaiUra="93" who="2" fromWho="2" sc="296,-63,535,-123,199,206,0,0" /><INIT seed="2,0,0,3,2,36" ten="233,412,405,0" oya="2" hai0="79,127,114,65,69,121,1,45,38,50,86,47,122" hai1="99,70,135,80,115,48,74,78,125,105,112,77,131" hai2="64,73,92,83,94,120,133,106,60,87,126,89,63" hai3=""/><V61/><N who="2" m="30752" /><V100/><F133/><T59/><N who="0" m="31008" /><T54/><N who="0" m="31264" /><T37/><D1/><U56/><E70/><V82/><F126/><T119/><D127/><U42/><E125/><V0/><F0/><T96/><D96/><U91/><E135/><V72/><F64/><T107/><D107/><U66/><E131/><V123/><N who="2" m="31520" /><V68/><F68/><T53/><D119/><U67/><E77/><V90/><F106/><T40/><D114/><U103/><E91/><V52/><F52/><T81/><D54/><U116/><E116/><V3/><F100/><T88/><D79/><U49/><E66/><V130/><F3/><T33/><D33/><U39/><E67/><V71/><F71/><T75/><D75/><U128/><E128/><V102/><F102/><T76/><D76/><U93/><E105/><V84/><REACH who="2" step="1"/><F130/><REACH who="2" ten="233,412,395,0" step="2"/><T32/><D32/><U51/><REACH who="1" step="1"/><E56/><REACH who="1" ten="233,402,395,0" step="2"/><V41/><F41/><T95/><D69/><U85/><E85/><V101/><F101/><T57/><D65/><U62/><E62/><V97/><F97/><T44/><D57/><U118/><E118/><V58/><F58/><T110/><D59/><U35/><E35/><V132/><F132/><T108/><D86/><U55/><E55/><RYUUKYOKU ba="0,2" sc="233,-20,402,10,395,10,0,0" hai1="39,42,48,49,51,74,78,80,93,99,103,112,115" hai2="60,61,63,72,73,82,83,84,87,89,90,92,94" /><INIT seed="2,1,2,5,3,109" ten="213,412,405,0" oya="2" hai0="33,75,61,90,91,67,127,0,50,110,69,66,79" hai1="46,70,64,2,133,74,105,84,43,89,129,123,98" hai2="80,106,60,103,108,52,40,34,77,47,111,65,45" hai3=""/><V36/><F34/><T120/><N who="0" m="30752" /><T32/><D33/><U128/><N who="1" m="31520" /><U1/><E133/><V135/><F135/><T82/><D32/><U131/><E74/><V96/><F47/><T62/><D0/><N who="1" m="107" /><E64/><V37/><F37/><T88/><D110/><N who="2" m="42026" /><F52/><T49/><REACH who="0" step="1"/><D127/><REACH who="0" ten="203,412,405,0" step="2"/><U124/><E124/><V94/><F106/><T102/><D102/><U119/><E105/><V57/><F77/><T134/><D134/><U35/><E35/><V107/><F107/><T118/><D118/><U39/><E119/><V95/><F95/><T3/><D3/><U114/><E129/><V97/><F80/><T38/><D38/><U53/><E39/><V58/><F97/><T130/><D130/><U100/><E98/><V63/><F63/><T68/><AGARI ba="1,3" hai="49,50,61,62,66,67,68,69,75,79,82,88,90,91" m="30752" machi="68" ten="30,6000,1" yaku="1,1,0,1,9,1,52,1,54,1,53,0" doraHai="109" doraHaiUra="41" who="0" fromWho="0" sc="203,92,412,-21,405,-41,0,0" /><INIT seed="4,0,0,0,1,73" ten="295,391,364,0" oya="0" hai0="96,108,124,101,71,56,36,109,3,64,72,134,34" hai1="98,47,45,39,92,121,40,62,88,118,122,91,53" hai2="102,133,33,48,58,135,119,57,97,65,110,50,100" hai3=""/><T89/><D34/><U51/><N who="1" m="31008" /><U105/><N who="1" m="31264" /><U79/><E118/><V104/><F33/><T0/><D36/><U70/><E105/><V55/><F119/><T43/><D71/><U67/><E79/><V38/><F38/><T46/><D134/><N who="2" m="51210" /><F102/><AGARI ba="0,0" hai="39,40,45,47,51,53,62,67,70,88,91,92,98,102" m="31264,31008" machi="102" ten="30,7700,0" yaku="7,1,52,2,54,1" doraHai="73" who="1" fromWho="2" sc="295,0,391,77,364,-77,0,0" /><INIT seed="5,0,0,3,0,112" ten="295,468,287,0" oya="1" hai0="125,124,58,130,59,126,68,82,47,118,70,88,95" hai1="116,46,132,98,108,119,34,54,97,74,48,105,73" hai2="102,90,115,36,93,61,78,40,100,110,133,56,120" hai3=""/><U52/><E34/><V122/><N who="2" m="30752" /><V65/><N who="2" m="31264" /><V99/><F110/><T135/><D130/><U113/><E108/><V37/><F115/><T1/><D1/><U53/><E113/><V55/><F133/><T111/><D111/><U51/><E132/><V91/><F78/><T89/><D135/><U38/><E38/><V128/><F128/><T69/><D47/><U0/><E0/><V63/><F91/><T131/><D131/><U49/><E46/><V42/><F37/><T32/><D32/><U94/><E105/><V96/><F36/><T50/><D50/><U80/><E80/><V35/><F90/><T103/><D118/><N who="1" m="45099" /><E94/><V43/><F35/><T106/><D106/><U87/><E87/><V86/><F86/><T33/><D33/><U2/><E2/><V79/><F79/><T134/><D134/><U84/><E84/><V81/><F81/><T109/><D109/><U85/><E85/><V44/><F44/><T62/><D82/><U41/><E41/><V129/><F129/><T66/><D59/><U72/><AGARI ba="0,0" hai="48,49,51,52,53,54,72,73,74,97,98" m="45099" machi="72" ten="50,16000,3" yaku="29,2,28,2,52,3,54,1" doraHai="112" who="1" fromWho="1" sc="295,-80,468,160,287,-80,0,0" /><INIT seed="5,1,0,5,5,54" ten="215,628,207,0" oya="1" hai0="96,104,122,46,119,87,106,129,59,45,75,85,123" hai1="81,105,69,124,121,48,101,51,40,78,126,2,86" hai2="0,103,133,98,109,58,117,131,100,77,135,93,68" hai3=""/><U108/><N who="1" m="31008" /><U41/><E2/><V107/><F68/><T47/><N who="0" m="31264" /><T118/><N who="0" m="31520" /><T55/><D75/><U112/><E69/><V80/><F0/><T32/><D32/><U115/><E108/><V92/><F58/><T74/><D74/><U56/><E101/><V43/><F43/><N who="1" m="16457" /><E105/><V89/><F109/><T95/><D129/><U36/><E36/><V120/><N who="2" m="30752" /><V88/><F131/><T110/><D110/><U134/><E134/><N who="2" m="51211" /><F117/><N who="0" m="44554" /><D106/><U102/><E102/><V114/><F114/><N who="1" m="43561" /><E56/><V50/><F50/><AGARI ba="1,0" hai="48,50,51,78,81,86,124,126" m="43561,16457,31008" machi="50" ten="30,2900,0" yaku="15,1,52,1" doraHai="54" who="1" fromWho="2" sc="215,0,628,31,207,-31,0,0" /><INIT seed="5,2,0,2,0,96" ten="215,659,176,0" oya="1" hai0="52,35,102,100,89,66,41,97,104,33,59,134,45" hai1="50,37,38,62,73,55,119,117,107,94,77,3,1" hai2="74,75,34,64,103,93,32,108,87,105,81,109,113" hai3=""/><U61/><E107/><V101/><F64/><T128/><D134/><U71/><E94/><V56/><F56/><T122/><N who="0" m="31264" /><T69/><D128/><U49/><E77/><V36/><F36/><T126/><D126/><U127/><E73/><N who="2" m="27659" /><F32/><T132/><D132/><U125/><REACH who="1" step="1"/><E55/><REACH who="1" ten="215,649,176,0" step="2"/><V82/><F34/><T46/><D35/><U68/><AGARI ba="2,1" hai="1,3,37,38,49,50,61,62,68,71,117,119,125,127" machi="68" ten="25,8000,1" yaku="1,1,2,1,0,1,22,2,53,0" doraHai="96" doraHaiUra="116" who="1" fromWho="1" sc="215,-42,649,94,176,-42,0,0" /><INIT seed="5,3,0,5,4,46" ten="173,743,134,0" oya="1" hai0="87,76,69,85,133,124,74,52,89,37,58,117,90" hai1="98,49,119,80,110,70,101,48,105,135,72,51,96" hai2="116,40,108,47,121,77,93,131,34,106,54,68,97" hai3=""/><U123/><N who="1" m="31520" /><U107/><E70/><V118/><N who="2" m="31008" /><V104/><F68/><T94/><D37/><U64/><E119/><V109/><F34/><T53/><D69/><U130/><E64/><V33/><F33/><T120/><N who="0" m="30752" /><T32/><D117/><N who="2" m="45162" /><F54/><T65/><D32/><U99/><E135/><V41/><F47/><T102/><D133/><U82/><E130/><V128/><F41/><T114/><D124/><U113/><E113/><V50/><F50/><T61/><D114/><U73/><E110/><N who="2" m="42603" /><F77/><T63/><D102/><U42/><E42/><V0/><F40/><T67/><D74/><N who="1" m="28779" /><E101/><V35/><F0/><T62/><D76/><U129/><E129/><N who="2" m="49739" /><F35/><T36/><D36/><U115/><E115/><V132/><F132/><T103/><D103/><AGARI ba="3,0" hai="93,97,103,104,106" m="49739,42603,45162,31008" machi="103" ten="40,8000,1" yaku="19,1,34,2,52,1" doraHai="46" who="2" fromWho="0" sc="173,-86,743,0,134,86,0,0" /><INIT seed="6,0,0,3,5,32" ten="87,743,220,0" oya="2" hai0="44,65,85,131,35,98,75,87,121,122,126,97,52" hai1="33,112,88,71,115,50,54,58,94,119,57,90,42" hai2="91,93,38,45,68,134,123,133,130,129,102,106,40" hai3=""/><V37/><N who="2" m="31520" /><V66/><F106/><T111/><N who="0" m="31008" /><T63/><N who="0" m="31264" /><T95/><D35/><U103/><E33/><V43/><F102/><T100/><D111/><U99/><E119/><V2/><F2/><T128/><D75/><U82/><E71/><V77/><F77/><T92/><D126/><U124/><E124/><V41/><F66/><T127/><D127/><U47/><E58/><V107/><F107/><T48/><D128/><N who="2" m="49258" /><F68/><T96/><D131/><U132/><E132/><N who="2" m="50795" /><F45/><T60/><D60/><U81/><E81/><V73/><F73/><T49/><D49/><U109/><E109/><V56/><F56/><T55/><D55/><U86/><REACH who="1" step="1"/><E103/><REACH who="1" ten="87,733,220,0" step="2"/><V104/><F104/><T108/><D108/><U76/><E76/><V69/><F69/><T117/><D117/><U67/><E67/><V80/><F80/><T84/><REACH who="0" step="1"/><D100/><REACH who="0" ten="77,733,220,0" step="2"/><U64/><E64/><V59/><F37/><AGARI ba="0,2" hai="37,42,47,50,54,57,82,86,88,90,94,99,112,115" machi="37" ten="40,2600,0" yaku="1,1,54,1,53,0" doraHai="32" doraHaiUra="3" who="1" fromWho="2" sc="77,0,733,46,220,-26,0,0" owari="77,-52.0,779,73.0,194,-21.0,0,0.0" /></mjloggm>