<mjloggm ver="2.3"><GO type="169" lobby="0"/><UN n0="%E5%AE%9D%E5%90%8A%E5%AE%9D" n1="%66%61%74%65%34%32%39%38" n2="%64%72%61%65%74%63" n3="%EF%BC%93%E7%95%AA%E3%82%B7%E3%83%A7%E3%83%BC%E3%83%88%E5%9D%82%E7%94%B0" dan="16,16,17,17" rate="2122.83,2103.98,2149.12,2189.93" sx="M,F,M,M"/><TAIKYOKU oya="0"/><INIT seed="0,0,0,0,3,18" ten="250,250,250,250" oya="0" hai0="41,129,127,59,29,115,116,105,85,93,78,94,67" hai1="82,70,79,104,49,21,131,22,53,109,128,124,8" hai2="97,91,102,112,56,95,7,125,81,6,99,90,15" hai3="89,101,25,55,16,133,57,118,14,120,10,106,80"/><T20/><D115/><U64/><E109/><V113/><F125/><W100/><G118/><T51/><D116/><U87/><E124/><V122/><F122/><W60/><G133/><T0/><D129/><N who="1" m="49739" /><E104/><V107/><F56/><W83/><G120/><T77/><D0/><U69/><E8/><V117/><F117/><W66/><G106/><T65/><D105/><U134/><E134/><V72/><F15/><W86/><G83/><T36/><D36/><U19/><E19/><V39/><F39/><W38/><G38/><T58/><D127/><U126/><E126/><V111/><F7/><W108/><G108/><T110/><D110/><U46/><E64/><V54/><F54/><W96/><G96/><T88/><D41/><U121/><E121/><V73/><F6/><W114/><G114/><N who="2" m="44137" /><F111/><W132/><G132/><T103/><D51/><U123/><E123/><V45/><F45/><W42/><G42/><T34/><D34/><U17/><E17/><V48/><F48/><W63/><REACH who="3" step="1"/><G25/><REACH who="3" ten="250,250,250,240" step="2"/><N who="0" m="16551" /><D67/><U4/><E4/><V84/><AGARI ba="0,1" hai="72,73,81,84,90,91,95,97,99,102,107" m="44137" machi="84" ten="30,2000,0" yaku="34,2" doraHai="18" who="2" fromWho="2" sc="250,-10,250,-5,250,30,240,-5" /><INIT seed="1,0,0,2,5,75" ten="240,245,280,235" oya="1" hai0="4,95,72,94,59,7,67,6,32,90,105,119,41" hai1="101,128,35,21,25,88,31,49,10,63,121,57,125" hai2="111,51,86,44,116,96,22,52,58,36,99,77,39" hai3="112,82,54,123,33,20,28,27,56,60,2,38,87"/><U129/><E121/><V66/><F116/><W85/><G123/><T73/><D105/><U71/><E125/><V92/><F111/><W109/><G109/><T9/><D32/><U42/><E101/><V102/><F39/><W127/><G112/><T132/><D119/><U100/><E100/><V46/><F36/><W117/><G127/><T64/><D41/><U70/><E10/><V12/><F99/><W1/><G38/><T135/><D9/><U118/><E118/><V15/><F66/><N who="0" m="25130" /><D59/><U89/><E35/><V19/><F12/><W3/><G117/><T110/><D90/><N who="1" m="34923" /><E63/><V122/><F122/><W45/><G33/><T91/><D91/><U69/><E57/><V81/><AGARI ba="0,0" hai="15,19,22,44,46,51,52,58,77,81,86,92,96,102" machi="81" ten="30,7900,0" yaku="0,1,8,1,52,1,54,1" doraHai="75" who="2" fromWho="2" sc="240,-20,245,-39,280,79,235,-20" /><INIT seed="2,0,0,4,1,39" ten="220,206,359,215" oya="2" hai0="0,94,104,60,37,90,4,83,116,77,40,26,114" hai1="92,47,2,63,28,7,134,82,19,64,102,12,30" hai2="112,115,48,51,122,78,31,119,106,44,120,86,108" hai3="54,127,62,70,73,79,74,76,66,131,68,23,52"/><V99/><F31/><W16/><G131/><T15/><D114/><N who="2" m="43562" /><F99/><W29/><G29/><T35/><D104/><U10/><E134/><V50/><F86/><W24/><G68/><T132/><D60/><U17/><E82/><V38/><F78/><W71/><G71/><T95/><D116/><U45/><E28/><V72/><F72/><W125/><G76/><T42/><D37/><U6/><E30/><V126/><F106/><W129/><G129/><T135/><D35/><U128/><E128/><V8/><F8/><W88/><G73/><T55/><D55/><U22/><E2/><V25/><F25/><W5/><G5/><T111/><D26/><U13/><E6/><V133/><F133/><N who="0" m="51274" /><D0/><U110/><E7/><V43/><F119/><W81/><REACH who="3" step="1"/><G88/><REACH who="3" ten="220,206,359,205" step="2"/><T58/><D90/><U21/><E10/><V33/><F33/><W118/><G118/><T91/><D91/><U14/><BYE who="0" /><E102/><V34/><F34/><UN n0="%E5%AE%9D%E5%90%8A%E5%AE%9D" /><W67/><G67/><T59/><D77/><U53/><E64/><V97/><F97/><W1/><G1/><T87/><D4/><U98/><E98/><V61/><F126/><AGARI ba="0,1" hai="16,23,24,52,54,62,66,70,74,79,81,125,126,127" machi="126" ten="40,8000,1" yaku="1,1,18,1,54,2,53,0" doraHai="39" doraHaiUra="130" who="3" fromWho="2" sc="220,0,206,0,359,-80,205,90" /><INIT seed="3,0,0,1,5,50" ten="220,206,279,295" oya="3" hai0="51,69,129,17,131,5,98,57,47,102,119,23,63" hai1="40,41,99,130,113,32,82,25,118,12,37,124,13" hai2="38,59,121,77,3,21,9,122,72,127,19,100,128" hai3="15,84,79,85,135,116,39,96,114,48,30,4,64"/><W1/><G114/><T68/><D119/><U106/><E113/><V107/><F38/><W105/><G1/><T89/><D5/><U93/><E106/><V112/><F112/><W61/><G39/><T86/><D69/><U55/><E130/><V108/><F108/><W71/><G116/><T134/><D134/><U42/><E124/><V27/><F127/><W90/><G135/><T54/><D68/><U46/><E118/><V101/><F128/><W43/><G79/><T75/><D75/><U14/><E82/><N who="2" m="45351" /><F107/><W83/><G84/><T87/><D129/><U34/><E37/><V24/><F59/><W10/><G30/><T33/><D33/><U62/><E25/><V28/><F9/><W53/><G43/><T65/><D89/><U16/><E16/><V11/><F11/><W73/><G73/><T45/><D45/><U0/><E0/><V78/><F78/><W44/><G96/><T92/><REACH who="0" step="1"/><D131/><REACH who="0" ten="210,206,279,295" step="2"/><U104/><E46/><V29/><F3/><W74/><G74/><T60/><D60/><U67/><E34/><V49/><F121/><W117/><G117/><T133/><D133/><U120/><E32/><V58/><F122/><W80/><G80/><T132/><D132/><U76/><E120/><V115/><F115/><W6/><REACH who="3" step="1"/><G105/><REACH who="3" ten="210,206,279,285" step="2"/><T35/><D35/><U94/><E104/><V20/><F101/><W111/><G111/><T97/><D97/><U81/><E99/><V56/><F100/><W126/><G126/><T88/><D88/><U70/><E76/><V95/><F29/><W110/><G110/><T8/><D8/><U66/><E81/><RYUUKYOKU ba="0,2" sc="210,15,206,-15,279,-15,285,15" hai0="17,23,47,51,54,57,63,65,86,87,92,98,102" hai3="4,6,10,15,44,48,53,61,64,71,83,85,90" /><INIT seed="3,1,2,2,5,41" ten="225,191,264,300" oya="3" hai0="24,48,89,8,81,2,66,28,125,123,44,27,65" hai1="52,91,6,9,88,67,104,34,108,102,84,99,62" hai2="32,12,70,14,105,38,22,126,3,124,101,96,47" hai3="53,33,130,128,80,20,7,63,50,106,11,90,113"/><W95/><G113/><T114/><D123/><U64/><E108/><V0/><F70/><W29/><G106/><T1/><D114/><U107/><E34/><V110/><F32/><W93/><G33/><T119/><D119/><U23/><E104/><V49/><F38/><W35/><G35/><T85/><D125/><N who="2" m="48234" /><F110/><W79/><G63/><T56/><D28/><U17/><E91/><V112/><F112/><W55/><G20/><T71/><D71/><U74/><E74/><V129/><F129/><N who="3" m="49771" /><G29/><T117/><D117/><U86/><E86/><V69/><F69/><W77/><G77/><T18/><D1/><N who="2" m="586" /><F22/><W68/><G68/><T109/><D2/><U82/><E9/><V75/><F75/><N who="3" m="43135" /><G53/><AGARI ba="1,2" hai="12,14,47,49,53,96,101,105" m="586,48234" machi="53" ten="30,2000,0" yaku="18,1,52,1" doraHai="41" who="2" fromWho="3" sc="225,0,191,0,264,43,300,-23" /><INIT seed="4,0,0,5,0,36" ten="225,191,307,277" oya="0" hai0="125,82,14,38,61,32,68,5,42,118,41,78,81" hai1="28,130,26,69,93,51,94,76,60,39,106,80,3" hai2="71,9,124,96,48,52,113,20,100,110,45,75,33" hai3="120,62,122,53,23,31,19,98,85,21,74,102,46"/><T22/><D32/><U54/><E130/><V111/><F33/><W67/><G74/><T114/><D118/><U112/><E106/><V119/><F71/><W117/><G117/><T57/><D68/><U35/><E39/><V84/><F75/><W55/><G85/><T2/><D114/><U43/><E3/><V37/><F119/><W77/><G77/><T109/><D38/><U89/><E112/><V103/><F113/><W129/><G129/><T88/><D2/><U134/><E134/><V25/><F37/><W91/><G91/><T83/><D78/><U29/><E28/><V73/><F73/><W86/><G86/><T17/><D109/><U87/><E76/><V40/><F103/><W131/><G31/><T72/><D72/><U44/><REACH who="1" step="1"/><E54/><REACH who="1" ten="225,181,307,277" step="2"/><V6/><F111/><W92/><G131/><T24/><D125/><U8/><E8/><V123/><F124/><W101/><G122/><T132/><D132/><U126/><E126/><V27/><F123/><W4/><G120/><T7/><D7/><U127/><E127/><V70/><F9/><W116/><G4/><T65/><D5/><U63/><E63/><V16/><F6/><W34/><G53/><T97/><D14/><U64/><AGARI ba="0,1" hai="26,29,35,43,44,51,60,64,69,80,87,89,93,94" machi="64" ten="30,7900,0" yaku="1,1,0,1,52,1,53,1" doraHai="36" doraHaiUra="66" who="1" fromWho="1" sc="225,-39,181,89,307,-20,277,-20" /><INIT seed="5,0,0,1,5,117" ten="186,270,287,257" oya="1" hai0="127,95,51,86,30,89,7,0,63,6,100,93,108" hai1="50,32,53,62,45,92,97,68,135,14,72,18,37" hai2="36,12,83,13,118,69,64,111,130,1,10,94,40" hai3="27,103,24,124,110,34,131,65,15,38,28,67,134"/><U112/><E112/><V19/><F118/><W119/><G38/><T84/><D108/><U71/><E135/><V25/><F111/><W61/><G110/><T58/><D0/><U39/><E72/><V47/><F1/><W8/><G124/><T113/><D113/><U26/><E32/><V88/><F130/><W116/><G131/><T31/><D127/><U66/><E26/><V4/><F69/><W128/><G128/><T16/><D51/><U125/><E68/><V109/><F64/><W80/><G134/><T35/><D35/><U99/><E125/><V133/><F133/><W56/><G65/><T87/><D100/><U82/><E82/><V70/><F70/><W122/><G122/><T54/><D16/><U20/><REACH who="1" step="1"/><E97/><REACH who="1" ten="186,260,287,257" step="2"/><V59/><F25/><W60/><G27/><T49/><D84/><U52/><E52/><V43/><F83/><W123/><G119/><T29/><D63/><U90/><AGARI ba="0,1" hai="14,18,20,37,39,45,50,53,62,66,71,90,92,99" machi="90" ten="20,3900,0" yaku="1,1,0,1,7,1,53,0" doraHai="117" doraHaiUra="129" who="1" fromWho="1" sc="186,-13,260,49,287,-13,257,-13" /><INIT seed="5,1,0,5,3,57" ten="173,309,274,244" oya="1" hai0="77,42,108,0,107,94,18,70,8,33,55,50,39" hai1="20,121,89,105,81,127,56,118,99,131,102,30,51" hai2="101,64,45,85,7,71,115,16,19,38,133,49,83" hai3="24,117,100,84,61,111,69,78,44,97,1,130,13"/><U25/><E121/><V41/><F133/><W79/><G1/><T80/><D107/><U5/><E131/><V35/><F35/><W104/><G111/><T14/><D33/><U126/><E118/><V53/><F115/><W109/><G109/><T47/><D108/><U26/><E5/><V113/><F113/><W27/><G130/><T135/><D135/><U6/><E6/><V103/><F7/><W75/><G75/><T3/><D94/><U37/><E37/><V22/><F64/><W63/><G117/><T98/><D98/><U76/><E89/><V134/><F71/><W91/><G69/><T28/><D28/><U93/><E105/><V62/><F19/><W17/><G44/><T36/><D70/><U90/><E90/><N who="2" m="51519" /><F38/><W67/><G67/><T122/><D36/><U65/><E26/><N who="2" m="14663" /><F134/><W119/><G119/><T123/><D123/><U129/><E129/><V66/><F66/><W10/><G27/><T74/><REACH who="0" step="1"/><D122/><REACH who="0" ten="163,309,274,244" step="2"/><U128/><E128/><V59/><AGARI ba="1,1" hai="41,45,49,53,59,62,101,103" m="14663,51519" machi="59" ten="30,4000,0" yaku="8,1,52,1,54,1" doraHai="57" who="2" fromWho="2" sc="163,-11,309,-21,274,53,244,-11" /><INIT seed="6,0,0,1,0,87" ten="152,288,327,233" oya="2" hai0="95,46,16,43,68,135,7,25,27,86,22,47,53" hai1="56,39,61,62,24,69,127,122,33,35,126,94,110" hai2="128,84,90,120,55,67,12,71,72,93,6,48,103" hai3="0,58,31,23,73,134,121,125,63,17,13,74,91"/><V29/><F72/><W133/><G121/><T50/><D68/><U78/><E110/><V79/><F120/><W21/><G0/><T57/><D135/><N who="3" m="51721" /><G125/><T88/><D7/><U105/><E105/><V76/><F128/><W45/><G45/><T80/><D27/><U97/><E39/><V111/><F111/><W81/><G81/><T70/><D70/><U109/><E109/><V96/><F29/><W40/><G40/><T132/><D132/><U9/><E122/><V34/><F34/><W75/><G91/><T82/><REACH who="0" step="1"/><D46/><REACH who="0" ten="142,288,327,233" step="2"/><U65/><E126/><V104/><F6/><W99/><G99/><T117/><D117/><U116/><E127/><V15/><F15/><W115/><G115/><T20/><D20/><U108/><E108/><V124/><F12/><W5/><G5/><T59/><D59/><U4/><E116/><V18/><F124/><W36/><G36/><AGARI ba="0,1" hai="16,22,25,36,43,47,50,53,57,80,82,86,88,95" machi="36" ten="30,8000,1" yaku="1,1,7,1,52,1,54,2,53,0" doraHai="87" doraHaiUra="3" who="0" fromWho="3" sc="142,90,288,0,327,0,233,-80" /><INIT seed="7,0,0,1,3,7" ten="232,288,327,153" oya="3" hai0="9,49,63,50,119,4,26,108,130,31,0,78,134" hai1="71,47,104,126,92,55,42,8,37,59,97,123,101" hai2="46,56,52,117,3,2,60,135,116,107,102,131,122" hai3="120,132,23,57,54,75,38,58,32,77,133,44,40"/><W66/><G32/><T18/><D108/><U118/><E123/><V90/><F107/><W69/><G120/><T67/><D119/><U16/><E126/><V41/><F102/><W28/><G77/><T72/><D130/><U121/><E121/><V45/><F122/><W14/><G75/><T105/><D105/><U124/><E124/><V76/><F76/><W111/><G28/><T53/><D134/><N who="3" m="51817" /><G111/><T29/><D29/><U115/><E115/><V27/><F2/><W84/><G84/><T113/><D113/><U128/><E128/><V87/><F3/><W74/><G74/><T25/><D78/><U17/><E71/><V112/><F112/><W13/><G23/><T35/><D72/><U93/><E118/><V36/><F131/><W19/><G54/><T68/><D53/><U73/><E73/><V33/><F135/><W11/><G13/><T21/><AGARI ba="0,0" hai="0,4,9,18,21,25,26,31,35,49,50,63,67,68" machi="21" ten="30,2000,0" yaku="0,1,52,1" doraHai="7" who="0" fromWho="0" sc="232,20,288,-5,327,-5,153,-10" owari="252,-15.0,283,8.0,322,43.0,143,-36.0" /></mjloggm>