<mjloggm ver="2.3"><GO type="169" lobby="0"/><UN n0="%E3%83%AF%E3%83%8B%54%41" n1="%E3%82%BB%E3%83%B3%E3%82%B4%E3%82%AF" n2="%E3%81%B9%E3%81%BB%E3%81%84%E3%81%BF" n3="%E3%83%81%E3%83%A7%E3%82%B3%E3%83%AD%E3%83%9C%E5%90%9B" dan="18,16,16,17" rate="2245.75,2092.16,2096.47,2178.04" sx="M,M,F,M"/><TAIKYOKU oya="0"/><INIT seed="0,0,0,3,3,13" ten="250,250,250,250" oya="0" hai0="42,128,118,134,131,4,89,44,30,106,20,119,12" hai1="60,120,73,116,78,58,0,3,55,47,14,108,45" hai2="35,97,40,43,110,65,21,133,107,70,54,83,94" hai3="28,56,10,95,22,34,80,112,100,31,18,61,1"/><T135/><D106/><U82/><E116/><N who="0" m="44585" /><D89/><U19/><E120/><V52/><F35/><W125/><G112/><T84/><D84/><U76/><E76/><V86/><F107/><W114/><G114/><T51/><D30/><U59/><E108/><V101/><F110/><W96/><G125/><T132/><D4/><U9/><REACH who="1" step="1"/><E59/><REACH who="1" ten="250,240,250,250" step="2"/><V124/><F70/><W39/><G34/><T67/><D67/><U57/><E57/><V68/><F68/><W26/><G39/><T49/><D49/><U85/><E85/><V48/><F86/><W104/><G80/><T127/><D127/><U123/><E123/><V29/><F124/><W109/><G109/><T32/><D32/><U79/><E79/><V91/><F65/><W99/><G1/><AGARI ba="0,1" hai="0,1,3,9,14,19,45,47,55,58,60,73,78,82" machi="1" ten="40,2600,0" yaku="1,1,52,1,53,0" doraHai="13" doraHaiUra="71" who="1" fromWho="3" sc="250,0,240,36,250,0,250,-26" /><INIT seed="1,0,0,1,1,22" ten="250,276,250,224" oya="1" hai0="32,128,7,12,112,9,76,42,86,90,129,23,88" hai1="131,110,127,8,74,125,29,33,27,126,6,60,119" hai2="94,91,65,53,43,21,121,2,85,66,34,82,111" hai3="28,115,122,37,36,102,134,95,92,103,18,114,52"/><U135/><E74/><V99/><F111/><W100/><G122/><T31/><D112/><U80/><E119/><V120/><F34/><W39/><G134/><T124/><D124/><U0/><E80/><V45/><F2/><W84/><G28/><T81/><D42/><U3/><E110/><V30/><F53/><W10/><G84/><T4/><D4/><U75/><E75/><V50/><F121/><W104/><G104/><T24/><REACH who="0" step="1"/><D32/><REACH who="0" ten="240,276,250,224" step="2"/><U89/><E135/><V16/><F120/><W46/><G114/><T123/><D123/><U11/><E131/><AGARI ba="0,1" hai="7,9,12,23,24,31,76,81,86,88,90,128,129,131" machi="131" ten="40,8000,1" yaku="1,1,19,1,52,1,54,1,53,1" doraHai="22" doraHaiUra="1" who="0" fromWho="1" sc="240,90,276,-80,250,0,224,0" /><INIT seed="2,0,0,3,4,4" ten="330,196,250,224" oya="2" hai0="20,81,36,128,52,26,43,2,72,27,41,25,22" hai1="112,83,135,8,67,133,38,21,19,73,39,84,103" hai2="18,55,129,68,70,85,131,115,126,88,107,66,87" hai3="82,32,13,78,35,5,89,6,92,90,62,132,91"/><V29/><F107/><W119/><G132/><N who="1" m="50762" /><E73/><V34/><F115/><W59/><G119/><T99/><D2/><U61/><E103/><V95/><F126/><W42/><G42/><T56/><D128/><N who="2" m="49226" /><F55/><W47/><G47/><T50/><D99/><U120/><E120/><V101/><F101/><W23/><G35/><T33/><D33/><U54/><E54/><V64/><F18/><W93/><G32/><T123/><D123/><U15/><E112/><V76/><F29/><W117/><G6/><T0/><D0/><U45/><E21/><N who="0" m="8297" /><D36/><U57/><E45/><V127/><F127/><W111/><G117/><T110/><D72/><U63/><E63/><V79/><F34/><W48/><G48/><T12/><D43/><U121/><E121/><V114/><F114/><W10/><G23/><T74/><D41/><U14/><E14/><V71/><F87/><W65/><REACH who="3" step="1"/><G111/><REACH who="3" ten="330,196,250,214" step="2"/><T30/><D110/><U109/><E109/><V60/><F60/><W46/><G46/><T113/><D113/><U104/><E104/><V94/><F94/><W118/><G118/><T7/><D30/><U130/><E130/><V77/><AGARI ba="0,1" hai="64,66,68,70,71,76,77,79,85,88,95" m="49226" machi="77" ten="40,3900,0" yaku="19,1,54,1" doraHai="4" who="2" fromWho="2" sc="330,-13,196,-13,250,49,214,-13" /><INIT seed="2,1,0,4,2,104" ten="317,183,299,201" oya="2" hai0="72,20,52,70,95,9,135,121,34,116,133,118,84" hai1="61,120,7,68,65,126,89,106,62,11,6,129,87" hai2="64,4,96,12,108,38,92,21,111,124,42,5,14" hai3="15,19,13,37,2,100,91,112,18,50,130,101,114"/><V78/><F64/><W83/><G37/><T54/><D70/><U31/><E129/><V88/><F124/><W53/><G2/><T58/><D34/><U71/><E126/><V55/><F55/><N who="0" m="21034" /><D58/><U39/><E39/><V98/><F98/><W125/><G130/><T30/><D9/><U40/><E40/><V23/><F14/><W44/><G125/><T103/><D121/><U57/><E106/><V99/><F99/><W77/><G53/><T131/><D131/><U94/><E120/><V119/><F119/><N who="0" m="45610" /><D72/><U0/><E61/><V102/><F102/><W93/><G44/><T49/><D49/><U86/><E7/><N who="2" m="2635" /><F12/><W80/><G13/><T127/><D127/><U90/><REACH who="1" step="1"/><E31/><REACH who="1" ten="317,173,299,201" step="2"/><V107/><F107/><W76/><G50/><T79/><D30/><U45/><E45/><V10/><F38/><W26/><G114/><T28/><D28/><U73/><E73/><V132/><F42/><W48/><G48/><T32/><D32/><U109/><E109/><N who="2" m="42059" /><F132/><W67/><G112/><T46/><D46/><U1/><E1/><V3/><F3/><W36/><G36/><T81/><D20/><N who="2" m="7754" /><F10/><W115/><G115/><T17/><D17/><U63/><E63/><V35/><F35/><W128/><G18/><T27/><D135/><U16/><E16/><V29/><F29/><W47/><G19/><T110/><D133/><U59/><E59/><V113/><F113/><W51/><G15/><T105/><D110/><U85/><E85/><V75/><F75/><W24/><G47/><T22/><D105/><U82/><AGARI ba="1,1" hai="0,6,11,57,62,65,68,71,82,86,87,89,90,94" machi="82" ten="20,2700,0" yaku="1,1,0,1,7,1,53,0" doraHai="104" doraHaiUra="117" who="1" fromWho="1" sc="317,-8,173,40,299,-14,201,-8" /><INIT seed="3,0,0,2,0,73" ten="309,213,285,193" oya="3" hai0="77,85,47,75,48,125,133,129,115,64,25,90,119" hai1="5,15,124,82,131,63,31,12,2,83,59,127,33" hai2="53,80,126,122,120,4,34,98,88,123,78,108,44" hai3="92,135,107,87,109,104,130,121,60,57,46,112,103"/><W28/><G112/><T93/><D119/><U94/><E131/><V113/><F34/><W42/><G121/><T35/><D129/><U86/><E33/><V99/><F4/><W37/><G130/><T100/><D115/><U66/><E31/><V96/><F113/><W24/><G135/><T40/><D133/><U117/><E94/><N who="2" m="56391" /><F44/><W3/><G3/><T114/><D114/><U45/><E117/><V106/><F53/><W19/><G19/><T54/><D125/><U1/><E45/><V65/><F65/><W97/><G87/><T32/><D64/><U71/><E71/><V134/><F134/><W13/><G13/><T72/><D25/><U23/><E1/><V76/><F108/><W89/><G89/><T49/><D100/><U110/><E110/><V16/><F126/><W116/><G109/><T20/><D20/><U6/><E23/><V61/><F61/><W111/><G111/><T128/><D72/><U26/><E2/><V9/><F106/><W70/><G70/><T29/><D29/><U132/><E132/><V10/><F10/><W81/><G116/><T22/><D22/><U51/><E127/><V56/><F56/><W39/><G39/><T62/><D62/><U118/><E124/><V38/><F38/><W91/><G57/><N who="0" m="32967" /><D128/><U27/><E118/><V55/><F55/><W105/><G60/><T36/><D36/><U18/><E63/><V95/><F80/><W7/><G81/><N who="0" m="45247" /><D32/><U17/><E59/><V102/><F99/><N who="3" m="57759" /><G7/><T84/><D35/><U11/><E66/><V68/><F68/><W67/><G67/><T79/><D85/><RYUUKYOKU ba="0,0" sc="309,10,213,-30,285,10,193,10" hai0="40,47,49,79,84,90,93" hai2="9,16,76,78,95,98,102,120,122,123" hai3="24,28,37,42,46,97,103,104,105,107" /><INIT seed="3,1,0,4,0,73" ten="319,183,295,203" oya="3" hai0="38,26,3,61,96,0,22,108,1,90,117,118,30" hai1="92,42,124,15,72,112,134,54,47,80,17,129,63" hai2="122,130,21,127,69,106,100,126,64,121,19,56,9" hai3="25,109,86,12,29,57,93,31,13,98,49,78,97"/><W44/><G109/><T71/><D38/><U8/><E112/><V101/><F69/><W2/><G2/><T103/><D90/><U89/><E134/><V59/><F106/><W32/><G31/><T116/><D108/><U35/><E35/><V37/><F37/><W79/><G57/><N who="2" m="22089" /><F9/><W120/><G97/><T24/><D24/><U102/><E129/><V111/><F111/><W34/><G34/><T87/><D87/><U82/><E72/><V115/><F21/><W75/><G75/><T41/><D41/><U36/><E124/><N who="2" m="47659" /><F19/><W66/><G66/><T119/><N who="0" m="29696" /><DORA hai="27" /><T53/><D53/><U20/><E54/><V65/><F130/><W58/><G58/><T91/><D91/><U70/><E63/><V11/><F11/><W62/><G120/><N who="2" m="46185" /><F115/><W107/><G107/><T85/><D85/><U110/><E70/><V50/><F50/><W81/><G62/><T99/><REACH who="0" step="1"/><D103/><AGARI ba="1,0" hai="64,65,100,101,103" m="46185,47659,22089" machi="103" ten="40,8000,1" yaku="28,2,18,1,13,1" doraHai="73,27" who="2" fromWho="0" sc="319,-83,183,0,295,83,203,0" /><INIT seed="4,0,0,0,3,98" ten="236,183,378,203" oya="0" hai0="106,88,92,33,53,129,27,135,15,108,111,122,43" hai1="36,84,69,11,55,120,74,91,17,90,83,31,121" hai2="77,134,123,107,9,60,48,24,62,6,25,2,5" hai3="20,119,109,0,32,81,126,57,26,133,40,34,80"/><T112/><D122/><U85/><E74/><V75/><F134/><W44/><G0/><T4/><D112/><U73/><E73/><V71/><F6/><W93/><G109/><N who="0" m="42059" /><D135/><U52/><E31/><V72/><F60/><W116/><G126/><T100/><D129/><U127/><E127/><V66/><F77/><W128/><G128/><T46/><D53/><U38/><E17/><V29/><F25/><W39/><G133/><T68/><D68/><U65/><E69/><V7/><F48/><W70/><G70/><T99/><D27/><U117/><E11/><V78/><F78/><W58/><G93/><T10/><D33/><U113/><E113/><V89/><F89/><W94/><G94/><T18/><D4/><U13/><E13/><V23/><F5/><W67/><G34/><T82/><D82/><U101/><E83/><V110/><F110/><W47/><G32/><T42/><D46/><U104/><E104/><V14/><F2/><W51/><G80/><T21/><D10/><U64/><REACH who="1" step="1"/><E117/><REACH who="1" ten="236,173,378,203" step="2"/><V102/><F107/><W3/><G81/><T45/><D45/><U8/><E8/><V1/><F71/><W96/><G3/><T86/><AGARI ba="0,1" hai="15,18,21,42,43,86,88,92,99,100,106" m="42059" machi="86" ten="30,6000,0" yaku="10,1,52,1,54,1" doraHai="98" who="0" fromWho="0" sc="236,70,173,-20,378,-20,203,-20" /><INIT seed="4,1,0,2,1,34" ten="306,153,358,183" oya="0" hai0="35,93,5,73,9,92,68,72,99,25,89,36,134" hai1="48,51,32,112,29,22,53,43,26,94,8,21,47" hai2="16,132,78,131,86,31,118,33,67,79,27,52,84" hai3="7,14,135,12,57,127,24,119,70,124,110,11,128"/><T91/><D68/><U83/><E112/><V60/><F131/><W63/><G70/><T58/><D134/><U100/><E83/><V10/><F132/><W123/><G110/><T121/><D121/><U120/><E120/><V133/><F133/><W28/><G135/><T61/><D36/><U38/><E38/><V0/><F118/><W50/><G123/><T19/><D35/><U105/><E105/><V44/><F79/><W115/><G50/><T42/><D42/><U97/><REACH who="1" step="1"/><E8/><REACH who="1" ten="306,143,358,183" step="2"/><V85/><F10/><W71/><G115/><T108/><D108/><U82/><E82/><V96/><F78/><W20/><G119/><T46/><D72/><U117/><E117/><V49/><F96/><W76/><G76/><T59/><D73/><U40/><E40/><V74/><F74/><W80/><G80/><T69/><D9/><U3/><E3/><V102/><F0/><W64/><G128/><T1/><D1/><U77/><E77/><V66/><F86/><W98/><G98/><T109/><D99/><U6/><E6/><V106/><F85/><W41/><G41/><T13/><D5/><U130/><E130/><V101/><F84/><W116/><G116/><T87/><D87/><U54/><E54/><V37/><F37/><W129/><G129/><T114/><D109/><U65/><E65/><V95/><F67/><W113/><G113/><T125/><D114/><U62/><E62/><V15/><F106/><W4/><G4/><T122/><D61/><U2/><E2/><V111/><F111/><W90/><G7/><T55/><D122/><U126/><E126/><RYUUKYOKU ba="1,1" sc="306,-10,143,30,358,-10,183,-10" hai1="21,22,26,29,32,43,47,48,51,53,94,97,100" /><INIT seed="5,2,1,1,5,57" ten="296,173,348,173" oya="1" hai0="121,120,108,114,33,63,79,5,86,117,1,55,81" hai1="87,73,135,58,97,61,56,48,36,78,93,46,18" hai2="26,122,13,129,112,30,11,38,7,113,59,76,92" hai3="124,130,37,106,71,133,80,40,0,95,100,89,19"/><U103/><E135/><V35/><F38/><W28/><G0/><T65/><D114/><N who="2" m="44138" /><F76/><W131/><G19/><T60/><D108/><U111/><E73/><V115/><F115/><W132/><G28/><T125/><D125/><U69/><E36/><V105/><F105/><W68/><G40/><T32/><D117/><U43/><E111/><V104/><F104/><W45/><G45/><T82/><D55/><U41/><E41/><V20/><F92/><W42/><G42/><T34/><D81/><N who="1" m="47543" /><E69/><N who="3" m="26698" /><G80/><T84/><D84/><U98/><E98/><V116/><F59/><N who="1" m="22569" /><E18/><N who="2" m="10319" /><F129/><N who="3" m="49163" /><G37/><T77/><D77/><U128/><E128/><V47/><F47/><W83/><G83/><T12/><D1/><U16/><E16/><V134/><F116/><W62/><G106/><T94/><D94/><U74/><E74/><V3/><F134/><W50/><G95/><T110/><D110/><U64/><E64/><V72/><F72/><W119/><G119/><T21/><D65/><U39/><E39/><V17/><F17/><W88/><G132/><T27/><D21/><U54/><E43/><V22/><F22/><W91/><G133/><T107/><D107/><U96/><E96/><V118/><F118/><W90/><G124/><T66/><D66/><U2/><E2/><V29/><F29/><W53/><N who="3" m="22528" /><DORA hai="23" /><W99/><G99/><T75/><D75/><U4/><E4/><V51/><F51/><W10/><G10/><T24/><D5/><U101/><E101/><V31/><F31/><W15/><G100/><T126/><D126/><U9/><E9/><V25/><F3/><W49/><G15/><RYUUKYOKU ba="2,1" sc="296,-15,173,15,348,-15,173,15" hai1="46,48,54,61,93,97,103" hai3="49,50,53,62" /><INIT seed="5,3,1,2,3,12" ten="281,188,333,188" oya="1" hai0="117,104,41,55,40,109,70,75,74,83,92,0,39" hai1="35,100,6,124,133,22,131,88,47,118,65,84,93" hai2="52,89,24,9,54,19,30,51,57,76,58,64,61" hai3="10,50,44,63,46,80,130,106,5,17,14,121,79"/><U34/><E118/><V81/><F89/><W97/><G121/><T25/><D92/><U95/><E133/><V116/><F116/><W129/><G63/><T96/><D55/><U15/><E131/><N who="3" m="50186" /><G50/><T72/><D40/><U99/><E124/><V110/><F110/><W53/><G53/><T21/><D117/><U113/><E113/><V123/><F123/><W67/><G67/><T71/><D21/><U36/><E65/><V38/><F38/><W56/><G56/><T62/><D25/><U18/><E18/><V68/><F9/><W49/><G49/><T107/><D109/><U73/><E73/><V127/><F127/><W98/><G5/><T1/><D62/><U7/><E7/><V43/><F43/><W135/><G106/><N who="0" m="40491" /><D83/><U4/><E4/><V105/><F105/><W128/><G135/><T87/><D96/><N who="3" m="36969" /><G128/><T42/><D87/><AGARI ba="3,1" hai="10,14,17,44,46,79,80,87" m="36969,50186" machi="87" ten="30,2000,0" yaku="19,1,52,1" doraHai="12" who="3" fromWho="0" sc="281,-29,188,0,333,0,188,39" /><INIT seed="6,0,0,1,2,18" ten="252,188,333,227" oya="2" hai0="129,82,103,77,108,92,53,55,84,16,65,52,133" hai1="37,122,38,69,79,24,97,91,127,130,98,125,126" hai2="124,1,20,116,23,44,93,48,96,59,131,50,2" hai3="39,113,3,102,67,75,5,9,60,10,105,109,32"/><V14/><F116/><W31/><G10/><T72/><D108/><U74/><E69/><V68/><F68/><W42/><G109/><T40/><D133/><U134/><E134/><V73/><F73/><W135/><G135/><T61/><D129/><U115/><E130/><V19/><F131/><W43/><G75/><T30/><D30/><U100/><E115/><V63/><F124/><W123/><G123/><T28/><D28/><U0/><E0/><V17/><F2/><W99/><G39/><T7/><D7/><U89/><E24/><N who="2" m="14351" /><F44/><W86/><G86/><T87/><D40/><U34/><E34/><V94/><F94/><W11/><G11/><T101/><D16/><U21/><E122/><V29/><F29/><W104/><G104/><T110/><D110/><U114/><E114/><V90/><F1/><W132/><G132/><T66/><D66/><AGARI ba="0,0" hai="14,19,23,48,50,59,63,66,90,93,96" m="14351" machi="66" ten="30,5800,0" yaku="8,1,52,2" doraHai="18" who="2" fromWho="0" sc="252,-58,188,0,333,58,227,0" /><INIT seed="6,1,0,4,5,58" ten="194,188,391,227" oya="2" hai0="69,106,71,75,92,128,114,76,49,64,19,93,133" hai1="123,122,135,20,54,31,86,90,104,79,45,55,97" hai2="53,77,63,98,8,74,18,94,67,80,119,132,51" hai3="102,96,111,95,9,113,33,47,41,103,65,34,42"/><V121/><F132/><W131/><G111/><T99/><D106/><U62/><E135/><V7/><F18/><W57/><G42/><T25/><D133/><U36/><E79/><V120/><F119/><W127/><G127/><T38/><D38/><U116/><E116/><V108/><F108/><W26/><G131/><T100/><D128/><U124/><E124/><V110/><F110/><W82/><G103/><T84/><D75/><U81/><E104/><V0/><F51/><W14/><G26/><T88/><D114/><U48/><E97/><V2/><F2/><W70/><G70/><T10/><D76/><U52/><E36/><V5/><F5/><W129/><G113/><T115/><D115/><U78/><E78/><V130/><F53/><W101/><G101/><T35/><D49/><U89/><E89/><V1/><F1/><W40/><G40/><T15/><REACH who="0" step="1"/><D64/><REACH who="0" ten="184,188,391,227" step="2"/><U16/><E123/><V125/><F130/><W87/><G65/><T107/><D107/><U61/><E122/><V23/><F125/><W30/><G129/><T4/><D4/><U3/><E3/><V112/><F112/><W13/><G34/><T12/><D12/><N who="1" m="9223" /><E31/><AGARI ba="1,1" hai="10,15,19,25,31,35,69,71,84,88,92,93,99,100" machi="31" ten="40,2600,0" yaku="1,1,54,1,53,0" doraHai="58" doraHaiUra="134" who="0" fromWho="1" sc="184,39,188,-29,391,0,227,0" /><INIT seed="7,0,0,1,3,44" ten="223,159,391,227" oya="3" hai0="31,94,35,72,103,23,67,28,70,58,131,7,78" hai1="17,117,36,102,11,132,47,19,37,130,119,3,122" hai2="34,76,97,2,27,105,77,65,109,26,92,108,4" hai3="59,107,16,40,29,120,15,75,33,12,126,96,104"/><W83/><G120/><T71/><D35/><U48/><E122/><V66/><F92/><W123/><G123/><T95/><D7/><U57/><E132/><V25/><F4/><W80/><G40/><T32/><D32/><U98/><E130/><V21/><F21/><W129/><G75/><T61/><D131/><U84/><E84/><V86/><F86/><W89/><G107/><T20/><D20/><U24/><E3/><V30/><F2/><W91/><G104/><T87/><D94/><U9/><E57/><V63/><F26/><W90/><G15/><T1/><D1/><U10/><E102/><N who="2" m="62671" /><F65/><W22/><G96/><N who="0" m="59807" /><D31/><U62/><E98/><V112/><F27/><W8/><G33/><T18/><D18/><U106/><E106/><V118/><F112/><W13/><G29/><T53/><D70/><U114/><E114/><V51/><F51/><W128/><G128/><T49/><D72/><U5/><E5/><V56/><F56/><W115/><G115/><T82/><D23/><U121/><E121/><V41/><F41/><W73/><G73/><T113/><D28/><U111/><E111/><V127/><F118/><N who="1" m="45065" /><E62/><V79/><F127/><W50/><G126/><T110/><D110/><U68/><E68/><N who="2" m="42079" /><F109/><W39/><G129/><T54/><D113/><U52/><E24/><V38/><F108/><W81/><G39/><AGARI ba="0,0" hai="9,10,11,17,19,36,37,39,47,48,52" m="45065" machi="39" ten="40,5200,0" yaku="12,1,52,1,54,1" doraHai="44" who="1" fromWho="3" sc="223,0,159,52,391,0,227,-52" /><AGARI ba="0,0" hai="25,30,34,38,39,76,77,79" m="42079,62671" machi="39" ten="30,1000,0" yaku="25,1" doraHai="44" who="2" fromWho="3" sc="223,0,211,0,391,10,175,-10" owari="223,2.0,211,-19.0,401,50.0,165,-33.0" /></mjloggm>