<mjloggm ver="2.3"><GO type="185" lobby="0"/><UN n0="%4B%65%6E%74%4B%65%6E%74" n1="%4E%45%47%49%54%53" n2="%E8%97%A4%E4%BA%95%E8%81%A1%E5%A4%AA" n3="" dan="17,18,20,0" rate="2266.73,2311.84,2421.20,1500.00" sx="F,F,M,C"/><TAIKYOKU oya="0"/><INIT seed="0,0,0,0,3,59" ten="350,350,350,0" oya="0" hai0="66,111,125,64,38,131,82,58,63,48,103,57,135" hai1="39,117,54,112,126,32,42,93,86,116,75,113,83" hai2="36,122,114,123,77,124,69,87,89,40,118,78,97" hai3=""/><T84/><D111/><U108/><E32/><V72/><N who="2" m="31264" /><V127/><N who="2" m="31520" /><V107/><F114/><N who="1" m="44137" /><E75/><V99/><F118/><T1/><D1/><U101/><E108/><V71/><F36/><T129/><D125/><N who="2" m="48202" /><F40/><T33/><D135/><U109/><E109/><V132/><F132/><T121/><N who="0" m="31008" /><T120/><N who="0" m="30752" /><T51/><D33/><U62/><E126/><V34/><F34/><T43/><D103/><U95/><E42/><V104/><F69/><T67/><D82/><U92/><E101/><V90/><F71/><T46/><D84/><U105/><E105/><N who="2" m="40523" /><F72/><T76/><D76/><N who="2" m="29290" /><F89/><T73/><D73/><U85/><E39/><V88/><F90/><T35/><D35/><U53/><E83/><AGARI ba="0,0" hai="83,87,88,97,99" m="29290,40523,48202,31520,31264" machi="83" ten="30,12000,2" yaku="18,1,34,2,52,2,54,1" doraHai="59" who="2" fromWho="1" sc="350,0,350,-120,350,120,0,0" /><INIT seed="1,0,0,0,2,32" ten="350,230,470,0" oya="1" hai0="63,125,99,97,38,49,129,2,40,120,85,113,53" hai1="48,76,135,70,41,52,82,71,116,44,62,68,119" hai2="55,66,45,0,115,58,79,60,104,39,74,54,77" hai3=""/><U108/><E135/><V94/><F104/><T83/><N who="0" m="30752" /><T86/><D113/><U37/><E108/><V56/><F115/><T98/><D129/><U117/><E82/><V122/><N who="2" m="31264" /><V67/><F0/><T43/><D125/><U36/><E76/><V126/><F126/><T75/><D2/><U3/><E3/><V72/><F94/><T114/><D114/><U80/><E80/><V106/><F106/><T130/><D130/><U90/><E90/><V73/><F39/><T64/><D38/><U91/><E91/><V65/><REACH who="2" step="1"/><F45/><REACH who="2" ten="350,230,460,0" step="2"/><T88/><D83/><U133/><E133/><V78/><F78/><T46/><D75/><U84/><E84/><V33/><F33/><T100/><D100/><U93/><E93/><V81/><F81/><T92/><REACH who="0" step="1"/><D86/><REACH who="0" ten="340,230,460,0" step="2"/><U103/><E103/><V128/><F128/><T127/><D127/><U102/><E102/><V89/><F89/><T105/><D105/><U124/><E124/><V51/><AGARI ba="0,2" hai="51,54,55,56,58,60,65,66,67,72,73,74,77,79" m="31264" machi="51" ten="40,3900,0" yaku="1,1,0,1,52,1,53,0" doraHai="32" doraHaiUra="111" who="2" fromWho="2" sc="340,-13,230,-26,460,59,0,0" /><INIT seed="2,0,0,3,1,113" ten="327,204,519,0" oya="2" hai0="71,129,109,47,49,87,101,103,46,58,94,59,133" hai1="0,75,36,119,114,40,111,43,118,98,130,51,52" hai2="39,108,54,50,84,104,100,83,41,92,97,95,42" hai3=""/><V33/><F33/><T81/><D109/><U115/><E75/><V82/><F108/><T61/><D133/><U78/><E111/><V93/><F39/><T117/><D129/><U135/><E78/><V44/><REACH who="2" step="1"/><F82/><REACH who="2" ten="327,204,509,0" step="2"/><T32/><D81/><U126/><E135/><V45/><F45/><T38/><D47/><U1/><E130/><V57/><F57/><T70/><D46/><U99/><E36/><V55/><F55/><T56/><D38/><U102/><E52/><V110/><F110/><T106/><D58/><U85/><E126/><V48/><F48/><T3/><D49/><U122/><N who="1" m="31264" /><U35/><E51/><V72/><F72/><T112/><D32/><U67/><E67/><V89/><AGARI ba="0,1" hai="41,42,44,50,54,83,84,89,92,93,95,97,100,104" machi="89" ten="30,2000,0" yaku="1,1,0,1,53,0" doraHai="113" doraHaiUra="34" who="2" fromWho="2" sc="327,-10,204,-10,509,30,0,0" /><INIT seed="2,1,0,1,4,45" ten="317,194,539,0" oya="2" hai0="103,54,92,121,36,58,94,119,100,59,32,113,43" hai1="124,53,115,55,88,132,117,50,70,81,41,42,39" hai2="62,122,40,38,44,1,89,52,3,82,105,73,67" hai3=""/><V57/><N who="2" m="31264" /><V120/><N who="2" m="30752" /><V60/><F105/><T74/><N who="0" m="31008" /><T61/><D32/><U71/><E115/><V37/><F37/><T87/><D119/><U78/><E124/><V51/><F62/><T135/><D74/><U133/><E117/><V85/><REACH who="2" step="1"/><F73/><REACH who="2" ten="317,194,529,0" step="2"/><T96/><D36/><U134/><E39/><V98/><F98/><T80/><D96/><U49/><E70/><AGARI ba="1,1" hai="1,3,38,40,44,51,52,57,60,67,70,82,85,89" m="30752,31264" machi="70" ten="30,24000,3" yaku="1,1,7,1,24,2,52,3,54,1,53,1" doraHai="45" doraHaiUra="76" who="2" fromWho="1" sc="317,0,194,-242,529,252,0,0" owari="317,-8.0,-48,-65.0,781,73.0,0,0.0" /></mjloggm>