<mjloggm ver="2.3"><GO type="185" lobby="0"/><UN n0="%E3%81%A0%E3%81%83" n1="%4E%45%47%49%54%53" n2="%E8%B5%A4%E8%A3%8F%E3%83%9B%E3%82%B7%E3%83%BC%E3%83%8E" n3="" dan="16,17,16,0" rate="2145.43,2297.26,2151.92,1500.00" sx="M,F,M,C"/><TAIKYOKU oya="0"/><INIT seed="0,0,0,3,0,85" ten="350,350,350,0" oya="0" hai0="65,54,45,97,38,108,94,91,1,81,40,124,72" hai1="51,126,61,110,71,112,103,86,79,115,47,77,60" hai2="56,133,43,33,84,114,102,116,42,130,3,118,101" hai3=""/><T75/><D1/><U52/><E126/><V100/><F3/><T50/><D124/><U117/><E117/><N who="2" m="45163" /><F33/><T36/><D108/><U99/><E110/><V2/><F2/><T49/><D65/><U96/><E96/><V48/><F114/><N who="1" m="43561" /><E71/><V57/><F133/><T35/><D35/><U113/><N who="1" m="43569" /><U55/><DORA hai="123" /><E86/><V95/><F130/><T109/><D109/><U88/><E103/><V119/><N who="2" m="45171" /><V127/><DORA hai="87" /><F127/><T89/><D75/><U105/><E105/><V78/><F78/><N who="1" m="29705" /><E55/><V0/><F0/><T59/><D72/><U132/><E132/><V69/><F69/><T32/><D32/><U107/><E107/><V64/><F64/><T66/><D66/><U62/><E62/><V34/><F34/><T122/><N who="0" m="31264" /><T80/><D38/><U44/><E47/><V92/><F84/><T68/><D68/><U70/><E70/><V90/><F57/><T41/><D36/><U93/><AGARI ba="0,0" hai="44,51,52,60,61,88,93,99" m="29705,43569" machi="93" ten="50,6000,1" yaku="11,1,52,2,54,2" doraHai="85,123,87" who="1" fromWho="1" sc="350,-40,350,60,350,-20,0,0" /><INIT seed="1,0,0,3,5,43" ten="310,410,330,0" oya="1" hai0="123,105,53,36,135,101,56,1,116,124,52,92,129" hai1="66,131,99,95,104,89,102,80,61,83,93,51,34" hai2="109,38,48,106,113,63,39,88,65,121,77,81,64" hai3=""/><U78/><E34/><V32/><N who="2" m="31008" /><V128/><F32/><T84/><N who="0" m="31520" /><T67/><D129/><U125/><E131/><V75/><F128/><T2/><D135/><U87/><E125/><V91/><F106/><T127/><D36/><U59/><REACH who="1" step="1"/><E51/><REACH who="1" ten="310,400,330,0" step="2"/><V107/><F48/><T110/><D2/><U3/><E3/><V103/><F113/><T98/><D1/><U112/><E112/><V72/><F38/><T70/><D124/><U57/><E57/><V0/><F39/><T115/><D127/><U69/><E69/><V35/><F35/><T94/><D115/><U74/><AGARI ba="0,1" hai="59,61,66,74,78,80,83,87,89,93,95,99,102,104" machi="74" ten="20,2600,0" yaku="1,1,0,1,7,1,53,0" doraHai="43" doraHaiUra="46" who="1" fromWho="1" sc="310,-13,400,36,330,-13,0,0" /><INIT seed="1,1,0,0,4,58" ten="297,436,317,0" oya="1" hai0="103,64,61,128,131,99,66,70,40,127,106,3,133" hai1="55,59,105,37,96,60,100,97,129,118,47,77,110" hai2="57,86,53,35,87,49,33,50,0,63,68,71,51" hai3=""/><U46/><E118/><V32/><REACH who="2" step="1"/><F0/><REACH who="2" ten="297,436,307,0" step="2"/><T36/><D3/><U119/><E119/><V45/><F45/><T114/><D114/><U88/><E129/><V34/><N who="2" m="8192" /><DORA hai="43" /><V109/><F109/><T123/><N who="0" m="31520" /><T83/><D131/><U111/><E37/><V117/><F117/><T39/><D128/><U44/><E77/><V134/><F134/><T41/><D133/><U1/><E1/><V132/><F132/><T38/><D127/><U79/><E79/><V78/><F78/><T104/><D39/><U65/><REACH who="1" step="1"/><E55/><REACH who="1" ten="297,426,307,0" step="2"/><V75/><F75/><T69/><D36/><U67/><E67/><V54/><F54/><T94/><D38/><U116/><E116/><V80/><F80/><T82/><D66/><U56/><E56/><V126/><F126/><T98/><D64/><U107/><E107/><V90/><F90/><T92/><D103/><U112/><E112/><V122/><N who="2" m="31264" /><V95/><F95/><AGARI ba="1,2" hai="44,46,47,59,60,65,88,95,96,97,100,105,110,111" machi="95" ten="40,18000,2" yaku="1,1,52,4,54,1,53,1" doraHai="58,43" doraHaiUra="89,115" who="1" fromWho="2" sc="297,0,426,202,307,-182,0,0" /><INIT seed="1,2,0,3,1,56" ten="297,628,125,0" oya="1" hai0="2,71,35,48,70,41,91,104,96,108,97,3,1" hai1="34,100,33,40,118,80,127,60,69,53,133,46,50" hai2="86,59,54,79,55,47,123,95,110,106,62,82,83" hai3=""/><U38/><BYE who="2" /><E118/><V61/><F61/><T65/><D35/><U94/><E127/><V121/><F121/><T44/><D108/><U0/><E0/><V43/><F43/><T116/><D116/><U77/><E133/><V134/><F134/><T64/><D104/><U130/><E130/><V75/><F75/><T102/><D102/><U113/><E113/><V89/><F89/><T57/><D57/><U45/><E94/><V39/><F39/><T124/><D124/><U105/><E105/><V51/><F51/><T111/><D111/><U85/><REACH who="1" step="1"/><E100/><REACH who="1" ten="297,618,125,0" step="2"/><V135/><F135/><T36/><D2/><U109/><E109/><V114/><F114/><T32/><D1/><U67/><AGARI ba="2,1" hai="33,34,38,40,45,46,50,53,60,67,69,77,80,85" machi="67" ten="30,4000,0" yaku="1,1,0,1,52,1,53,0" doraHai="56" doraHaiUra="132" who="1" fromWho="1" sc="297,-22,618,54,125,-22,0,0" /><INIT seed="1,3,0,3,4,74" ten="275,672,103,0" oya="1" hai0="34,42,91,59,47,40,58,37,2,60,45,111,64" hai1="110,79,117,112,36,119,134,104,126,39,54,95,56" hai2="3,75,107,125,128,57,132,53,55,41,133,88,99" hai3=""/><U72/><E112/><V62/><F62/><T106/><D34/><U52/><E104/><V123/><F123/><T120/><N who="0" m="30752" /><T67/><D106/><UN n2="%E8%B5%A4%E8%A3%8F%E3%83%9B%E3%82%B7%E3%83%BC%E3%83%8E" /><U51/><E134/><V77/><F3/><T71/><D91/><U46/><E126/><V48/><F125/><T113/><D2/><U76/><E110/><V109/><F41/><T86/><D86/><U66/><E66/><V35/><F35/><T33/><D33/><U73/><E95/><V1/><F1/><T90/><D90/><U44/><E56/><V121/><F57/><T127/><D127/><U100/><E51/><V85/><F109/><T82/><D82/><U124/><E124/><V63/><F48/><T81/><D81/><U118/><E118/><V32/><F32/><T115/><D111/><U68/><E68/><V0/><F133/><T94/><D94/><U135/><E135/><V102/><F0/><T114/><D64/><U43/><E43/><V105/><F107/><T65/><D65/><U96/><E96/><V80/><F99/><T122/><N who="0" m="31264" /><T108/><D108/><U101/><AGARI ba="3,0" hai="36,39,44,46,52,54,72,73,76,79,100,101,117,119" machi="101" ten="25,12000,2" yaku="0,1,22,2,52,2,54,1" doraHai="74" who="1" fromWho="1" sc="275,-63,672,126,103,-63,0,0" /><INIT seed="1,4,0,0,3,93" ten="212,798,40,0" oya="1" hai0="133,88,84,106,44,111,98,80,48,126,123,55,43" hai1="99,102,100,74,46,108,39,91,128,38,113,70,47" hai2="127,94,129,101,118,71,83,77,120,36,104,117,125" hai3=""/><U96/><E113/><V85/><N who="2" m="30752" /><V81/><F71/><T119/><N who="0" m="31520" /><T49/><D111/><U69/><E74/><V54/><F54/><T134/><D119/><U35/><E91/><V95/><F36/><T73/><D73/><U51/><E51/><V76/><F85/><T89/><D126/><U115/><E115/><V109/><F101/><T75/><D75/><U107/><E128/><V122/><N who="2" m="31264" /><V72/><F72/><T79/><D106/><U53/><E53/><V34/><F34/><T130/><D130/><U116/><E107/><V62/><F62/><T52/><D43/><U60/><E60/><V82/><F82/><T78/><D78/><U124/><E124/><V103/><F103/><T110/><D110/><U45/><E45/><V58/><F58/><T0/><D0/><U121/><N who="1" m="31008" /><U68/><E68/><V33/><F33/><T135/><D98/><U112/><E112/><V41/><F41/><T131/><D131/><U87/><E108/><V1/><F129/><T50/><D50/><U105/><E105/><V67/><F109/><T40/><D40/><U2/><E35/><V114/><F104/><T3/><D3/><U59/><E87/><V56/><F1/><T86/><D86/><RYUUKYOKU ba="4,0" sc="212,20,798,-10,40,-10,0,0" hai0="44,48,49,52,55,79,80,84,88,89,133,134,135" /><INIT seed="2,5,0,2,4,84" ten="232,788,30,0" oya="2" hai0="71,80,107,123,48,103,89,1,132,115,113,134,111" hai1="112,45,97,120,64,40,49,96,100,60,76,38,85" hai2="105,66,62,83,42,128,35,104,133,2,65,53,99" hai3=""/><V106/><F2/><T37/><N who="0" m="31520" /><T73/><D37/><U41/><N who="1" m="30752" /><U32/><E112/><N who="0" m="43081" /><D71/><U3/><E32/><V79/><F35/><T118/><D1/><U39/><E3/><V124/><F42/><T98/><D118/><U82/><E97/><V130/><F124/><T77/><D111/><U74/><E74/><V50/><F133/><T47/><D89/><U131/><E40/><AGARI ba="5,0" hai="40,47,48,73,77,80,98,103,107,132,134" m="43081,31520" machi="40" ten="30,2000,0" yaku="11,1,52,1" doraHai="84" who="0" fromWho="1" sc="232,30,788,-30,30,0,0,0" /><INIT seed="4,0,0,5,0,69" ten="262,758,30,0" oya="0" hai0="105,53,123,54,96,74,125,34,2,131,35,61,0" hai1="46,65,128,72,47,67,62,94,55,38,133,44,83" hai2="100,129,103,119,51,79,73,86,50,71,135,3,127" hai3=""/><T58/><N who="0" m="31520" /><T37/><D74/><U92/><E133/><V115/><F86/><T89/><D125/><U104/><E104/><V45/><F79/><T82/><D131/><U57/><E128/><V99/><F99/><T126/><D126/><U88/><E38/><V109/><F51/><T112/><D112/><U124/><E124/><V117/><F50/><T36/><D105/><U120/><N who="1" m="30752" /><U81/><E94/><V78/><F103/><T77/><D77/><U60/><E72/><V108/><F100/><T1/><D96/><U56/><E55/><V80/><F80/><T40/><D40/><U113/><E113/><V87/><F87/><AGARI ba="0,0" hai="44,46,47,56,57,60,62,65,67,81,83,87,88,92" m="30752" machi="87" ten="40,8000,1" yaku="9,1,8,1,52,1,54,1" doraHai="69" who="1" fromWho="2" sc="262,0,758,80,30,-80,0,0" owari="262,-14.0,838,79.0,-50,-65.0,0,0.0" /></mjloggm>