<mjloggm ver="2.3"><GO type="185" lobby="0"/><UN n0="%64%64%30%38%31%32" n1="%70%61%77%61%66%75%31" n2="%77%61%77%61%33%30%33%30" n3="" dan="16,19,16,0" rate="2072.99,2374.74,2150.44,1500.00" sx="M,M,M,C"/><TAIKYOKU oya="0"/><INIT seed="0,0,0,2,1,76" ten="350,350,350,0" oya="0" hai0="117,122,128,101,121,66,50,77,2,127,61,80,75" hai1="67,33,58,1,57,73,62,45,99,125,115,120,79" hai2="52,89,93,88,41,69,119,47,108,83,103,32,105" hai3=""/><T107/><N who="0" m="31008" /><T116/><N who="0" m="31264" /><T111/><D2/><U74/><N who="1" m="30752" /><U114/><E1/><V135/><F32/><T36/><D36/><U110/><E110/><V86/><F108/><T98/><D128/><U35/><E125/><V70/><F103/><T129/><D50/><U68/><E99/><V102/><F102/><T42/><D42/><U78/><E45/><V118/><F105/><T48/><D48/><U49/><E49/><V109/><F109/><T94/><D111/><U44/><E44/><V55/><F69/><T43/><D43/><U106/><E106/><V53/><F70/><T132/><D132/><U72/><E68/><V46/><F135/><T126/><D129/><U97/><E62/><V134/><F134/><T51/><D51/><U60/><E60/><V56/><F56/><T54/><D54/><U3/><E57/><V123/><N who="2" m="31520" /><V59/><F59/><T124/><D94/><U37/><E58/><AGARI ba="0,0" hai="58,61,66,75,77,80,98,101,107,116,117,124,126,127" m="31264,31008" machi="58" ten="40,12000,1" yaku="18,1,52,3" doraHai="76" who="0" fromWho="1" sc="350,120,350,-120,350,0,0,0" /><INIT seed="0,1,0,2,5,105" ten="470,230,350,0" oya="0" hai0="95,58,47,88,67,108,130,83,121,75,133,39,112" hai1="35,102,33,135,103,128,122,107,48,84,85,82,61" hai2="113,70,71,76,55,53,68,110,114,118,101,57,127" hai3=""/><T1/><N who="0" m="31008" /><T126/><D1/><U86/><N who="1" m="31264" /><U46/><E128/><V79/><F101/><T44/><D112/><U119/><E119/><V77/><F118/><T32/><D32/><U34/><E135/><V92/><F92/><T73/><D108/><U54/><E107/><V38/><F57/><T45/><D39/><U91/><E91/><V116/><F116/><T96/><D130/><U134/><E134/><V131/><F131/><T97/><D133/><U72/><REACH who="1" step="1"/><E61/><REACH who="1" ten="470,220,350,0" step="2"/><V64/><F113/><T100/><D126/><U42/><E42/><V132/><F114/><T94/><REACH who="0" step="1"/><D83/><REACH who="0" ten="460,220,350,0" step="2"/><U50/><E50/><V111/><F127/><T43/><D43/><U120/><N who="1" m="30752" /><U74/><E74/><V36/><F132/><T66/><D66/><U49/><E49/><V89/><F64/><T80/><D80/><U63/><E63/><AGARI ba="1,2" hai="44,45,47,58,63,67,73,75,88,94,95,96,97,100" m="31008" machi="63" ten="40,12000,1" yaku="1,1,52,3,54,1,53,0" doraHai="105" doraHaiUra="51" who="0" fromWho="1" sc="460,142,220,-122,350,0,0,0" /><INIT seed="0,2,0,4,2,61" ten="602,98,350,0" oya="0" hai0="104,125,80,134,60,68,2,92,103,101,114,129,112" hai1="64,54,106,102,63,62,124,128,0,37,133,55,93" hai2="38,44,100,131,115,119,89,84,42,117,1,56,79" hai3=""/><T132/><D2/><U113/><E0/><V69/><F69/><T108/><D104/><U47/><E106/><V59/><F115/><T110/><D60/><U86/><E113/><N who="0" m="43625" /><D68/><U45/><E133/><N who="0" m="51305" /><D80/><U118/><E128/><V96/><F1/><T53/><D53/><U46/><E55/><V35/><F131/><T123/><N who="0" m="31520" /><T116/><D116/><U77/><E54/><V78/><F35/><T41/><D41/><U88/><E62/><V75/><F119/><T39/><D39/><U130/><E118/><V99/><F117/><T50/><D50/><U32/><E130/><V135/><F135/><T121/><N who="0" m="31008" /><T107/><D129/><U98/><E32/><V94/><F38/><T66/><D66/><U126/><E37/><V70/><F42/><T111/><D107/><U33/><E33/><V57/><F70/><T105/><D105/><U71/><REACH who="1" step="1"/><E77/><REACH who="1" ten="602,88,350,0" step="2"/><V51/><F79/><T72/><D72/><U40/><E40/><V43/><F75/><T34/><D34/><U97/><E97/><V85/><F78/><T67/><D67/><U120/><N who="1" m="30752" /><U95/><AGARI ba="2,1" hai="45,46,47,63,64,71,86,88,93,95,98,102,124,126" m="30752" machi="95" ten="30,9000,2" yaku="1,1,4,1,0,1,52,2,54,1,53,0" doraHai="61" doraHaiUra="74" who="1" fromWho="1" sc="602,-62,88,104,350,-32,0,0" /><INIT seed="1,0,0,5,5,69" ten="540,192,318,0" oya="1" hai0="105,62,64,125,127,82,57,110,129,134,95,63,65" hai1="91,35,55,74,58,106,60,59,32,70,49,100,40" hai2="43,68,117,37,51,104,66,1,133,75,46,54,119" hai3=""/><U123/><N who="1" m="31520" /><U81/><E70/><V0/><F104/><T111/><D105/><U47/><E100/><V93/><F75/><T34/><D34/><U94/><E106/><V114/><F133/><T89/><D82/><U48/><E81/><V120/><N who="2" m="30752" /><V102/><F114/><T71/><D134/><U108/><E74/><V113/><F113/><T83/><D83/><U73/><E73/><V98/><F117/><T50/><D129/><U53/><REACH who="1" step="1"/><E108/><REACH who="1" ten="540,182,318,0" step="2"/><N who="0" m="41513" /><D95/><U52/><E52/><V45/><F119/><T130/><D130/><U126/><E126/><N who="0" m="48137" /><D89/><U61/><E61/><V42/><F1/><T124/><D124/><U72/><E72/><V84/><F0/><T92/><D92/><U38/><E38/><V97/><F102/><T116/><D116/><U2/><E2/><V39/><F93/><T86/><D86/><AGARI ba="0,1" hai="32,35,40,47,48,49,53,55,58,59,60,86,91,94" m="31520" machi="86" ten="30,5800,0" yaku="1,1,7,1,52,1,53,0" doraHai="69" doraHaiUra="103" who="1" fromWho="0" sc="540,-58,182,68,318,0,0,0" /><INIT seed="1,1,0,0,0,2" ten="482,250,318,0" oya="1" hai0="108,53,92,62,116,107,56,122,35,110,33,67,115" hai1="129,109,1,0,42,87,104,65,34,37,84,125,123" hai2="40,80,117,89,54,99,71,68,103,119,58,79,130" hai3=""/><U46/><N who="1" m="31520" /><U75/><E75/><V86/><F130/><T126/><N who="0" m="31264" /><T49/><D126/><U41/><E125/><V91/><F40/><T59/><D115/><U127/><E127/><V128/><F128/><T133/><D107/><U77/><E129/><V48/><F71/><T3/><D3/><U93/><E104/><V94/><REACH who="2" step="1"/><F68/><REACH who="2" ten="482,250,308,0" step="2"/><T85/><D133/><U52/><E1/><V101/><F101/><T39/><D116/><AGARI ba="1,1" hai="48,54,58,79,80,86,89,91,94,99,103,116,117,119" machi="116" ten="40,2600,0" yaku="1,1,53,1" doraHai="2" doraHaiUra="76" who="2" fromWho="0" sc="482,-28,250,0,308,38,0,0" /><INIT seed="2,0,0,4,0,64" ten="454,250,346,0" oya="2" hai0="52,100,126,3,47,97,79,96,34,98,135,61,93" hai1="46,41,74,120,134,76,75,108,44,123,48,57,51" hai2="82,35,92,63,132,33,86,62,43,104,102,78,91" hai3=""/><V129/><F132/><T58/><D34/><U115/><N who="1" m="30752" /><U71/><N who="1" m="31520" /><U130/><E115/><V59/><F129/><T113/><D3/><U101/><E134/><V66/><F43/><T87/><D135/><U55/><E130/><V80/><F80/><T40/><D126/><U112/><E112/><V77/><F77/><T103/><D113/><U114/><E114/><V110/><F110/><T88/><REACH who="0" step="1"/><D79/><REACH who="0" ten="444,250,346,0" step="2"/><U127/><E76/><V67/><F35/><T2/><D2/><U73/><E127/><V125/><F33/><T122/><N who="0" m="31264" /><T128/><D128/><U65/><E108/><V116/><F125/><T0/><D0/><U53/><E101/><V89/><F116/><T111/><D111/><U124/><E124/><V49/><F91/><T1/><D1/><U133/><E133/><V106/><F102/><T60/><D60/><U107/><E107/><V118/><F118/><T95/><D95/><U85/><E85/><V54/><F106/><T99/><N who="0" m="24576" /><DORA hai="83" /><T70/><D70/><U32/><E32/><V105/><F104/><T38/><AGARI ba="0,1" hai="38,40,47,52,58,61,87,88,93,100,103" m="24576,31264" machi="38" ten="40,12000,3" yaku="1,1,0,1,52,2,54,2,53,2" doraHai="64,83" doraHaiUra="90,119" who="0" fromWho="0" sc="444,130,250,-40,346,-80,0,0" /><INIT seed="4,0,0,4,2,36" ten="574,210,266,0" oya="0" hai0="40,127,33,75,39,81,70,53,116,71,57,3,94" hai1="42,92,105,37,72,126,64,125,131,104,62,133,41" hai2="65,95,111,84,1,69,114,123,79,38,129,55,90" hai3=""/><T89/><D3/><U2/><E2/><V78/><N who="2" m="31520" /><V80/><F111/><T44/><D33/><U60/><E72/><V76/><F1/><T77/><D116/><U59/><E37/><V63/><F114/><T0/><D0/><U87/><E133/><V128/><F38/><T49/><REACH who="0" step="1"/><D127/><REACH who="0" ten="564,210,266,0" step="2"/><U112/><E112/><V67/><F129/><T113/><D113/><U54/><E131/><V34/><F128/><T47/><D47/><U99/><E126/><V102/><F34/><T135/><D135/><U106/><E125/><V96/><F69/><T45/><D45/><U101/><REACH who="1" step="1"/><E87/><AGARI ba="0,1" hai="39,40,44,49,53,57,70,71,75,77,81,87,89,94" machi="87" ten="30,11600,0" yaku="1,1,7,1,52,1,53,1" doraHai="36" doraHaiUra="43" who="0" fromWho="1" sc="564,126,210,-116,266,0,0,0" /><INIT seed="4,1,0,1,5,100" ten="690,94,266,0" oya="0" hai0="108,38,86,93,62,98,57,115,87,53,35,134,0" hai1="118,49,2,60,88,126,76,58,128,83,3,104,90" hai2="80,116,63,101,132,36,50,64,113,95,79,91,72" hai3=""/><T89/><D35/><U65/><E126/><V121/><N who="2" m="31008" /><V40/><F36/><T109/><D0/><U1/><E118/><V117/><F113/><T94/><D134/><U33/><E33/><V51/><F101/><T34/><D115/><U129/><E49/><V106/><F132/><T133/><D34/><U46/><E46/><V44/><F51/><T73/><D73/><U69/><E69/><V67/><F106/><T125/><D38/><U48/><E48/><V103/><F103/><T97/><D133/><U42/><E42/><V127/><F127/><T105/><D125/><U107/><E76/><V66/><F63/><T74/><D74/><U130/><E83/><V78/><F78/><T61/><D61/><U96/><E96/><V39/><F39/><T92/><D105/><AGARI ba="1,0" hai="1,2,3,58,60,65,88,90,104,105,107,128,129,130" machi="105" ten="50,8000,1" yaku="19,1,52,3,54,1" doraHai="100" who="1" fromWho="0" sc="690,-82,94,82,266,0,0,0" /><INIT seed="5,0,0,0,1,86" ten="608,176,266,0" oya="1" hai0="52,96,84,73,116,49,78,82,35,88,107,81,130" hai1="50,53,72,80,56,51,0,46,34,111,131,3,45" hai2="60,83,122,69,127,108,74,113,54,43,106,112,77" hai3=""/><U64/><E34/><V123/><N who="2" m="31264" /><V40/><N who="2" m="31520" /><V133/><F108/><T120/><N who="0" m="30752" /><T59/><D35/><U114/><E111/><V2/><F2/><T71/><D71/><U65/><E131/><V55/><F133/><T58/><D130/><U62/><E72/><V102/><F127/><T39/><D39/><U38/><E80/><V132/><F132/><T75/><D116/><U119/><E119/><V105/><F69/><T44/><REACH who="0" step="1"/><D75/><REACH who="0" ten="598,176,266,0" step="2"/><U93/><E3/><V117/><F117/><T42/><D42/><U70/><E0/><V121/><N who="2" m="31008" /><V91/><F43/><T1/><D1/><U126/><E126/><V103/><F40/><T87/><D87/><U124/><E124/><V67/><F74/><T68/><D68/><U99/><E38/><V100/><F113/><T90/><D90/><U32/><E114/><V134/><F91/><T41/><D41/><U118/><E32/><V33/><F112/><T95/><D95/><U48/><E118/><V101/><F134/><T128/><D128/><U79/><E70/><V89/><F89/><T115/><D115/><U76/><E93/><V63/><N who="2" m="25600" /><DORA hai="61" /><V98/><F33/><T104/><D104/><U92/><E92/><V129/><F106/><RYUUKYOKU ba="0,1" sc="598,20,176,-10,266,-10,0,0" hai0="44,49,52,58,59,73,78,81,82,84,88,96,107" /><INIT seed="6,1,1,3,4,63" ten="618,166,256,0" oya="2" hai0="130,90,102,120,93,70,118,133,92,109,59,47,108" hai1="64,41,44,86,42,79,39,33,53,67,50,72,54" hai2="49,2,89,65,45,83,107,88,114,105,103,115,127" hai3=""/><V52/><F2/><T76/><N who="0" m="30752" /><T60/><D118/><U80/><E33/><V81/><F127/><T125/><D125/><U99/><E72/><V62/><F103/><T85/><D133/><U84/><E84/><V58/><F107/><T1/><D1/><U77/><E77/><V34/><F105/><T104/><D130/><U113/><E113/><N who="2" m="43019" /><F34/><T131/><D131/><U69/><E69/><V68/><F68/><T87/><D70/><U36/><E99/><V100/><F100/><T56/><D104/><U123/><N who="1" m="31520" /><U134/><E134/><V119/><F119/><T126/><D126/><U91/><E79/><V110/><F110/><T38/><D109/><U51/><E36/><V101/><F101/><T117/><D38/><U78/><E78/><V55/><F55/><N who="1" m="21001" /><E39/><V40/><F40/><N who="1" m="15465" /><E44/><V35/><F35/><T43/><D117/><U71/><E71/><V3/><F3/><T128/><D128/><U61/><E61/><V124/><F124/><T73/><D108/><U0/><E0/><V122/><N who="2" m="31264" /><V96/><F96/><T111/><D111/><U66/><AGARI ba="1,1" hai="50,51,64,66,67,80,86,91" m="15465,21001,31520" machi="66" ten="30,6000,1" yaku="8,1,52,4" doraHai="63" who="1" fromWho="1" sc="618,-21,166,72,256,-41,0,0" owari="597,54.0,238,-16.0,215,-38.0,0,0.0" /></mjloggm>