<mjloggm ver="2.3"><GO type="169" lobby="0"/><UN n0="%E6%99%82%E5%B4%8E%E7%8B%82%E4%B8%89" n1="%E8%A5%BF%E5%B2%A1%E8%82%B2%E6%9C%AA%E2%99%AA" n2="%E3%81%AA%E3%82%8B%E3%81%9B%E3%81%A7%E3%81%99" n3="%E7%89%87%E5%B2%A1%E7%AF%A4%E5%8F%B2" dan="16,17,16,17" rate="2070.13,2163.15,2134.90,2130.47" sx="F,F,M,M"/><TAIKYOKU oya="0"/><INIT seed="0,0,0,3,1,75" ten="250,250,250,250" oya="0" hai0="135,94,123,61,72,99,113,82,64,49,71,98,11" hai1="68,96,33,86,19,53,3,63,21,80,69,14,12" hai2="103,36,27,16,41,13,76,106,40,57,22,60,122" hai3="133,25,79,114,126,9,121,110,108,92,15,0,100"/><T26/><D113/><U1/><E33/><V89/><F122/><W101/><G0/><T83/><D123/><U62/><E3/><V39/><F89/><W77/><G114/><T34/><D135/><U134/><E1/><V129/><F129/><W87/><G121/><T5/><D49/><U52/><E134/><V124/><F124/><W120/><G120/><T125/><D125/><U131/><E131/><V2/><F2/><W112/><G112/><T20/><D34/><U130/><E130/><V30/><F76/><N who="3" m="29259" /><G126/><T104/><D104/><U116/><E96/><V48/><F39/><W102/><G133/><T85/><D72/><U4/><E68/><V95/><F36/><W55/><G25/><T81/><D85/><U51/><E53/><V132/><F106/><W93/><G87/><T65/><D65/><U78/><E69/><V109/><F109/><N who="3" m="42091" /><G55/><T37/><D37/><U23/><E116/><V47/><F132/><W45/><G45/><T32/><D32/><U107/><E107/><V17/><F13/><W35/><G35/><T24/><D24/><U31/><E31/><V115/><F115/><W91/><G91/><T97/><D26/><U43/><E43/><V84/><F40/><W38/><G38/><T90/><REACH who="0" step="1"/><D20/><REACH who="0" ten="240,250,250,250" step="2"/><U44/><E21/><V8/><F84/><W127/><G127/><T29/><D29/><U70/><E23/><V54/><F22/><W7/><AGARI ba="0,1" hai="7,9,15,92,93,100,101,102" m="42091,29259" machi="7" ten="40,8000,1" yaku="14,1,52,3" doraHai="75" who="3" fromWho="3" sc="240,-40,250,-20,250,-20,250,90" /><INIT seed="1,0,0,2,3,60" ten="200,230,230,340" oya="1" hai0="31,81,55,109,51,72,121,105,117,120,16,4,45" hai1="134,77,26,25,113,40,3,129,80,106,88,78,126" hai2="29,99,74,7,19,34,36,116,100,59,119,66,123" hai3="22,98,112,110,95,24,9,0,133,115,103,13,83"/><U57/><E113/><V8/><F36/><W33/><G110/><T54/><D109/><U135/><E129/><V104/><F123/><N who="0" m="47178" /><D105/><U44/><E126/><V79/><F19/><W37/><G37/><T75/><D117/><U73/><E3/><V89/><F89/><W38/><G38/><T46/><D31/><U47/><E106/><V11/><F11/><W93/><G133/><T94/><D4/><U53/><E78/><V43/><F43/><W63/><G33/><T114/><D114/><U111/><E111/><V21/><F21/><W52/><G93/><T96/><D81/><U1/><E1/><V58/><F58/><W39/><G39/><T102/><D16/><U90/><E25/><V42/><F29/><W28/><G83/><T69/><D69/><U84/><E26/><V62/><F34/><W27/><G27/><T6/><D6/><U70/><E70/><V132/><F132/><N who="1" m="50729" /><E40/><V2/><F42/><W124/><G0/><T118/><D118/><U17/><E17/><V49/><F49/><AGARI ba="0,0" hai="45,46,49,51,54,55,72,75,94,96,102" m="47178" machi="49" ten="30,1000,0" yaku="13,1" doraHai="60" who="0" fromWho="2" sc="200,10,230,0,230,-10,340,0" /><INIT seed="2,0,0,1,5,64" ten="210,230,220,340" oya="2" hai0="58,13,59,37,22,11,125,73,115,80,36,3,12" hai1="101,15,84,20,44,9,118,34,4,123,39,29,42" hai2="110,62,5,74,54,94,124,61,88,128,24,133,135" hai3="129,67,31,25,126,95,50,104,26,40,114,76,53"/><V96/><F124/><W6/><G104/><T93/><D115/><U18/><E118/><V116/><F116/><W108/><G108/><T60/><D125/><U92/><E123/><V55/><F110/><W0/><G40/><T99/><D3/><U21/><E34/><V122/><F122/><W105/><G105/><T30/><D73/><U43/><E43/><V69/><F5/><W130/><G76/><T23/><D80/><U51/><E29/><V132/><F128/><W121/><G121/><T32/><D32/><U111/><E111/><V113/><F113/><W16/><G114/><T65/><D58/><U52/><E101/><V14/><F74/><W38/><G38/><T112/><D112/><U127/><E127/><V117/><F117/><W10/><G67/><T97/><D97/><U17/><E92/><V75/><F75/><W41/><G41/><T109/><D109/><U28/><E84/><V102/><F14/><W19/><G95/><T57/><D57/><U82/><E82/><V119/><F119/><W91/><G91/><N who="0" m="55743" /><D13/><U83/><E83/><V103/><F24/><N who="3" m="9323" /><G31/><T35/><D35/><U48/><E28/><V45/><F62/><W85/><G85/><T86/><D86/><U131/><E131/><N who="3" m="50186" /><G126/><T33/><D33/><U90/><E90/><V72/><F72/><W27/><G27/><N who="0" m="16759" /><D23/><N who="1" m="8779" /><E39/><V79/><F79/><W71/><G71/><T107/><D107/><U47/><AGARI ba="0,0" hai="4,9,15,17,18,42,44,47,48,51,52" m="8779" machi="47" ten="30,2000,0" yaku="8,1,54,1" doraHai="64" who="1" fromWho="1" sc="210,-5,230,20,220,-10,340,-5" /><INIT seed="3,0,0,5,3,21" ten="205,250,210,335" oya="3" hai0="93,123,63,38,84,112,126,83,115,78,65,99,87" hai1="45,15,8,13,70,100,7,109,125,104,43,39,12" hai2="113,16,48,102,56,68,44,27,28,119,46,133,57" hai3="54,89,130,10,72,74,32,51,107,61,122,29,1"/><W127/><G107/><T4/><D123/><U90/><E125/><V50/><F68/><W92/><G122/><T55/><D126/><U103/><E109/><V128/><F119/><W117/><G117/><T40/><D55/><U62/><E90/><V110/><F113/><W105/><G105/><T37/><D4/><U95/><E104/><V47/><F110/><W11/><G61/><T31/><D84/><U41/><E41/><V34/><F133/><W64/><G64/><T82/><D82/><U36/><E36/><V108/><F108/><W79/><G79/><T134/><D134/><U14/><REACH who="1" step="1"/><E95/><REACH who="1" ten="205,240,210,335" step="2"/><V86/><F128/><W75/><G127/><T132/><D132/><U135/><E135/><V52/><F102/><W124/><G130/><T2/><D40/><U85/><E85/><V25/><F86/><W30/><G124/><T116/><D116/><U49/><E49/><V20/><F47/><W76/><G74/><T23/><D37/><U101/><E101/><V58/><F44/><W22/><G89/><T71/><D38/><U35/><E35/><V19/><F19/><W131/><G32/><T118/><D118/><U17/><E17/><V81/><F81/><W42/><G131/><T33/><D33/><U26/><E26/><V88/><F88/><W60/><G75/><T73/><D73/><U67/><AGARI ba="0,1" hai="7,8,12,13,14,15,39,43,45,62,67,70,100,103" machi="67" ten="30,4000,0" yaku="1,1,0,1,53,1" doraHai="21" doraHaiUra="3" who="1" fromWho="1" sc="205,-10,240,50,210,-10,335,-20" /><INIT seed="4,0,0,2,4,122" ten="195,290,200,315" oya="0" hai0="89,38,127,131,6,13,61,55,83,45,104,95,79" hai1="129,1,97,26,4,54,88,77,7,33,109,87,112" hai2="68,24,121,125,8,64,36,111,116,71,47,135,23" hai3="90,100,29,50,34,35,2,52,14,28,80,67,40"/><T69/><D104/><U21/><E129/><V19/><F121/><W20/><G2/><T0/><D131/><U120/><E120/><V78/><F116/><W46/><G67/><T27/><D127/><U81/><E33/><V133/><F125/><W72/><G100/><T102/><D0/><U91/><E109/><V49/><F36/><W99/><G72/><T44/><D102/><U53/><E112/><V106/><F106/><W76/><G76/><T56/><D69/><U98/><E1/><V48/><F78/><W31/><G35/><T86/><D38/><U62/><E62/><V114/><F114/><W30/><G30/><T43/><D43/><U128/><E128/><V123/><F123/><W57/><G34/><T65/><D27/><U134/><E134/><V25/><F64/><W115/><G115/><T117/><D65/><U130/><E130/><V32/><F8/><W42/><G99/><N who="1" m="37898" /><E53/><V22/><F32/><W126/><G126/><T103/><D103/><U66/><E54/><V113/><F113/><W82/><G90/><N who="1" m="34346" /><E66/><V73/><F73/><W41/><G46/><T58/><D58/><U92/><E92/><V84/><F111/><W15/><G20/><T75/><REACH who="0" step="1"/><D117/><REACH who="0" ten="185,290,200,315" step="2"/><U12/><E12/><AGARI ba="0,1" hai="12,14,15,28,29,31,40,41,42,50,52,57,80,82" machi="12" ten="40,2600,0" yaku="8,1,54,1" doraHai="122" who="3" fromWho="1" sc="185,0,290,-26,200,0,315,36" /><INIT seed="5,0,0,4,2,5" ten="185,264,200,351" oya="1" hai0="4,15,135,115,22,62,92,94,71,45,110,61,7" hai1="89,81,19,16,17,104,29,129,34,33,108,60,49" hai2="72,31,120,55,90,18,6,80,51,47,106,113,13" hai3="116,77,97,76,98,57,82,0,102,126,58,70,2"/><U111/><E104/><V100/><F120/><W131/><G70/><T59/><D110/><N who="1" m="42027" /><E129/><V12/><F31/><W20/><G131/><T40/><D135/><U66/><E49/><V32/><F32/><N who="1" m="12393" /><E29/><V112/><F106/><W9/><G20/><T21/><D71/><N who="1" m="42439" /><E81/><V39/><F39/><W27/><G82/><T124/><D124/><U54/><E54/><V35/><F35/><W37/><G37/><T86/><D94/><U26/><E89/><V133/><F133/><W101/><G27/><AGARI ba="0,0" hai="16,17,19,26,27" m="42439,12393,42027" machi="27" ten="40,3900,0" yaku="10,1,54,1" doraHai="5" who="1" fromWho="3" sc="185,0,264,39,200,0,351,-39" /><INIT seed="5,1,0,5,5,82" ten="185,303,200,312" oya="1" hai0="1,106,121,88,97,50,76,101,43,57,5,4,129" hai1="34,61,36,23,102,62,47,132,83,77,123,19,40" hai2="114,0,127,94,53,98,120,84,65,64,48,44,39" hai3="87,30,67,2,135,6,52,130,96,18,3,115,11"/><U42/><E123/><V25/><F120/><W124/><G115/><T31/><D121/><U17/><E132/><V71/><F127/><W95/><G124/><T49/><D129/><U103/><E34/><V75/><F75/><W134/><G67/><T126/><D126/><U69/><E40/><V10/><F114/><W59/><G30/><T116/><D116/><U45/><E45/><V104/><F39/><W113/><G18/><T20/><D76/><U28/><E28/><V107/><F25/><W119/><G113/><T93/><D1/><U7/><E7/><V79/><F71/><W86/><G2/><T12/><D50/><U29/><E29/><V56/><F107/><W110/><G110/><T63/><D43/><U51/><E17/><V54/><F104/><W81/><G130/><T37/><D37/><U8/><E8/><V58/><F10/><W14/><G3/><T105/><D49/><U100/><E36/><V99/><F0/><W66/><G66/><N who="2" m="25705" /><F53/><W55/><G81/><T32/><D32/><U80/><E80/><N who="2" m="47135" /><F99/><W46/><G46/><T13/><D105/><U41/><E41/><V9/><F9/><W92/><G55/><N who="0" m="34239" /><D4/><U22/><E22/><V111/><F111/><W125/><G125/><T26/><D5/><U70/><E70/><V72/><F72/><W90/><G119/><T35/><D35/><U21/><E21/><V91/><AGARI ba="1,0" hai="44,48,54,56,58,91,94,98" m="47135,25705" machi="91" ten="30,2000,0" yaku="8,1,52,1" doraHai="82" who="2" fromWho="2" sc="185,-6,303,-11,200,23,312,-6" /><INIT seed="6,0,0,2,4,104" ten="179,292,223,306" oya="2" hai0="75,58,25,81,121,130,46,62,60,74,96,15,31" hai1="103,27,123,125,41,102,97,118,37,99,32,50,131" hai2="70,94,124,95,67,66,22,40,127,117,26,89,90" hai3="86,35,76,29,38,48,108,122,36,0,134,71,68"/><V49/><F117/><W109/><G86/><T87/><D121/><U33/><E118/><V16/><F40/><W4/><G48/><T64/><D130/><U115/><E131/><V106/><F106/><W101/><G101/><T83/><D46/><U77/><E123/><V59/><F70/><N who="3" m="26667" /><G76/><T72/><D15/><U44/><E115/><V55/><F94/><W78/><G78/><T107/><D62/><U100/><E125/><N who="2" m="48203" /><F90/><W82/><G82/><T105/><D96/><AGARI ba="0,0" hai="16,22,26,49,55,59,66,67,89,95,96" m="48203" machi="96" ten="30,2900,0" yaku="18,1,54,1" doraHai="104" who="2" fromWho="0" sc="179,-29,292,0,223,29,306,0" /><INIT seed="6,1,0,5,3,115" ten="150,292,252,306" oya="2" hai0="34,118,128,127,90,21,135,121,67,50,11,122,112" hai1="52,94,71,3,117,66,89,109,41,24,77,133,129" hai2="126,56,25,82,60,72,92,28,18,59,131,2,85" hai3="54,32,42,108,17,74,95,44,45,68,31,91,5"/><V26/><F2/><W53/><G108/><T130/><D67/><U123/><E109/><V75/><F131/><N who="0" m="50218" /><D50/><U1/><E129/><V51/><F126/><W27/><G74/><T14/><D90/><U103/><E117/><V49/><F92/><W116/><G116/><T39/><D39/><U125/><E133/><V73/><F18/><W33/><G68/><T107/><D107/><U134/><E134/><V86/><F26/><W132/><G132/><T36/><D36/><U20/><E123/><N who="0" m="47113" /><D135/><U83/><E41/><V80/><F80/><W99/><G33/><T87/><D87/><U100/><E125/><V62/><F51/><W110/><G44/><T4/><D127/><U37/><E100/><V10/><F49/><W81/><G81/><T16/><D34/><U57/><E103/><V48/><F48/><W15/><G110/><T119/><D112/><U19/><E71/><V22/><F85/><W58/><G58/><T35/><D35/><U6/><E94/><V40/><F40/><W120/><G120/><T12/><AGARI ba="1,0" hai="4,11,12,14,16,21,118,119" m="47113,50218" machi="12" ten="40,12000,2" yaku="19,1,34,2,52,2,54,1" doraHai="115" who="0" fromWho="0" sc="150,123,292,-31,252,-61,306,-31" /><INIT seed="7,0,0,2,1,95" ten="273,261,191,275" oya="3" hai0="122,57,59,63,91,48,119,13,81,133,9,5,97" hai1="107,7,113,49,19,117,45,54,93,92,34,82,80" hai2="79,84,76,102,87,42,56,29,40,126,108,101,44" hai3="127,3,2,132,103,10,106,36,28,20,23,43,25"/><W61/><G36/><T74/><D119/><U114/><E107/><V4/><F108/><W6/><G43/><N who="2" m="16425" /><F44/><W1/><G61/><T26/><D122/><U60/><E34/><V17/><F126/><W100/><G100/><N who="2" m="38505" /><F29/><N who="3" m="17575" /><G103/><T46/><D133/><U21/><E117/><V58/><F17/><W99/><G99/><T0/><D0/><N who="3" m="105" /><G106/><T69/><D69/><U18/><E7/><V11/><F11/><W109/><G127/><T32/><D74/><U66/><E18/><V73/><F4/><W130/><G130/><T52/><D63/><U75/><E75/><V116/><F73/><W65/><G65/><T77/><D46/><U31/><E31/><V47/><F47/><W98/><G98/><T112/><D97/><U86/><E19/><V125/><F125/><W129/><G129/><T105/><D105/><U51/><E45/><V135/><F135/><W55/><G55/><T96/><D52/><U39/><E54/><V83/><F116/><W121/><G132/><T111/><D57/><N who="2" m="22122" /><F83/><W134/><G134/><T27/><D81/><U24/><E39/><V115/><F115/><W37/><G37/><T16/><D112/><U38/><E38/><V15/><F15/><W124/><G124/><T104/><D13/><U8/><E113/><V30/><F30/><W88/><G121/><T118/><D104/><U110/><E82/><V67/><F67/><W94/><G109/><T14/><D111/><U68/><E110/><V50/><F50/><N who="1" m="18953" /><E114/><V120/><F120/><W33/><G33/><T90/><D32/><U72/><E72/><V12/><F12/><W35/><G3/><RYUUKYOKU ba="0,0" sc="273,-10,261,-10,191,30,275,-10" hai2="76,79,84,87" /><INIT seed="8,1,0,3,2,10" ten="263,251,221,265" oya="0" hai0="48,129,69,89,72,94,13,74,135,125,95,58,128" hai1="41,14,29,63,110,7,1,87,97,103,105,81,57" hai2="93,33,109,91,20,36,83,101,51,119,82,80,16" hai3="107,15,38,0,22,90,5,120,113,115,8,65,19"/><T78/><D69/><U52/><E110/><V86/><F33/><W32/><G38/><T45/><D125/><U46/><E1/><V44/><F109/><W42/><G42/><T130/><D135/><U60/><E29/><V30/><F36/><W54/><G107/><T64/><D78/><U88/><E7/><V102/><F30/><W9/><G65/><T79/><D79/><U35/><E35/><V11/><F11/><W126/><G54/><T23/><D64/><U127/><E127/><V116/><F44/><W6/><G90/><T98/><D58/><U27/><E27/><V108/><F108/><W112/><G126/><T59/><D59/><U43/><E14/><N who="2" m="9239" /><F51/><W50/><G50/><T61/><D61/><U84/><E60/><V68/><F68/><W47/><G47/><T26/><D13/><U34/><E34/><V67/><F67/><W73/><G73/><T100/><D23/><U24/><E24/><V53/><F53/><W71/><G71/><T12/><D12/><U66/><E66/><V92/><F92/><W106/><G106/><T56/><D26/><U121/><E121/><V104/><F104/><W131/><G32/><T28/><D28/><U114/><E114/><V118/><AGARI ba="1,0" hai="80,82,83,86,91,93,101,102,116,118,119" m="9239" machi="118" ten="40,8000,1" yaku="16,1,12,1,52,1,54,1" doraHai="10" who="2" fromWho="2" sc="263,-41,251,-21,221,83,265,-21" owari="222,-28.0,230,-17.0,304,41.0,244,4.0" /></mjloggm>