<mjloggm ver="2.3"><GO type="169" lobby="0"/><UN n0="%E9%81%8A%E8%B5%B0" n1="%E8%B0%B7%E5%8F%A3%E3%81%93%E3%81%86%E3%81%B8%E3%81%84" n2="%E5%9C%92%E7%94%B0%E8%B3%A2" n3="%E3%82%B7%E3%83%A9%E3%80%82" dan="16,18,16,17" rate="2132.64,2298.15,2080.84,2215.67" sx="F,M,M,M"/><TAIKYOKU oya="0"/><INIT seed="0,0,0,0,2,28" ten="250,250,250,250" oya="0" hai0="73,116,63,79,104,41,102,106,87,133,112,65,56" hai1="11,0,121,111,124,47,61,130,54,26,20,122,8" hai2="91,21,86,132,71,53,40,94,18,128,46,95,69" hai3="48,43,17,103,135,92,22,70,72,16,58,127,74"/><T39/><D116/><U30/><E111/><V131/><F132/><W57/><G135/><T66/><D112/><U32/><E47/><V83/><F53/><W117/><G117/><T35/><D133/><U105/><E54/><V59/><F59/><W93/><G70/><T119/><D119/><U37/><E37/><V50/><F71/><W99/><G127/><T36/><D73/><U14/><E61/><V126/><F69/><W96/><G74/><T33/><D65/><U45/><E45/><V52/><F40/><W81/><G72/><T75/><D75/><U31/><E105/><V55/><F55/><W129/><G129/><N who="2" m="49737" /><F126/><W118/><G81/><T134/><D134/><U89/><E89/><V9/><F9/><N who="1" m="3657" /><E130/><V125/><F125/><W123/><G123/><N who="1" m="47114" /><E124/><V107/><F107/><W13/><G17/><T77/><D104/><U110/><E110/><V115/><F115/><W15/><G15/><AGARI ba="0,0" hai="15,18,21,46,50,52,83,86,91,94,95" m="49737" machi="15" ten="30,2000,0" yaku="19,1,54,1" doraHai="28" who="2" fromWho="3" sc="250,0,250,0,250,20,250,-20" /><INIT seed="1,0,0,4,1,68" ten="250,250,270,230" oya="1" hai0="62,49,77,48,14,44,131,53,58,82,130,55,36" hai1="47,89,31,11,40,15,93,95,70,132,117,122,85" hai2="29,17,81,24,7,12,125,50,8,118,5,96,94" hai3="127,30,51,103,84,42,52,92,72,4,57,121,112"/><U88/><E132/><V97/><F118/><W2/><G127/><T43/><D14/><U25/><E70/><V100/><F125/><W113/><G121/><T60/><D77/><U98/><E122/><V120/><F120/><W129/><G129/><N who="0" m="49163" /><D82/><U101/><E117/><V16/><F81/><W116/><G116/><T114/><D114/><U63/><E63/><V134/><F134/><W54/><G72/><T20/><D20/><U10/><E15/><V23/><F50/><W61/><G30/><T45/><AGARI ba="0,0" hai="36,43,44,45,48,49,53,55,58,60,62" m="49163" machi="45" ten="30,7900,0" yaku="19,1,34,2,52,1" doraHai="68" who="0" fromWho="0" sc="250,79,250,-39,270,-20,230,-20" /><INIT seed="2,0,0,1,1,100" ten="329,211,250,210" oya="2" hai0="40,132,47,32,124,71,72,84,70,54,131,102,66" hai1="80,43,38,37,48,4,33,88,77,99,125,108,111" hai2="2,17,126,13,21,10,79,45,82,6,19,53,135" hai3="81,56,93,1,90,62,8,67,22,96,89,28,41"/><V94/><F135/><W95/><G1/><T7/><D72/><U50/><E33/><V61/><F126/><W60/><G41/><T86/><D32/><U27/><E125/><V69/><F94/><W92/><G8/><T16/><D124/><U39/><E27/><V35/><F35/><W97/><G81/><T20/><D132/><U109/><E4/><V76/><F19/><W119/><G119/><T134/><D134/><U98/><E43/><V23/><F23/><W52/><G93/><T101/><D7/><U121/><E121/><V18/><F18/><W11/><G11/><T123/><D123/><U115/><E115/><V57/><F69/><W29/><REACH who="3" step="1"/><G22/><REACH who="3" ten="329,211,250,200" step="2"/><T63/><D40/><U133/><E133/><V0/><F0/><W117/><G117/><T49/><D20/><U112/><E112/><V64/><F82/><W129/><G129/><T105/><D131/><U118/><E118/><V87/><F87/><W130/><G130/><T103/><D84/><N who="1" m="50183" /><E77/><V46/><F79/><W12/><G12/><T68/><D86/><U34/><E34/><V3/><F76/><W58/><AGARI ba="0,1" hai="28,29,52,56,58,60,62,67,89,90,92,95,96,97" machi="58" ten="20,12000,2" yaku="1,1,0,1,7,1,9,1,8,1,54,1,53,0" doraHai="100" doraHaiUra="110" who="3" fromWho="3" sc="329,-30,211,-30,250,-60,200,130" /><INIT seed="3,0,0,4,3,126" ten="299,181,190,330" oya="3" hai0="101,77,92,40,110,90,116,22,129,54,36,43,94" hai1="109,78,55,82,69,34,96,104,80,24,113,79,84" hai2="48,33,124,2,5,66,60,120,42,47,105,10,35" hai3="102,65,14,20,9,108,39,99,16,95,27,59,134"/><W41/><G134/><T117/><D129/><U135/><E135/><V70/><F124/><W122/><G122/><T12/><D77/><U107/><E109/><V100/><F120/><W91/><G108/><T74/><D74/><U15/><E113/><V88/><F100/><W49/><G39/><T75/><D75/><U30/><E69/><V13/><F105/><W8/><G41/><T64/><D110/><U38/><E38/><V103/><F103/><W25/><G102/><T112/><D64/><U21/><E96/><V45/><F2/><W97/><G97/><T29/><D101/><U1/><E1/><V26/><F26/><N who="3" m="9739" /><G65/><T28/><D112/><U111/><E111/><V46/><F47/><W93/><G93/><T123/><D123/><U37/><E37/><V132/><F132/><W18/><G18/><T63/><D36/><U11/><E34/><V133/><F133/><W50/><G50/><T128/><D63/><U83/><E55/><AGARI ba="0,0" hai="8,9,14,16,20,49,55,59,91,95,99" m="9739" machi="55" ten="30,2900,0" yaku="8,1,54,1" doraHai="126" who="3" fromWho="1" sc="299,0,181,-29,190,0,330,29" /><INIT seed="3,1,0,2,4,113" ten="299,152,190,359" oya="3" hai0="111,77,87,32,84,104,83,128,26,114,67,42,95" hai1="6,43,34,60,127,21,53,62,50,116,20,25,9" hai2="109,112,59,118,75,12,97,81,106,37,29,124,14" hai3="39,88,132,115,15,11,23,131,101,96,71,0,1"/><W98/><G115/><T45/><D114/><U22/><E127/><V82/><F112/><W102/><G132/><T16/><D111/><U68/><E43/><V40/><F124/><W38/><G71/><T5/><D104/><U10/><E68/><V4/><F109/><W78/><G78/><T92/><D128/><U65/><E65/><V27/><F118/><W63/><G131/><T55/><D67/><U8/><E6/><V7/><F37/><W44/><G63/><N who="1" m="24106" /><E34/><V13/><F40/><W94/><G23/><T58/><D5/><U117/><E25/><V85/><F59/><W46/><G15/><T79/><D32/><U107/><E107/><V48/><F48/><W61/><G61/><T121/><D121/><U76/><E76/><V123/><F123/><W105/><G11/><T99/><D55/><U64/><E64/><V47/><F47/><W120/><G120/><T31/><D58/><U74/><E74/><V28/><F75/><W51/><G102/><T52/><D42/><U35/><E35/><V130/><F130/><W134/><G134/><T129/><D129/><U86/><E86/><V18/><F106/><W56/><G56/><T49/><D77/><U54/><E50/><V108/><F108/><W17/><G17/><T72/><D16/><U89/><E89/><N who="2" m="51375" /><F4/><W57/><G57/><T126/><D126/><U73/><E73/><V36/><F7/><W66/><G66/><T19/><D19/><U135/><E135/><V80/><F36/><N who="3" m="13867" /><G51/><T122/><D122/><U69/><E69/><V91/><F18/><W2/><G46/><N who="0" m="27703" /><D72/><U90/><E90/><RYUUKYOKU ba="1,0" sc="299,-15,152,15,190,-15,359,15" hai1="8,9,10,20,21,22,53,54,116,117" hai3="0,1,2,44,88,94,96,98,101,105" /><INIT seed="3,2,0,4,5,36" ten="284,167,175,374" oya="3" hai0="25,64,14,18,130,53,95,37,99,26,45,124,19" hai1="106,133,62,70,34,131,113,121,42,49,4,100,31" hai2="132,55,82,46,90,76,112,111,94,116,120,38,105" hai3="63,68,65,83,67,118,126,28,98,114,23,86,122"/><W7/><G126/><T20/><D124/><U0/><E121/><V134/><F120/><W93/><G122/><T117/><D117/><U91/><E113/><V97/><F112/><W30/><G114/><T21/><D130/><U125/><E125/><V115/><F115/><W73/><G118/><T60/><D14/><U17/><E131/><V13/><F116/><W104/><G104/><T3/><D3/><U52/><E17/><V74/><F111/><W135/><G135/><T84/><D84/><U119/><E91/><V96/><F13/><W1/><G73/><T107/><D107/><U80/><E80/><V88/><F55/><W8/><G67/><T22/><D22/><U27/><E119/><V47/><F47/><W92/><G23/><T2/><D2/><U39/><E133/><N who="2" m="51307" /><F46/><W44/><G44/><T48/><D37/><U58/><E0/><V15/><F15/><W29/><REACH who="3" step="1"/><G98/><REACH who="3" ten="284,167,175,364" step="2"/><T9/><D9/><U51/><E106/><V66/><F66/><W103/><G103/><T101/><D64/><U108/><E100/><N who="2" m="62599" /><F38/><W16/><G16/><T35/><D35/><U89/><E34/><V50/><F50/><W24/><G24/><T10/><D10/><U69/><E39/><V79/><F74/><W123/><G123/><T128/><D128/><U78/><E51/><V129/><F129/><W102/><G102/><T40/><D60/><U32/><E62/><V11/><F11/><W81/><G81/><T72/><D72/><U75/><E75/><V6/><F6/><W59/><G59/><T127/><D127/><U109/><E4/><V41/><F82/><RYUUKYOKU ba="2,1" sc="284,15,167,-15,175,-15,364,15" hai0="18,19,20,21,25,26,40,45,48,53,95,99,101" hai3="1,7,8,28,29,30,63,65,68,83,86,92,93" /><INIT seed="3,3,1,0,3,131" ten="299,152,160,379" oya="3" hai0="57,12,1,66,116,6,34,87,104,129,59,55,126" hai1="21,108,134,25,50,42,32,30,64,47,100,132,36" hai2="80,35,105,103,111,31,125,4,118,70,29,73,26" hai3="48,114,27,61,112,49,113,93,28,3,135,13,110"/><W38/><G38/><T82/><D116/><U117/><E117/><V84/><F118/><W94/><G3/><T44/><D129/><U43/><E108/><V86/><F111/><W74/><G110/><T71/><D1/><U69/><E21/><V77/><F125/><W76/><G61/><T99/><D34/><U53/><E100/><V91/><F70/><W2/><G2/><T127/><D71/><U92/><E92/><V90/><F4/><W122/><G122/><T79/><D66/><U89/><E89/><V10/><F10/><W17/><G76/><T58/><D12/><U78/><E78/><V128/><F128/><W63/><G74/><T11/><D11/><U18/><E18/><V85/><REACH who="2" step="1"/><F29/><REACH who="2" ten="299,152,150,379" step="2"/><W41/><G28/><T60/><D6/><U101/><E101/><V39/><F39/><W121/><G114/><T115/><D115/><U5/><E5/><V96/><AGARI ba="3,2" hai="26,31,35,73,77,80,84,85,86,90,91,96,103,105" machi="96" ten="30,2000,0" yaku="1,1,0,1,53,0" doraHai="131" doraHaiUra="56" who="2" fromWho="2" sc="299,-8,152,-8,150,49,379,-13" /><INIT seed="4,0,0,4,1,58" ten="291,144,199,366" oya="0" hai0="106,135,63,53,80,23,24,28,62,3,128,122,60" hai1="82,78,2,48,44,5,27,16,22,86,132,4,20" hai2="36,32,124,104,72,85,127,93,96,21,89,68,51" hai3="11,69,91,26,14,107,102,134,52,105,13,115,119"/><T76/><D122/><U133/><E2/><V70/><F32/><W7/><G119/><T6/><D135/><U31/><E133/><V114/><F36/><W75/><G75/><T65/><D128/><U67/><E67/><V37/><F37/><W33/><G69/><T109/><D106/><U38/><E38/><V45/><F72/><W59/><G134/><T56/><D109/><U40/><REACH who="1" step="1"/><E132/><REACH who="1" ten="291,134,199,366" step="2"/><V34/><F127/><W9/><G107/><T74/><REACH who="0" step="1"/><D65/><REACH who="0" ten="281,134,199,366" step="2"/><U79/><E79/><V47/><F104/><W84/><G105/><T12/><D12/><AGARI ba="0,2" hai="4,5,12,16,20,22,27,31,40,44,48,78,82,86" machi="12" ten="30,8000,1" yaku="1,1,7,1,8,1,54,1,53,1" doraHai="58" doraHaiUra="8" who="1" fromWho="0" sc="281,-80,134,100,199,0,366,0" /><INIT seed="5,0,0,2,2,86" ten="201,234,199,366" oya="1" hai0="106,45,11,74,17,28,88,46,40,50,10,32,72" hai1="115,19,101,120,132,69,94,39,18,85,81,42,64" hai2="89,104,48,37,96,129,76,16,133,6,33,30,97" hai3="109,121,22,53,105,23,20,68,29,100,56,14,27"/><U31/><E120/><V34/><F37/><W83/><G109/><T80/><D106/><U62/><E115/><V73/><F129/><W113/><G68/><T91/><D32/><U36/><E132/><V60/><F133/><W43/><G113/><T51/><D28/><U126/><E126/><V44/><F6/><W117/><G121/><T95/><D80/><U57/><E69/><V124/><F124/><W47/><G14/><T4/><D17/><U9/><E42/><V135/><F135/><W13/><G13/><T90/><D95/><U110/><E110/><V112/><F112/><W82/><G100/><T93/><D93/><U49/><E49/><V41/><F60/><W125/><G105/><T2/><REACH who="0" step="1"/><D11/><REACH who="0" ten="191,234,199,366" step="2"/><U0/><E31/><V58/><F30/><W122/><G83/><T103/><D103/><U15/><E19/><V26/><F34/><W12/><G82/><T67/><D67/><U35/><E35/><V87/><F104/><W111/><G29/><T108/><D108/><U131/><E101/><V25/><F33/><W54/><G111/><T118/><D118/><U99/><E94/><N who="2" m="54591" /><F16/><W52/><G125/><T8/><D8/><U24/><E18/><V65/><F26/><W5/><G27/><T61/><D61/><U38/><E62/><N who="2" m="38103" /><F25/><W66/><G117/><T59/><D59/><U71/><E24/><V79/><F73/><W1/><G56/><T107/><D107/><U127/><E127/><V21/><F21/><W130/><G23/><T128/><D128/><U114/><E131/><V119/><F119/><W63/><G130/><T55/><AGARI ba="0,1" hai="2,4,10,40,45,46,50,51,55,72,74,88,90,91" machi="55" ten="30,12000,2" yaku="1,1,5,1,0,1,52,3,54,1,53,0" doraHai="86" doraHaiUra="92" who="0" fromWho="0" sc="191,130,234,-60,199,-30,366,-30" /><INIT seed="6,0,0,5,3,113" ten="321,174,169,336" oya="2" hai0="118,92,106,94,44,67,101,17,21,104,58,95,25" hai1="13,69,30,46,72,10,105,6,124,41,80,82,76" hai2="114,53,18,97,4,87,107,12,115,60,77,31,128" hai3="131,65,43,50,22,108,16,135,121,36,102,37,26"/><V8/><F128/><W57/><G108/><T93/><D44/><U133/><E105/><V112/><F31/><W117/><G117/><T62/><REACH who="0" step="1"/><D118/><REACH who="0" ten="311,174,169,336" step="2"/><U20/><E46/><V33/><F115/><W132/><G131/><T45/><D45/><U68/><E41/><V96/><F114/><W47/><G121/><T125/><D125/><U23/><E124/><V61/><F112/><W90/><G102/><T78/><D78/><U116/><E116/><V40/><F77/><W29/><G90/><T14/><D14/><U35/><E76/><V85/><F40/><W109/><G109/><T127/><D127/><U84/><E13/><V130/><F130/><W59/><G29/><T51/><D51/><U103/><E103/><V129/><F129/><W98/><G98/><AGARI ba="0,1" hai="17,21,25,58,62,67,92,93,94,95,98,101,104,106" machi="98" ten="40,1300,0" yaku="1,1,53,0" doraHai="113" doraHaiUra="2" who="0" fromWho="3" sc="311,23,174,0,169,0,336,-13" /><INIT seed="7,0,0,5,5,106" ten="334,174,169,323" oya="3" hai0="3,103,25,8,107,7,102,49,72,34,28,68,110" hai1="33,54,64,76,55,1,82,14,12,93,35,121,74" hai2="135,24,111,131,36,17,118,52,43,108,90,69,95" hai3="125,73,44,57,115,78,75,38,31,18,128,99,116"/><W85/><G116/><T132/><D110/><U26/><E121/><V37/><F118/><W105/><G31/><T71/><D132/><U83/><E1/><V63/><F135/><W87/><G57/><T88/><D72/><N who="3" m="27721" /><G78/><T48/><D88/><U13/><E64/><V127/><F131/><W94/><G105/><T70/><D107/><U30/><E35/><V67/><F127/><W86/><G18/><T119/><REACH who="0" step="1"/><D119/><REACH who="0" ten="324,174,169,323" step="2"/><U130/><E74/><V47/><F37/><W123/><G123/><T66/><D66/><U59/><E130/><V60/><F60/><W129/><G38/><T97/><D97/><U58/><E76/><V96/><REACH who="2" step="1"/><F52/><REACH who="2" ten="324,174,159,323" step="2"/><W10/><G125/><T20/><D20/><AGARI ba="0,2" hai="17,20,24,36,43,47,63,67,69,90,95,96,108,111" machi="20" ten="40,5200,0" yaku="1,1,2,1,53,1" doraHai="106" doraHaiUra="41" who="2" fromWho="0" sc="324,-52,174,0,159,72,323,0" owari="272,7.0,174,-33.0,231,-17.0,323,43.0" /></mjloggm>