<mjloggm ver="2.3"><GO type="169" lobby="0"/><UN n0="%E3%82%AA%E3%83%AC%E3%83%B3%E3%82%B8%E5%A4%AA%E9%83%8E" n1="%6C%65%6F%31%36%30" n2="%E3%83%AB%E3%82%A2%E3%82%B4%E3%82%A4%E3%83%95" n3="%74%2E%6F%2E%6F%2E%73" dan="16,17,16,18" rate="2018.97,2184.51,2150.63,2262.28" sx="M,M,M,M"/><TAIKYOKU oya="0"/><INIT seed="0,0,0,3,5,124" ten="250,250,250,250" oya="0" hai0="118,112,74,45,71,66,68,133,62,49,36,8,97" hai1="104,10,25,127,27,37,128,11,2,29,41,117,121" hai2="42,99,48,65,115,56,19,102,44,20,129,120,22" hai3="122,63,94,21,85,14,108,47,12,91,16,0,60"/><T100/><D112/><U39/><E117/><V72/><F115/><W114/><G108/><T3/><D118/><U87/><E121/><V9/><F120/><W28/><G122/><T119/><D119/><U70/><E70/><V110/><F110/><W33/><G114/><T88/><D74/><U46/><E104/><V73/><F9/><W96/><G0/><T24/><D36/><U64/><E127/><V51/><F22/><W34/><G12/><T92/><D133/><U7/><E64/><V84/><F84/><W30/><G47/><T123/><D123/><U132/><E132/><V86/><F86/><W59/><G34/><T89/><D68/><U17/><E37/><V83/><F83/><W13/><G13/><T93/><D24/><U101/><E101/><V57/><F57/><W113/><G113/><T76/><D76/><U31/><E11/><V75/><F65/><W55/><G33/><T105/><D105/><U82/><E128/><V35/><F35/><W125/><G125/><T107/><D107/><U116/><E116/><V98/><F129/><W131/><G131/><T26/><D26/><U135/><E135/><V52/><REACH who="2" step="1"/><F102/><REACH who="2" ten="250,250,240,250" step="2"/><W54/><G85/><T6/><D100/><U69/><E69/><V111/><F111/><W5/><G5/><T53/><D97/><U4/><E4/><V80/><F80/><W130/><G130/><T50/><D49/><U77/><E25/><AGARI ba="0,1" hai="19,20,25,42,44,48,51,52,56,72,73,75,98,99" machi="25" ten="40,2600,0" yaku="1,1,54,1,53,0" doraHai="124" doraHaiUra="67" who="2" fromWho="1" sc="250,0,250,-26,240,36,250,0" /><INIT seed="1,0,0,3,2,2" ten="250,224,276,250" oya="1" hai0="99,54,68,37,98,67,48,104,26,115,90,63,74" hai1="3,119,111,55,65,22,46,113,7,96,73,130,116" hai2="34,80,41,61,40,129,23,0,1,32,27,117,42" hai3="50,105,120,106,100,107,103,66,39,18,4,56,123"/><U114/><E73/><V29/><F117/><N who="1" m="45129" /><E96/><V91/><F129/><W101/><G39/><T44/><D74/><U53/><E65/><V86/><REACH who="2" step="1"/><F61/><REACH who="2" ten="250,224,266,250" step="2"/><W58/><G120/><T64/><D63/><U97/><E130/><V109/><F109/><W83/><G123/><T16/><D67/><U94/><E111/><V92/><F92/><W17/><G66/><T59/><D64/><U35/><E94/><V135/><F135/><W9/><G83/><T51/><D68/><U24/><E114/><V84/><F84/><W132/><G132/><T21/><D115/><U108/><E113/><V49/><F49/><W71/><G71/><T12/><D37/><U6/><E108/><V76/><F76/><W85/><G85/><T36/><D36/><U47/><E97/><V62/><F62/><W10/><G50/><T82/><D98/><U133/><E133/><V134/><F134/><W28/><G107/><T30/><D99/><U121/><E121/><V33/><AGARI ba="0,1" hai="0,1,23,27,29,32,33,34,40,41,42,80,86,91" machi="33" ten="40,2700,0" yaku="1,1,0,1,53,0" doraHai="2" doraHaiUra="118" who="2" fromWho="2" sc="250,-7,224,-13,266,37,250,-7" /><INIT seed="2,0,0,4,5,98" ten="243,211,303,243" oya="2" hai0="57,34,64,48,95,53,71,1,7,15,21,77,112" hai1="85,49,39,80,2,56,105,38,93,118,0,69,59" hai2="134,86,26,68,23,58,116,42,99,117,5,84,44" hai3="81,60,70,46,102,76,96,17,19,129,32,115,6"/><V62/><F134/><W43/><G129/><T126/><D34/><U30/><E105/><V101/><F68/><W89/><G115/><T61/><D112/><U74/><E118/><V14/><F116/><W36/><G89/><T103/><D77/><U20/><E69/><V97/><F117/><W12/><G32/><T130/><D1/><U54/><E74/><V132/><F132/><W22/><G6/><T111/><D111/><U135/><E135/><V72/><F97/><W94/><G70/><T40/><D7/><U79/><E0/><V108/><F72/><W35/><G35/><T133/><D15/><U50/><E2/><V114/><F114/><W27/><G60/><T65/><D21/><U66/><E93/><V119/><F119/><W73/><REACH who="3" step="1"/><G12/><REACH who="3" ten="243,211,303,233" step="2"/><T33/><D61/><U87/><E79/><V63/><F63/><W100/><G100/><T88/><D103/><U125/><E39/><V121/><F14/><W92/><G92/><T122/><D95/><U24/><E38/><V10/><F5/><W107/><G107/><T11/><D133/><U123/><E123/><V37/><F121/><W29/><AGARI ba="0,1" hai="17,19,22,27,29,36,43,46,73,76,81,94,96,102" machi="29" ten="20,5200,0" yaku="1,1,0,1,7,1,52,1,53,0" doraHai="98" doraHaiUra="128" who="3" fromWho="3" sc="243,-13,211,-13,303,-26,233,62" /><INIT seed="3,0,0,1,4,90" ten="230,198,277,295" oya="3" hai0="101,109,96,76,71,102,21,13,64,0,72,87,112" hai1="28,60,37,24,77,122,38,116,88,132,91,14,93" hai2="34,128,6,12,98,18,86,5,133,100,114,31,22" hai3="44,92,9,17,81,40,62,58,36,79,59,41,95"/><W29/><G29/><T48/><D0/><U1/><E122/><V47/><F114/><W63/><G40/><T82/><D109/><U130/><E1/><V123/><F123/><W7/><G17/><T19/><D71/><U61/><E130/><V2/><F128/><W106/><G106/><T134/><D64/><U53/><E132/><V103/><F133/><W119/><G119/><T20/><D102/><U121/><E121/><V129/><F129/><W57/><G62/><T75/><D134/><U80/><E14/><V56/><F56/><W89/><G89/><T51/><D112/><U74/><E91/><V52/><F86/><W4/><G63/><T117/><D117/><U115/><E115/><V45/><F45/><W97/><G97/><T39/><D39/><U8/><E8/><V32/><F100/><W33/><G33/><T67/><D67/><U131/><E61/><V23/><F34/><W127/><G127/><T70/><D70/><U50/><E60/><V105/><F2/><N who="3" m="151" /><G7/><T73/><REACH who="0" step="1"/><D20/><REACH who="0" ten="220,198,277,295" step="2"/><U42/><E116/><V43/><F23/><W35/><G35/><T54/><D54/><U15/><E131/><V11/><F52/><W26/><G26/><T113/><D113/><U30/><E42/><V104/><F32/><W124/><G124/><T10/><D10/><U65/><E65/><V110/><F11/><W25/><G25/><T49/><D49/><U84/><E24/><V107/><F22/><W118/><G118/><T46/><D46/><N who="1" m="27863" /><E15/><V83/><F12/><W111/><G111/><T125/><D125/><U85/><E74/><AGARI ba="0,1" hai="36,41,44,57,58,59,74,79,81,92,95" m="151" machi="74" ten="30,5800,0" yaku="25,1,52,2" doraHai="90" who="3" fromWho="1" sc="220,0,198,-58,277,0,295,68" /><INIT seed="3,1,0,4,0,131" ten="220,140,277,363" oya="3" hai0="8,45,74,72,105,12,25,11,116,97,79,23,22" hai1="44,64,102,39,61,13,70,109,73,121,99,37,0" hai2="132,85,124,7,83,33,126,128,47,63,52,62,127" hai3="75,66,18,129,110,80,92,20,48,101,19,6,114"/><W76/><G114/><T9/><D116/><U14/><E121/><V98/><F33/><W89/><G129/><T91/><D79/><U10/><E109/><V108/><F128/><W81/><G6/><T69/><D69/><U58/><E73/><V53/><F108/><W41/><G110/><T4/><D45/><U32/><E32/><V51/><F7/><W86/><G66/><T56/><D4/><U36/><E0/><V15/><F15/><W120/><G120/><T78/><D78/><U87/><E44/><V67/><F98/><W130/><G130/><T2/><D2/><U113/><E113/><V1/><F1/><W84/><G41/><T123/><D12/><U65/><E10/><V24/><F24/><W96/><G48/><T27/><D56/><U119/><E119/><V118/><F85/><W134/><G20/><N who="0" m="7723" /><D91/><U88/><E64/><V54/><F83/><W82/><G19/><T135/><D97/><U31/><E31/><V103/><F103/><W57/><G57/><T93/><D105/><U17/><E70/><N who="2" m="42367" /><F118/><W133/><G18/><T125/><D93/><U111/><E111/><V42/><F62/><W16/><G16/><T3/><D74/><U38/><N who="1" m="9216" /><DORA hai="5" /><U122/><E122/><V106/><F106/><W107/><G84/><T59/><D72/><U50/><E17/><V100/><F100/><W77/><G77/><T28/><D123/><U112/><E112/><V117/><F117/><W49/><G49/><T104/><D3/><U30/><E30/><V71/><F71/><W90/><G90/><T95/><D28/><U26/><E88/><RYUUKYOKU ba="1,0" sc="220,-15,140,-15,277,15,363,15" hai2="42,47,51,52,53,54,124,126,127,132" hai3="75,76,80,81,82,86,89,92,96,101,107,133,134" /><INIT seed="3,2,0,2,1,20" ten="205,125,292,378" oya="3" hai0="80,54,91,74,82,19,44,0,35,15,132,93,3" hai1="57,102,21,64,105,39,24,45,13,83,97,110,126" hai2="28,62,43,120,125,112,66,31,124,71,90,17,40" hai3="133,86,69,114,118,75,6,111,106,89,76,94,107"/><W56/><G114/><T104/><D104/><U79/><E110/><V81/><F112/><W135/><G69/><T72/><D35/><U88/><E126/><N who="2" m="48747" /><F120/><W38/><G38/><T85/><D132/><N who="3" m="50761" /><G6/><T51/><D72/><U98/><E13/><V108/><F108/><W84/><G56/><T55/><D55/><U34/><E34/><V95/><F81/><N who="3" m="45215" /><G111/><T46/><D46/><U25/><E57/><V1/><F17/><W37/><G37/><T119/><D119/><U77/><E64/><V101/><F101/><W4/><G4/><T26/><D0/><U65/><E65/><V7/><F1/><W115/><G115/><T121/><D121/><U59/><E59/><V67/><F7/><W41/><G41/><N who="2" m="15945" /><F67/><W103/><G118/><T29/><D3/><U27/><E39/><V78/><F78/><W73/><G73/><T116/><D74/><U11/><E11/><V127/><N who="2" m="48755" /><V122/><DORA hai="49" /><F122/><W61/><G61/><T68/><D116/><U129/><E79/><V8/><F8/><W70/><G70/><T60/><D68/><U30/><E77/><V96/><AGARI ba="2,0" hai="28,31,62,66,71,90,95,96" m="15945,48755" machi="96" ten="40,1500,0" yaku="18,1" doraHai="20,49" who="2" fromWho="2" sc="205,-6,125,-6,292,21,378,-9" /><INIT seed="4,0,0,1,4,102" ten="199,119,313,369" oya="0" hai0="37,90,46,26,80,133,4,86,10,20,15,101,110" hai1="76,27,107,3,117,135,103,120,82,97,130,25,70" hai2="88,55,105,81,94,116,22,66,29,53,16,68,38" hai3="7,106,72,115,13,100,0,108,124,109,43,75,49"/><T17/><D133/><U87/><E117/><V39/><F116/><W1/><G13/><T69/><D110/><U118/><E118/><V14/><F105/><W119/><G119/><T91/><D69/><U79/><E120/><V95/><F29/><W67/><G67/><T8/><D101/><U57/><E130/><V85/><F68/><W128/><G49/><T73/><D73/><U21/><E135/><V45/><F66/><W9/><G43/><T34/><D8/><U125/><E125/><V54/><REACH who="2" step="1"/><F45/><REACH who="2" ten="199,119,303,369" step="2"/><W93/><G106/><T12/><D34/><U104/><E70/><V51/><F51/><W2/><G108/><T32/><D32/><U111/><E111/><V58/><F58/><W132/><G109/><T89/><D46/><U129/><E129/><V112/><F112/><W59/><G115/><T114/><D114/><U83/><E57/><V36/><AGARI ba="0,1" hai="14,16,22,36,38,39,53,54,55,81,85,88,94,95" machi="36" ten="40,8000,1" yaku="1,1,0,1,54,2,53,0" doraHai="102" doraHaiUra="42" who="2" fromWho="2" sc="199,-40,119,-20,303,90,369,-20" /><INIT seed="5,0,0,1,5,54" ten="159,99,393,349" oya="1" hai0="11,129,110,80,118,56,85,86,134,20,50,33,68" hai1="125,9,71,122,132,12,23,96,3,45,120,32,73" hai2="10,6,31,101,107,74,133,94,1,115,19,8,22" hai3="105,123,2,112,38,28,25,119,51,42,24,70,82"/><U95/><E32/><V26/><F107/><W109/><G51/><T98/><D68/><U15/><E132/><V116/><F74/><W44/><G82/><T4/><D33/><U36/><E125/><V43/><F116/><W29/><G105/><T48/><D110/><U47/><E71/><V27/><F133/><W84/><G123/><T40/><D134/><U121/><E73/><V67/><F43/><W114/><G109/><T79/><D129/><U49/><E36/><V16/><F67/><W104/><G104/><T21/><D98/><U59/><E3/><V18/><F94/><W103/><G103/><T128/><D86/><U108/><E108/><V53/><F53/><W91/><G70/><T76/><D76/><U87/><E87/><V81/><F101/><W124/><G2/><T13/><D128/><U111/><E111/><V30/><F81/><N who="3" m="49551" /><G124/><T61/><D118/><U14/><E9/><N who="2" m="2255" /><F115/><N who="3" m="44075" /><G119/><T5/><D5/><U34/><E34/><AGARI ba="0,0" hai="8,10,16,18,19,22,26,27,30,31,34" m="2255" machi="34" ten="30,12000,2" yaku="35,5,54,1" doraHai="54" who="2" fromWho="1" sc="159,0,99,-120,393,120,349,0" owari="159,-24.0,-21,-52.0,513,61.0,349,15.0" /></mjloggm>