<mjloggm ver="2.3"><GO type="169" lobby="0"/><UN n0="%E6%B2%B3%E5%B6%8B%4B%4B" n1="%E3%83%9E%E3%83%A1%E3%83%9D%E3%82%B3" n2="%E5%A4%A7%E8%94%B5%E9%81%8A%E6%98%9F" n3="%E3%83%8A%E3%82%B4%E3%83%A0" dan="17,16,16,16" rate="2190.50,2118.90,2125.94,2163.03" sx="M,M,F,M"/><TAIKYOKU oya="0"/><INIT seed="0,0,0,5,0,95" ten="250,250,250,250" oya="0" hai0="133,43,66,72,97,42,11,9,15,110,67,112,34" hai1="79,28,61,40,129,25,81,122,13,39,0,60,78" hai2="17,84,49,54,65,27,23,47,114,87,55,108,73" hai3="30,59,22,37,128,57,131,126,2,5,21,12,20"/><T4/><D112/><U102/><E0/><V82/><F114/><W103/><G37/><T109/><D72/><U63/><E122/><V26/><F108/><N who="0" m="41578" /><D34/><U31/><E31/><V36/><F36/><W52/><G59/><T121/><D121/><U86/><E129/><V105/><F105/><W33/><G126/><T90/><D133/><U24/><E24/><V75/><F65/><N who="0" m="24586" /><D11/><U58/><E13/><V89/><F27/><W56/><G56/><T117/><D117/><U115/><E115/><V29/><F29/><W124/><G124/><T106/><D90/><U92/><E79/><V16/><F17/><W38/><G33/><T51/><D51/><U116/><E116/><V91/><REACH who="2" step="1"/><F55/><REACH who="2" ten="250,250,240,250" step="2"/><W132/><G38/><T46/><D46/><U53/><E39/><V104/><F104/><W111/><G111/><T120/><D120/><U18/><E18/><V119/><F119/><W10/><G132/><T44/><D44/><U50/><E40/><V14/><F14/><W130/><G30/><T88/><D106/><U80/><E25/><V74/><F74/><W127/><G127/><T85/><D97/><N who="1" m="59687" /><E28/><V113/><F113/><W32/><G32/><T62/><D62/><U8/><E63/><V101/><F101/><W71/><G103/><T76/><D43/><U94/><E61/><V64/><F64/><W125/><G125/><T83/><D42/><U45/><E60/><V77/><F77/><W41/><G41/><T6/><D76/><U48/><E78/><V123/><F123/><W96/><G131/><T1/><D1/><U68/><E53/><V134/><F134/><RYUUKYOKU ba="0,1" sc="250,15,250,-15,240,15,250,-15" hai0="4,6,9,15,83,85,88" hai2="16,23,26,47,49,54,73,75,82,84,87,89,91" /><INIT seed="0,1,1,0,1,122" ten="265,235,255,235" oya="0" hai0="31,123,68,127,124,107,10,110,64,105,66,125,92" hai1="95,71,45,21,18,120,89,72,132,9,109,39,83" hai2="104,94,99,106,57,58,119,5,85,93,74,134,3" hai3="126,19,113,7,108,38,48,16,103,63,0,69,73"/><T100/><D123/><U8/><E71/><V70/><F70/><W90/><G38/><T116/><D116/><U20/><E120/><V62/><F74/><W131/><G113/><T44/><D31/><U112/><E112/><V84/><F119/><W14/><G73/><T17/><D44/><U12/><E132/><V15/><F3/><W117/><G117/><T111/><D92/><U37/><E109/><N who="0" m="41481" /><D100/><U130/><E130/><V133/><F15/><W118/><G103/><T61/><D66/><U42/><E39/><V29/><F5/><W75/><G131/><T86/><D86/><U32/><E32/><V46/><F46/><W2/><G75/><T23/><D10/><U40/><E40/><V98/><F62/><W30/><G30/><AGARI ba="1,1" hai="29,30,57,58,84,85,93,94,98,99,104,106,133,134" machi="30" ten="25,1600,0" yaku="22,2" doraHai="122" who="2" fromWho="3" sc="265,0,235,0,255,29,235,-19" /><INIT seed="1,0,0,3,5,28" ten="265,235,284,216" oya="1" hai0="26,48,4,67,5,41,83,74,108,98,44,78,7" hai1="37,79,45,47,42,90,115,70,127,77,51,8,50" hai2="9,118,112,105,110,131,43,86,116,32,1,39,25" hai3="64,99,121,109,30,85,56,11,27,36,72,113,21"/><U17/><E70/><V94/><F86/><W24/><G72/><T124/><D108/><U59/><E115/><V114/><F94/><W103/><G109/><T73/><D124/><U55/><E127/><V34/><F43/><W88/><G36/><T68/><D73/><U13/><REACH who="1" step="1"/><E90/><REACH who="1" ten="265,225,284,216" step="2"/><V14/><F114/><W84/><G113/><T66/><D68/><U107/><E107/><V57/><F105/><W6/><G121/><T111/><D111/><U62/><E62/><V40/><F110/><W15/><G88/><T54/><D98/><U49/><E49/><V10/><F112/><W129/><G129/><T3/><D3/><U71/><E71/><V123/><F131/><W61/><REACH who="3" step="1"/><G27/><REACH who="3" ten="265,225,284,206" step="2"/><T130/><D130/><U134/><E134/><V46/><F25/><W117/><G117/><T120/><D120/><U20/><E20/><V126/><F123/><W58/><G58/><T100/><D26/><U92/><E92/><AGARI ba="0,2" hai="6,11,15,21,24,30,56,61,64,84,85,92,99,103" machi="92" ten="30,12000,2" yaku="1,1,7,1,25,2,8,1,53,2" doraHai="28" doraHaiUra="81" who="3" fromWho="1" sc="265,0,225,-120,284,0,206,140" /><INIT seed="2,0,0,5,2,88" ten="265,105,284,346" oya="2" hai0="105,97,82,56,116,115,98,124,21,91,14,37,63" hai1="135,27,69,36,38,111,4,131,94,87,104,20,79" hai2="28,133,49,83,134,92,50,59,120,84,121,114,99" hai3="40,48,125,127,31,80,109,2,71,53,11,23,110"/><V0/><F0/><W119/><G119/><T33/><D33/><U5/><E69/><V93/><F114/><W54/><G80/><T126/><D37/><U62/><E104/><V61/><F28/><W12/><G2/><T58/><D116/><U13/><E111/><N who="3" m="42506" /><G71/><T129/><D115/><U47/><E135/><N who="2" m="51723" /><F99/><W106/><G106/><T16/><D129/><U102/><E131/><V123/><F50/><W55/><G23/><T1/><D1/><U118/><E118/><V9/><F49/><W65/><G31/><T29/><D29/><U25/><E62/><V75/><F9/><W41/><G65/><T74/><D56/><U39/><E47/><V60/><F75/><W30/><G30/><T81/><D74/><U113/><E113/><V96/><F96/><W67/><G67/><T24/><D97/><U17/><E102/><V64/><F60/><W46/><G41/><T26/><D105/><U130/><E130/><V66/><F66/><W35/><G35/><T3/><D3/><U15/><E79/><AGARI ba="0,0" hai="59,61,64,79,83,84,92,93,120,121,123" m="51723" machi="79" ten="40,7700,0" yaku="20,1,52,2" doraHai="88" who="2" fromWho="1" sc="265,0,105,-77,284,77,346,0" /><INIT seed="2,1,0,3,5,22" ten="265,28,361,346" oya="2" hai0="53,1,81,54,10,117,93,43,76,111,52,0,33" hai1="5,32,99,21,26,3,132,88,90,7,95,121,65" hai2="44,41,36,14,77,122,130,74,97,75,59,55,11" hai3="109,119,72,4,6,29,31,49,101,100,85,18,69"/><V115/><F115/><W102/><G72/><T38/><D111/><U80/><E32/><V40/><F40/><W129/><G109/><T34/><D117/><U110/><E110/><V28/><F130/><W20/><G119/><T56/><D56/><U13/><E3/><V70/><F70/><W71/><G129/><T51/><D51/><U113/><E113/><V60/><F122/><W120/><G120/><T17/><D93/><U67/><E132/><V8/><F8/><W57/><G85/><T25/><D17/><N who="1" m="12591" /><E121/><V2/><F2/><W64/><G71/><T9/><D0/><U106/><E106/><V131/><F131/><W114/><G69/><T96/><D96/><U27/><E27/><V47/><F77/><W62/><G49/><T104/><D104/><U107/><E107/><V133/><F133/><W73/><G73/><T50/><D50/><U86/><E13/><V46/><F75/><W19/><G19/><T108/><D108/><U91/><E91/><V127/><F74/><W128/><G128/><T15/><D15/><U124/><E124/><V92/><F127/><W23/><G23/><T89/><D89/><U24/><E24/><V48/><F36/><W35/><G35/><N who="0" m="13323" /><D25/><U118/><E118/><V39/><F39/><W79/><G79/><T87/><D1/><U16/><E16/><N who="2" m="8287" /><F28/><N who="3" m="10827" /><G114/><T63/><D63/><U112/><E112/><V103/><AGARI ba="1,0" hai="41,44,46,47,48,55,59,60,92,97,103" m="8287" machi="103" ten="30,3000,0" yaku="8,1,54,1" doraHai="22" who="2" fromWho="2" sc="265,-11,28,-11,361,33,346,-11" /><INIT seed="2,2,0,0,1,127" ten="254,17,394,335" oya="2" hai0="54,30,16,33,117,0,35,132,68,48,111,39,11" hai1="108,5,105,123,126,31,130,17,102,69,60,124,22" hai2="37,57,94,129,64,85,8,83,72,110,87,56,90" hai3="78,47,133,121,62,115,65,4,118,76,42,45,71"/><V46/><F110/><W81/><G118/><T93/><D39/><U82/><E108/><V32/><F32/><W9/><G133/><T86/><D111/><U66/><E123/><V97/><F72/><W58/><G121/><T36/><D36/><U131/><E5/><V63/><F87/><W134/><G134/><T92/><D68/><U67/><E67/><V88/><F129/><N who="1" m="49161" /><E31/><V20/><F8/><W50/><G115/><T15/><D117/><U27/><E82/><V51/><F37/><W12/><G47/><T80/><D0/><U55/><E55/><V13/><F57/><W53/><G81/><T107/><D107/><U2/><E2/><V3/><F3/><W128/><G128/><T135/><D135/><U23/><E23/><V106/><F106/><W79/><REACH who="3" step="1"/><G71/><REACH who="3" ten="254,17,394,325" step="2"/><T112/><D112/><U10/><E10/><V101/><F20/><W75/><G75/><T38/><D132/><U6/><E6/><V1/><F1/><W21/><G21/><T19/><D38/><U91/><E91/><N who="2" m="51647" /><F13/><W109/><G109/><T73/><D73/><U25/><E25/><V41/><AGARI ba="2,1" hai="41,46,51,56,63,64,88,90,94,97,101" m="51647" machi="41" ten="30,3000,0" yaku="8,1,54,1" doraHai="127" who="2" fromWho="2" sc="254,-12,17,-12,394,46,325,-12" /><INIT seed="2,3,0,1,2,55" ten="242,5,440,313" oya="2" hai0="61,4,128,49,105,133,78,56,135,106,104,21,72" hai1="89,96,53,33,59,99,2,86,114,84,42,9,47" hai2="91,101,119,29,35,82,60,127,51,85,10,11,94" hai3="8,27,15,50,76,117,90,62,110,120,88,7,44"/><V92/><F119/><W13/><G110/><T124/><D4/><U37/><E33/><V97/><F127/><W108/><G108/><T122/><D21/><U131/><E114/><V32/><F32/><W34/><G117/><T57/><D122/><U95/><E131/><V102/><F35/><W18/><G120/><T46/><D61/><U107/><E107/><N who="0" m="27393" /><T98/><DORA hai="132" /><D98/><U48/><E84/><V130/><F130/><W14/><G76/><T31/><D31/><U69/><E69/><V30/><F51/><W23/><G62/><T45/><D128/><U87/><E87/><V38/><F38/><W65/><G65/><T43/><D124/><U126/><E126/><V5/><F60/><W41/><REACH who="3" step="1"/><G34/><REACH who="3" ten="242,5,440,303" step="2"/><T17/><D78/><U16/><E2/><AGARI ba="3,1" hai="2,7,8,13,14,15,18,23,27,41,44,50,88,90" machi="2" ten="40,5200,0" yaku="1,1,2,1,54,1,53,0" doraHai="55,132" doraHaiUra="54,81" who="3" fromWho="1" sc="242,0,5,-61,440,0,303,71" owari="242,-16.0,-56,-56.0,440,55.0,374,17.0" /></mjloggm>