<mjloggm ver="2.3"><GO type="169" lobby="0"/><UN n0="%6A%61%63%6F%62%69%33%35" n1="%E3%81%8B%E3%81%93%E3%81%A8%E3%82%93" n2="%E9%B7%BA%E5%AE%AE%E6%85%A7%E5%A4%AA" n3="%48%49%59%4F%4D%59" dan="17,17,17,16" rate="2190.23,2115.43,2137.93,2069.35" sx="M,M,M,F"/><TAIKYOKU oya="0"/><INIT seed="0,0,0,0,0,81" ten="250,250,250,250" oya="0" hai0="10,112,4,109,62,123,42,15,19,78,2,92,75" hai1="26,57,126,68,71,120,113,91,90,11,47,24,99" hai2="84,51,72,108,1,44,18,122,45,116,93,23,60" hai3="53,55,29,32,85,52,124,83,127,115,7,98,97"/><T61/><D112/><U66/><E126/><N who="3" m="48170" /><G115/><T5/><D123/><U104/><E120/><V33/><F122/><W110/><G110/><T36/><D109/><U34/><E113/><V43/><F108/><W3/><G3/><T82/><D92/><U58/><E11/><V80/><F33/><W38/><G7/><T40/><D5/><U67/><E47/><V131/><F1/><W63/><G38/><T118/><D118/><U73/><E34/><V17/><F131/><W128/><G128/><T64/><D36/><U117/><E99/><N who="3" m="37898" /><G29/><T77/><D77/><U134/><E117/><V100/><F72/><W22/><G22/><T35/><D35/><U130/><E130/><V88/><F116/><W48/><G63/><T50/><D50/><U106/><REACH who="1" step="1"/><E73/><REACH who="1" ten="250,240,250,250" step="2"/><V12/><F45/><N who="3" m="27663" /><G32/><T79/><D75/><U41/><E41/><V87/><F100/><W101/><G101/><T135/><D42/><U86/><E86/><V94/><F87/><W89/><AGARI ba="0,1" hai="53,55,83,85,89" m="27663,37898,48170" machi="89" ten="30,4000,0" yaku="18,1,52,1,54,1" doraHai="81" who="3" fromWho="3" sc="250,-20,240,-10,250,-10,250,50" /><INIT seed="1,0,0,1,4,96" ten="230,230,240,300" oya="1" hai0="60,71,68,0,55,44,40,88,124,75,74,58,57" hai1="38,120,1,62,37,12,35,43,117,114,13,70,33" hai2="83,121,24,112,9,16,108,47,109,128,50,104,111" hai3="46,98,25,103,32,17,118,65,29,110,73,11,122"/><U123/><E117/><V7/><F121/><W76/><G122/><T64/><D0/><U3/><E62/><V99/><F128/><W56/><G118/><T63/><D74/><U21/><E21/><V51/><F112/><W49/><G73/><T30/><D75/><U72/><E72/><V67/><F67/><W5/><G76/><T106/><D106/><U22/><E22/><N who="2" m="13383" /><F83/><W53/><G17/><T131/><D30/><U14/><E14/><N who="2" m="5439" /><F47/><W129/><G129/><T41/><D131/><U80/><E80/><V107/><F107/><W54/><G65/><T95/><D124/><U31/><E31/><V45/><F45/><W61/><G11/><T132/><D132/><U28/><E28/><V6/><F6/><W69/><G5/><T93/><D93/><U4/><E4/><V39/><F39/><W78/><G78/><T127/><D127/><U52/><E43/><V23/><F23/><W18/><G18/><T113/><D113/><U48/><E70/><V102/><AGARI ba="0,0" hai="50,51,99,102,104,108,109,111" m="5439,13383" machi="102" ten="40,5200,0" yaku="14,1,52,1,54,1" doraHai="96" who="2" fromWho="2" sc="230,-13,230,-26,240,52,300,-13" /><INIT seed="2,0,0,3,2,32" ten="217,204,292,287" oya="2" hai0="18,73,71,30,51,100,20,94,21,13,46,5,1" hai1="9,59,86,65,2,125,106,98,35,109,111,99,23" hai2="93,95,81,102,67,16,132,60,84,121,11,119,63" hai3="116,52,118,70,56,97,54,76,115,58,117,83,4"/><V110/><F119/><W88/><G70/><T103/><D73/><U85/><E35/><V27/><F121/><W128/><G128/><T123/><D71/><U122/><E122/><V42/><F132/><W10/><G115/><T87/><D123/><U113/><E113/><V101/><F110/><W133/><G133/><T40/><D1/><U72/><E72/><V25/><F42/><W126/><G126/><T47/><D5/><U75/><E75/><V41/><F41/><W135/><G135/><T96/><D87/><U8/><E23/><V124/><F124/><W17/><G17/><T89/><REACH who="0" step="1"/><D47/><REACH who="0" ten="207,204,292,287" step="2"/><U7/><E7/><V44/><F44/><W90/><G116/><T77/><D77/><U48/><E125/><V24/><F84/><W64/><G117/><T34/><D34/><U127/><E127/><V6/><F6/><W14/><G118/><T130/><D130/><U31/><E86/><V68/><F68/><W37/><G97/><T61/><D61/><U22/><E85/><V92/><F81/><W104/><G83/><T38/><D38/><U57/><E2/><V107/><F63/><W43/><G76/><T79/><D79/><U29/><E99/><V62/><F62/><W80/><G80/><T120/><D120/><U134/><E98/><V45/><F45/><W15/><G37/><T3/><D3/><U131/><E134/><V66/><F60/><W74/><G74/><T108/><D108/><U82/><E131/><V78/><F78/><W28/><G4/><T53/><D53/><U36/><E82/><V33/><F33/><W91/><G54/><RYUUKYOKU ba="0,1" sc="207,30,204,-10,292,-10,287,-10" hai0="13,18,20,21,30,40,46,51,89,94,96,100,103" /><INIT seed="3,1,1,5,5,30" ten="237,194,282,277" oya="3" hai0="61,84,43,17,21,32,104,115,128,78,83,8,9" hai1="127,123,74,125,52,119,36,114,29,118,76,129,4" hai2="48,12,73,132,135,94,59,47,3,117,6,87,134" hai3="66,92,96,112,89,44,86,69,34,103,67,113,109"/><W13/><G109/><T63/><D128/><U18/><E114/><V105/><F117/><N who="1" m="44553" /><E123/><V14/><F105/><W62/><G67/><T110/><D104/><U49/><E36/><V95/><F73/><W24/><G44/><T2/><D115/><U55/><E129/><V7/><F59/><W27/><G13/><N who="2" m="5225" /><F87/><W40/><G40/><T68/><D110/><U85/><E4/><N who="2" m="1579" /><F3/><W41/><G41/><AGARI ba="1,1" hai="41,47,48,94,95,132,134,135" m="1579,5225" machi="41" ten="40,1300,0" yaku="20,1" doraHai="30" who="2" fromWho="3" sc="237,0,194,0,282,26,277,-16" /><INIT seed="4,0,0,3,3,66" ten="237,194,308,261" oya="0" hai0="16,117,29,88,60,25,26,14,134,91,18,125,86" hai1="37,100,69,133,73,111,33,113,1,62,6,36,135" hai2="23,109,110,67,102,43,30,106,13,114,120,82,81" hai3="53,78,93,59,77,50,52,38,11,119,49,61,19"/><T131/><D117/><U68/><E73/><V7/><F120/><W115/><G38/><N who="1" m="14954" /><E100/><V118/><F118/><W112/><G119/><T9/><D134/><N who="1" m="51211" /><E113/><N who="3" m="43594" /><G93/><T76/><D125/><U58/><E111/><V116/><F116/><W17/><G61/><T34/><D131/><U3/><E33/><V28/><F106/><W128/><G128/><T72/><D72/><U22/><E22/><V39/><F39/><W54/><G11/><T42/><D42/><U96/><E96/><V63/><F43/><W71/><G71/><N who="1" m="27210" /><E6/><V0/><F7/><W55/><G49/><T31/><D60/><U75/><E75/><V57/><F114/><W104/><G104/><T127/><D127/><U124/><E124/><V4/><F4/><W89/><G89/><T35/><D18/><AGARI ba="0,0" hai="17,18,19,50,52,53,54,55,59,77,78" m="43594" machi="18" ten="30,2000,0" yaku="15,1,54,1" doraHai="66" who="3" fromWho="0" sc="237,-20,194,0,308,0,261,20" /><INIT seed="5,0,0,5,4,70" ten="217,194,308,281" oya="1" hai0="21,83,111,43,82,48,31,106,135,88,124,44,47" hai1="91,9,74,61,6,118,119,46,12,55,95,28,64" hai2="123,16,127,92,131,80,10,59,19,54,98,7,77" hai3="40,37,115,65,45,103,32,13,53,125,128,26,117"/><U8/><E74/><V133/><F123/><W105/><G115/><T69/><D111/><U121/><E121/><V20/><F127/><W35/><G125/><T96/><D124/><U67/><E28/><V114/><F114/><W113/><G113/><T33/><D69/><U11/><E119/><V1/><F133/><W41/><G128/><T81/><D33/><U5/><E118/><V34/><F34/><W90/><G117/><T50/><D106/><U62/><E46/><V108/><F108/><W25/><G65/><T51/><D135/><U0/><E55/><V116/><F116/><W84/><G53/><T15/><D47/><U66/><REACH who="1" step="1"/><E11/><REACH who="1" ten="217,184,308,281" step="2"/><V101/><F131/><W89/><G45/><T42/><D31/><U120/><E120/><V72/><F20/><W4/><G32/><T100/><D44/><U36/><E36/><V132/><F132/><W17/><G37/><T14/><D43/><U23/><E23/><V52/><F54/><W110/><G40/><T97/><D42/><U134/><E134/><V104/><F104/><W63/><G41/><T30/><D21/><U109/><E109/><V85/><F72/><W79/><G35/><T2/><D30/><U130/><E130/><V58/><F58/><W93/><G105/><T122/><D122/><U3/><E3/><V56/><F56/><W71/><G110/><T99/><D2/><U49/><E49/><AGARI ba="0,1" hai="1,7,10,16,19,49,52,59,77,80,85,92,98,101" machi="49" ten="30,3900,0" yaku="7,1,54,2" doraHai="70" who="2" fromWho="1" sc="217,0,184,-39,308,49,281,0" /><INIT seed="6,0,0,4,2,123" ten="217,145,357,281" oya="2" hai0="90,9,41,36,93,30,102,45,43,98,74,95,13" hai1="40,18,69,21,127,6,67,26,125,51,20,124,4" hai2="84,54,3,132,8,17,16,126,59,77,83,15,80" hai3="117,133,24,134,60,87,97,65,81,49,82,5,115"/><V62/><F126/><W72/><G117/><T112/><D112/><U32/><E69/><V56/><F132/><W73/><G115/><T68/><D74/><U39/><E67/><V46/><F3/><W114/><G114/><T47/><D68/><U101/><E39/><V122/><F122/><W78/><G5/><T88/><D30/><U116/><E116/><V107/><F107/><W75/><G97/><T128/><D128/><U71/><E71/><V99/><F99/><W135/><G49/><T121/><D121/><U37/><E37/><V104/><F104/><W86/><G24/><T57/><D57/><U19/><E101/><V53/><F46/><W1/><G1/><T12/><D93/><U70/><E70/><V38/><F38/><W58/><REACH who="3" step="1"/><G87/><REACH who="3" ten="217,145,357,271" step="2"/><T22/><D36/><U129/><E129/><V44/><F84/><W105/><G105/><T108/><D98/><U10/><E32/><V64/><F62/><W25/><G25/><T0/><D0/><U103/><E103/><V91/><F15/><W27/><G27/><T106/><D12/><N who="1" m="7447" /><E51/><V85/><F85/><W111/><G111/><T42/><D108/><U7/><E40/><N who="0" m="15465" /><D102/><U35/><E35/><V110/><F110/><W100/><G100/><T33/><D33/><U120/><E120/><V52/><F44/><W113/><G113/><T118/><D118/><U92/><E21/><V76/><F8/><W28/><G28/><T109/><D22/><U31/><E4/><V94/><F17/><W34/><G34/><T89/><N who="0" m="15473" /><T14/><DORA hai="130" /><D106/><U119/><E119/><V11/><F16/><RYUUKYOKU ba="0,1" sc="217,-10,145,-10,357,-10,271,30" hai3="58,60,65,72,73,75,78,81,82,86,133,134,135" /><INIT seed="7,1,1,5,1,24" ten="207,135,347,301" oya="3" hai0="103,105,0,118,43,69,89,2,9,36,133,23,85" hai1="99,28,88,86,30,64,117,58,27,120,111,78,18" hai2="67,73,90,57,76,50,34,113,47,7,26,135,119" hai3="62,114,74,127,11,40,123,13,110,75,97,134,68"/><W132/><G123/><T96/><D118/><U91/><E117/><V129/><F119/><W124/><G114/><T6/><D69/><U3/><E3/><V41/><F113/><W35/><G110/><T94/><D133/><N who="3" m="51305" /><G40/><T22/><BYE who="1" /><D2/><U16/><E16/><V108/><F108/><UN n1="%E3%81%8B%E3%81%93%E3%81%A8%E3%82%93" /><W5/><G97/><T17/><D17/><U98/><E120/><V37/><F135/><W4/><G4/><T63/><D63/><N who="1" m="38007" /><E111/><V66/><F129/><W15/><G15/><T46/><AGARI ba="1,1" hai="0,6,9,22,23,36,43,46,85,89,94,96,103,105" machi="46" ten="30,1100,0" yaku="0,1" doraHai="24" who="0" fromWho="0" sc="207,24,135,-4,347,-4,301,-6" owari="231,-17.0,131,-37.0,343,44.0,295,10.0" /></mjloggm>