<mjloggm ver="2.3"><GO type="169" lobby="0"/><UN n0="%E5%A2%83%E7%95%8C%E3%81%AE%E5%BD%BC%E6%96%B9" n1="%E6%84%9A%E5%BE%B9" n2="%E3%81%AF%E3%81%BF%E3%82%82%E3%82%93" n3="%40%6B%6B%6B" dan="16,16,18,16" rate="2032.07,2078.92,2228.77,2131.33" sx="F,M,M,M"/><TAIKYOKU oya="0"/><INIT seed="0,0,0,0,2,2" ten="250,250,250,250" oya="0" hai0="121,52,60,16,97,43,108,54,105,27,96,32,89" hai1="5,23,26,83,56,100,65,64,91,45,9,111,103" hai2="1,84,67,33,14,87,55,57,72,58,24,77,85" hai3="122,15,41,107,62,135,17,19,106,78,38,134,68"/><T11/><D121/><U69/><E69/><V70/><F1/><W48/><G78/><T125/><D125/><U118/><E118/><V98/><F70/><W81/><G38/><T34/><D108/><U88/><E45/><V74/><F77/><W30/><G81/><T112/><D43/><U119/><E119/><V130/><F130/><W75/><G75/><T102/><D112/><U79/><E111/><V94/><F67/><N who="1" m="25673" /><E56/><V20/><F33/><W13/><G62/><T35/><D54/><U4/><E9/><V76/><F76/><W36/><G36/><T95/><D11/><U132/><E132/><V7/><F57/><W47/><G68/><T129/><D129/><U3/><E3/><V0/><F0/><W22/><G30/><T110/><D110/><U42/><E42/><V101/><F14/><W109/><G122/><T12/><D12/><U128/><E79/><V115/><F115/><W44/><G44/><T18/><REACH who="0" step="1"/><D27/><REACH who="0" ten="240,250,250,250" step="2"/><U113/><E128/><V40/><F40/><W123/><G109/><T99/><D99/><U49/><E113/><V120/><F120/><W10/><REACH who="3" step="1"/><G123/><REACH who="3" ten="240,250,250,240" step="2"/><T71/><D71/><U133/><E133/><AGARI ba="0,2" hai="10,13,15,17,19,22,41,47,48,106,107,133,134,135" machi="133" ten="40,5200,0" yaku="1,1,2,1,20,1,53,0" doraHai="2" doraHaiUra="29" who="3" fromWho="1" sc="240,0,250,-52,250,0,240,72" /><INIT seed="1,0,0,2,0,39" ten="240,198,250,312" oya="1" hai0="121,29,127,79,82,80,6,72,78,109,55,9,66" hai1="2,132,59,40,73,61,116,93,104,54,58,8,123" hai2="12,17,120,24,5,64,115,107,10,69,52,4,41" hai3="47,53,105,3,114,56,108,99,110,71,60,25,49"/><U128/><E104/><V7/><F120/><W57/><G3/><T15/><D121/><U102/><E123/><V45/><F107/><W86/><G114/><T81/><D109/><N who="3" m="42089" /><G86/><T84/><D127/><U65/><E116/><V111/><F111/><W97/><G25/><T22/><D66/><U131/><E73/><V119/><F119/><W91/><G91/><T37/><D37/><U63/><E132/><V103/><F103/><N who="3" m="62703" /><G99/><T38/><D38/><U87/><E102/><V122/><F122/><W32/><G32/><T92/><D92/><U51/><E93/><V83/><F83/><W0/><G0/><T113/><D113/><U36/><E87/><V118/><F24/><W14/><G14/><T44/><D81/><U98/><E98/><V76/><F115/><W117/><G117/><T1/><D29/><U28/><E28/><V20/><F76/><W19/><G19/><T85/><D72/><U34/><E34/><V129/><F17/><W33/><G33/><T21/><D1/><U68/><E8/><V23/><F12/><W11/><G11/><T48/><AGARI ba="0,0" hai="6,9,15,21,22,44,48,55,78,79,80,82,84,85" machi="48" ten="30,4000,0" yaku="0,1,9,1,8,1" doraHai="39" who="0" fromWho="0" sc="240,40,198,-20,250,-10,312,-10" /><INIT seed="2,0,0,0,2,67" ten="280,178,240,302" oya="2" hai0="1,54,29,7,30,96,44,25,115,23,38,111,46" hai1="12,112,94,82,122,51,131,0,52,101,100,109,39" hai2="110,103,134,81,47,130,124,71,120,4,106,68,26" hai3="16,113,5,56,75,6,66,119,59,41,21,118,64"/><V107/><F120/><W92/><G75/><T43/><D115/><U116/><E0/><V69/><F103/><W104/><G104/><T95/><D111/><U105/><E39/><V11/><F110/><W37/><G41/><T42/><D54/><U58/><E116/><V45/><F130/><W40/><G40/><T89/><D7/><U72/><E112/><V135/><F26/><W19/><G92/><T8/><D8/><U18/><E109/><V121/><F121/><W15/><G113/><T60/><D60/><U114/><E114/><V78/><F124/><W32/><G21/><T85/><D1/><U65/><E105/><N who="2" m="39947" /><F45/><W90/><G90/><T24/><D96/><U53/><E122/><V35/><F47/><W9/><G9/><T49/><REACH who="0" step="1"/><D24/><REACH who="0" ten="270,178,240,302" step="2"/><U74/><E131/><V117/><F117/><W99/><G99/><T87/><D87/><U80/><E74/><N who="2" m="43223" /><F35/><W133/><G32/><T86/><D86/><U31/><E72/><V102/><F102/><W77/><G118/><T22/><D22/><N who="1" m="11591" /><E101/><V57/><F57/><W93/><G59/><T48/><D48/><U129/><E129/><V98/><F98/><W83/><G56/><T13/><D13/><U28/><E53/><V97/><F97/><W33/><G15/><T108/><D108/><U14/><E14/><V63/><F63/><W27/><G33/><T125/><D125/><U126/><E126/><V3/><AGARI ba="0,1" hai="3,4,11,68,69,71,134,135" m="43223,39947" machi="3" ten="40,12000,1" yaku="23,1,52,3" doraHai="67" who="2" fromWho="2" sc="270,-40,178,-40,240,130,302,-40" /><INIT seed="2,1,0,4,0,42" ten="230,138,370,262" oya="2" hai0="77,43,45,33,99,18,87,134,48,81,26,0,96" hai1="61,52,89,37,114,55,6,129,1,28,126,29,73" hai2="51,120,47,111,83,107,25,11,7,39,116,31,30" hai3="123,56,104,130,131,113,17,35,15,88,32,109,64"/><V106/><F116/><W68/><G68/><T118/><D0/><U20/><E114/><V14/><F120/><W122/><G104/><T3/><D3/><U65/><E129/><N who="3" m="49162" /><G64/><T135/><D118/><U24/><E73/><V112/><F112/><W80/><G113/><T115/><D115/><U105/><E126/><V10/><F39/><W98/><G56/><T76/><D76/><U57/><E105/><V128/><F128/><W8/><G109/><T63/><D63/><U13/><E1/><V12/><F83/><W40/><G40/><T93/><D18/><U103/><E29/><V85/><F85/><N who="3" m="50215" /><G98/><T71/><D71/><U9/><E37/><V62/><F62/><W27/><G27/><T79/><D79/><U44/><E103/><V58/><F58/><W125/><G125/><T91/><REACH who="0" step="1"/><D99/><REACH who="0" ten="220,138,370,262" step="2"/><U86/><REACH who="1" step="1"/><E44/><REACH who="1" ten="220,128,370,262" step="2"/><V19/><F47/><W110/><G110/><T21/><D21/><U117/><E117/><V119/><F111/><W5/><G17/><T72/><D72/><U84/><E84/><V92/><F119/><W102/><G102/><T127/><D127/><U66/><E66/><V78/><F19/><W75/><G75/><T41/><D41/><U16/><E16/><V101/><F101/><W124/><G124/><T74/><D74/><U59/><E59/><V69/><F69/><W34/><AGARI ba="1,2" hai="5,8,15,32,34,35,122,123" m="50215,49162" machi="34" ten="40,2700,0" yaku="19,1,54,1" doraHai="42" who="3" fromWho="3" sc="220,-8,128,-8,370,-14,262,50" /><INIT seed="3,0,0,4,5,25" ten="212,120,356,312" oya="3" hai0="94,106,120,78,131,87,128,35,10,44,83,127,48" hai1="80,71,121,33,113,15,119,32,28,58,45,99,102" hai2="3,88,86,110,0,124,29,122,40,93,118,14,6" hai3="49,74,19,36,103,34,133,65,98,76,9,100,117"/><W31/><G36/><T111/><D120/><U96/><E113/><V5/><F118/><W47/><G117/><T16/><D106/><U18/><E121/><V17/><F110/><W123/><G123/><T59/><D111/><U57/><E99/><V30/><F124/><W26/><G133/><T114/><D127/><U91/><E119/><V135/><F135/><W43/><G65/><T1/><D114/><U129/><E129/><V63/><F0/><W84/><G74/><T90/><D35/><U85/><E33/><V73/><F73/><W97/><G76/><T126/><D126/><U130/><E130/><V54/><F40/><W132/><G84/><T37/><D59/><U38/><E71/><V68/><F3/><W104/><G132/><T77/><D37/><U72/><E72/><V39/><F39/><W4/><G19/><T75/><D78/><U42/><E28/><N who="2" m="10859" /><F68/><W52/><G43/><T11/><D1/><U105/><REACH who="1" step="1"/><E32/><REACH who="1" ten="212,110,356,312" step="2"/><V61/><F122/><W22/><G34/><T60/><D131/><U24/><E24/><V101/><F101/><W8/><REACH who="3" step="1"/><G4/><REACH who="3" ten="212,110,356,302" step="2"/><T107/><D128/><U67/><E67/><V27/><F5/><W50/><G50/><T20/><D48/><U7/><E7/><V64/><F64/><W13/><G13/><T66/><D75/><U46/><E46/><V92/><F6/><W109/><G109/><T82/><D66/><U53/><E53/><V81/><F54/><W79/><G79/><T41/><D77/><U125/><E125/><V56/><F14/><W108/><G108/><T112/><D44/><U55/><E55/><RYUUKYOKU ba="0,2" sc="212,-15,110,15,356,-15,302,15" hai1="15,18,38,42,45,57,58,80,85,91,96,102,105" hai3="8,9,22,26,31,47,49,52,97,98,100,103,104" /><INIT seed="3,1,2,2,4,91" ten="197,125,341,317" oya="3" hai0="100,95,23,3,7,106,35,96,72,74,19,26,86" hai1="27,28,115,75,47,41,36,101,80,62,57,107,31" hai2="104,114,66,119,1,89,122,113,92,42,65,130,116" hai3="131,12,133,134,128,73,38,112,45,20,54,102,79"/><W68/><G102/><T50/><D35/><U2/><E115/><V39/><F1/><W11/><G73/><T4/><D50/><U18/><E107/><V127/><F104/><W126/><G79/><T5/><D3/><U108/><E108/><V123/><F42/><W83/><G83/><T21/><REACH who="0" step="1"/><D23/><REACH who="0" ten="187,125,341,317" step="2"/><U93/><E2/><V58/><F114/><W98/><G20/><T97/><D97/><U9/><E9/><V16/><F113/><W85/><G98/><T24/><D24/><U69/><E27/><V110/><F110/><W111/><G112/><T84/><D84/><U29/><E75/><V78/><F119/><W109/><G85/><T53/><D53/><U132/><E132/><N who="3" m="50794" /><G111/><T49/><D49/><U120/><E120/><V0/><F116/><W125/><G109/><T43/><D43/><U88/><E41/><V87/><F0/><W37/><G54/><T46/><D46/><U70/><E47/><V51/><F87/><W44/><G44/><T82/><D82/><U59/><E80/><V103/><F123/><W129/><G45/><T118/><D118/><U33/><E33/><V135/><F122/><W77/><G77/><T60/><D60/><U105/><E62/><V90/><F78/><W124/><G68/><T15/><D15/><U63/><E70/><V71/><F71/><W13/><G13/><T81/><D81/><U22/><E69/><V94/><F135/><W117/><G117/><T64/><D64/><U32/><E32/><V10/><F65/><W56/><G56/><T17/><D17/><AGARI ba="1,3" hai="11,12,17,37,38,124,125,126,128,129,131" m="50794" machi="17" ten="40,48000,5" yakuman="39" doraHai="91" who="3" fromWho="0" sc="187,-483,125,0,341,0,317,513" owari="-296,-80.0,125,-27.0,341,14.0,830,93.0" /></mjloggm>