<mjloggm ver="2.3"><GO type="185" lobby="0"/><UN n0="%E9%B4%A8%E6%90%8D" n1="%E9%9B%AA%E6%9D%91%E5%8D%83%E7%B5%B5%E8%8E%89" n2="%E8%97%A4%E4%BA%95%E8%81%A1%E5%A4%AA" n3="" dan="16,17,20,0" rate="2143.04,2260.57,2399.98,1500.00" sx="M,F,M,C"/><TAIKYOKU oya="0"/><INIT seed="0,0,0,3,3,42" ten="350,350,350,0" oya="0" hai0="72,92,51,110,107,67,56,113,101,34,118,39,38" hai1="70,128,100,93,68,53,132,119,80,135,48,88,77" hai2="111,55,120,69,131,85,45,74,65,57,115,98,49" hai3=""/><T32/><D118/><U109/><E119/><V102/><N who="2" m="30752" /><V73/><F115/><T54/><D113/><U127/><E127/><V43/><F111/><T87/><D110/><U78/><E109/><V105/><F131/><T114/><D114/><U117/><E117/><V84/><F69/><T94/><D72/><U96/><E128/><V103/><F65/><T1/><D1/><U60/><E100/><V121/><N who="2" m="31008" /><V108/><F108/><T116/><D116/><U2/><E2/><V81/><F103/><T124/><D124/><U97/><E97/><V71/><F71/><T89/><D67/><U35/><E35/><V63/><F85/><T40/><D107/><U123/><N who="1" m="31520" /><U46/><E78/><AGARI ba="0,0" hai="43,45,49,55,57,63,73,74,78,81,84,98,102,105" m="31008,30752" machi="78" ten="30,7700,0" yaku="7,1,52,3" doraHai="42" who="2" fromWho="1" sc="350,0,350,-77,350,77,0,0" /><INIT seed="1,0,0,3,5,80" ten="350,273,427,0" oya="1" hai0="94,99,60,84,68,117,134,2,72,81,130,86,79" hai1="67,125,126,41,51,121,133,74,87,59,77,49,88" hai2="128,44,53,47,123,65,119,127,40,56,78,92,45" hai3=""/><U33/><N who="1" m="31008" /><U71/><E33/><V102/><N who="2" m="31520" /><V113/><F119/><T118/><D134/><U75/><E133/><V64/><F128/><T103/><D130/><U105/><E105/><V104/><F104/><T73/><D2/><U116/><E116/><N who="0" m="44649" /><D60/><U129/><E129/><V110/><F110/><T91/><D68/><U38/><E71/><V82/><F40/><T42/><D42/><U62/><E38/><V93/><F127/><N who="1" m="48649" /><E77/><V122/><N who="2" m="31264" /><V0/><F0/><T3/><D3/><U52/><E41/><V131/><F113/><T111/><D111/><U83/><E67/><V135/><F131/><T35/><D35/><U46/><E46/><V97/><F135/><T95/><AGARI ba="0,0" hai="72,73,79,81,84,86,91,94,95,99,103" m="44649" machi="95" ten="30,6000,1" yaku="12,1,34,2,52,2" doraHai="80" who="0" fromWho="0" sc="350,60,273,-40,427,-20,0,0" /><INIT seed="2,0,0,5,4,117" ten="410,233,407,0" oya="2" hai0="102,83,36,115,51,108,38,123,103,35,45,0,67" hai1="43,84,61,69,48,34,93,78,49,54,92,41,72" hai2="129,3,46,50,116,122,73,56,111,132,134,130,131" hai3=""/><V63/><N who="2" m="31264" /><V87/><F73/><T81/><N who="0" m="31520" /><T135/><D0/><U128/><E34/><V99/><F116/><T94/><D35/><U91/><E128/><V66/><F3/><T74/><D135/><N who="2" m="51754" /><F87/><T119/><D119/><U118/><E118/><V76/><F76/><T58/><D108/><U121/><N who="1" m="31008" /><U113/><E113/><V71/><F99/><T95/><D115/><U70/><E72/><V114/><F114/><T55/><D74/><U124/><E124/><V57/><F111/><T98/><D83/><U1/><E1/><V96/><F96/><T126/><D126/><U64/><E78/><V2/><F2/><T52/><D103/><U44/><E69/><V106/><F106/><T53/><D94/><U62/><E62/><V80/><F80/><T75/><D81/><U32/><E32/><V79/><F79/><T59/><D75/><U85/><E49/><V68/><F71/><T125/><D125/><U37/><E37/><V90/><F90/><AGARI ba="0,0" hai="41,43,44,48,54,61,64,70,84,85,90,91,92,93" m="31008" machi="90" ten="40,5200,0" yaku="9,1,52,2" doraHai="117" who="1" fromWho="2" sc="410,0,233,52,407,-52,0,0" /><INIT seed="4,0,0,1,5,99" ten="410,285,355,0" oya="0" hai0="62,82,53,49,70,80,102,0,58,39,88,108,106" hai1="76,56,42,120,54,57,89,2,59,132,1,68,38" hai2="37,36,52,133,48,101,60,46,67,44,104,78,86" hai3=""/><T33/><D0/><U61/><N who="1" m="30752" /><U118/><E118/><V126/><F126/><T123/><N who="0" m="31520" /><T66/><D33/><U105/><E105/><V112/><F112/><T79/><D108/><U47/><E132/><V92/><F133/><T90/><D39/><U111/><E111/><V117/><F117/><T103/><D106/><U127/><E127/><V96/><F46/><T129/><D129/><U115/><E115/><V85/><F85/><T84/><D90/><U87/><E76/><V122/><N who="2" m="31264" /><V134/><F134/><T81/><D81/><U100/><E100/><V64/><F64/><T35/><D35/><U43/><E43/><V63/><F63/><T93/><D82/><U107/><E107/><V95/><F92/><T109/><D109/><U130/><E130/><V110/><F110/><T113/><D113/><U32/><E32/><V69/><REACH who="2" step="1"/><F104/><REACH who="2" ten="410,285,345,0" step="2"/><T116/><D116/><U72/><E1/><V55/><F55/><T94/><D94/><U71/><E2/><V45/><F45/><T83/><D83/><AGARI ba="0,1" hai="36,37,44,48,52,60,67,69,78,83,86,95,96,101" m="31264" machi="83" ten="40,8000,1" yaku="1,1,52,2,54,1,53,0" doraHai="99" doraHaiUra="131" who="2" fromWho="0" sc="410,-80,285,0,345,90,0,0" /><INIT seed="5,0,0,1,3,36" ten="330,285,435,0" oya="1" hai0="33,118,100,40,126,113,46,42,114,91,95,132,106" hai1="119,99,107,92,88,87,53,71,120,98,50,124,110" hai2="116,105,49,129,111,134,135,57,58,59,89,66,38" hai3=""/><U1/><N who="1" m="30752" /><U3/><E119/><V81/><F116/><T108/><D33/><U85/><E124/><V77/><F38/><T47/><D118/><U76/><E71/><V123/><N who="2" m="31520" /><V68/><F111/><T133/><D106/><U79/><E110/><V115/><F105/><T103/><D95/><U0/><E99/><V101/><F101/><T122/><N who="0" m="31264" /><T55/><D55/><U60/><E60/><V96/><F129/><T93/><D93/><U67/><E67/><V2/><F2/><T70/><D108/><U34/><E34/><V73/><F96/><T74/><D91/><U39/><E39/><V56/><F89/><T52/><D52/><U45/><REACH who="1" step="1"/><E107/><REACH who="1" ten="330,275,435,0" step="2"/><V80/><F66/><T63/><D63/><U54/><E54/><V64/><F64/><T35/><D70/><U131/><E131/><V130/><F130/><T86/><D35/><U121/><N who="1" m="31008" /><U84/><AGARI ba="0,1" hai="0,1,3,45,50,53,76,79,84,85,87,88,92,98" m="31008,30752" machi="84" ten="40,16000,3" yaku="1,1,4,1,0,1,52,2,54,1,53,3" doraHai="36" doraHaiUra="83" who="1" fromWho="1" sc="330,-80,275,170,435,-80,0,0" /><INIT seed="5,1,0,2,0,119" ten="250,445,355,0" oya="1" hai0="48,122,81,56,96,90,131,51,84,37,126,113,97" hai1="106,99,47,105,116,43,125,121,50,130,112,110,117" hai2="54,2,64,93,123,124,100,89,67,94,132,120,87" hai3=""/><U32/><N who="1" m="31008" /><U65/><E32/><V102/><N who="2" m="30752" /><V82/><N who="2" m="31520" /><V55/><F2/><T76/><N who="0" m="31264" /><T83/><D126/><U66/><E125/><V91/><F124/><T3/><D131/><U85/><E130/><V115/><F115/><T103/><D3/><U107/><E112/><V69/><F132/><T108/><D37/><U72/><E110/><V101/><F82/><T111/><D113/><U38/><E72/><V95/><F69/><T74/><D51/><U0/><E0/><V78/><F78/><T135/><D56/><U75/><E75/><V114/><F114/><T77/><D48/><U52/><E116/><V58/><F94/><T46/><D46/><U70/><E70/><V42/><F42/><T60/><D60/><U57/><E117/><V33/><F33/><T63/><D63/><U36/><E36/><V79/><F79/><T53/><D53/><N who="2" m="19978" /><F58/><T44/><D44/><U39/><E39/><V86/><AGARI ba="1,0" hai="64,67,86,87,89,91,93,95,100,101,102" m="19978,31520,30752" machi="86" ten="30,6000,1" yaku="8,1,52,4" doraHai="119" who="2" fromWho="2" sc="250,-21,445,-41,355,62,0,0" /><INIT seed="6,0,0,1,3,85" ten="229,404,417,0" oya="2" hai0="88,134,1,81,48,3,112,126,46,62,116,129,122" hai1="94,78,123,133,92,111,132,67,2,82,63,135,37" hai2="75,38,121,58,97,76,40,117,127,0,89,66,106" hai3=""/><V104/><N who="2" m="31008" /><V109/><F117/><T115/><N who="0" m="31264" /><T84/><D116/><U110/><N who="1" m="31520" /><U32/><E32/><V79/><F0/><T51/><D126/><U83/><E37/><V54/><F127/><T68/><D134/><U57/><E2/><V52/><F109/><N who="1" m="41481" /><E83/><V65/><F40/><T96/><D129/><U128/><E128/><V77/><F75/><AGARI ba="0,0" hai="57,63,67,75,78,82,92,94,132,133,135" m="41481,31520" machi="75" ten="40,2600,0" yaku="20,1,52,1" doraHai="85" who="1" fromWho="2" sc="229,0,404,26,417,-26,0,0" owari="229,-37.0,430,38.0,391,-1.0,0,0.0" /></mjloggm>