<mjloggm ver="2.3"><GO type="169" lobby="0"/><UN n0="%40%6B%6B%6B" n1="%E6%94%BE%E9%8A%83%E7%8E%8B%EF%BC%94" n2="%E6%AF%94%E5%98%89%E6%84%9B%E6%9C%AA" n3="%E3%81%B2%E3%81%A3%E3%81%93%E3%82%8D%32%36" dan="16,17,16,16" rate="2143.28,2202.52,2102.67,2112.56" sx="M,F,F,M"/><TAIKYOKU oya="0"/><INIT seed="0,0,0,2,2,53" ten="250,250,250,250" oya="0" hai0="52,90,78,19,25,70,31,124,122,38,30,99,121" hai1="56,4,6,94,1,59,135,57,39,75,27,116,63" hai2="74,76,35,44,123,42,83,101,104,107,113,46,105" hai3="10,14,24,11,97,2,95,85,43,114,16,3,92"/><T117/><D117/><U23/><E116/><V111/><F123/><W134/><G134/><T28/><D78/><U133/><E75/><V84/><F111/><W89/><G114/><T87/><D38/><U112/><E39/><V40/><F113/><W100/><G43/><T54/><D70/><U17/><E112/><V118/><F118/><W15/><REACH who="3" step="1"/><G24/><REACH who="3" ten="250,250,250,240" step="2"/><T82/><D122/><U132/><E1/><V13/><F42/><W37/><G37/><T64/><D121/><U55/><E94/><V127/><F40/><W129/><G129/><T131/><D131/><U96/><E96/><V26/><F104/><W109/><G109/><T41/><D41/><U33/><E33/><V73/><F105/><W50/><G50/><T0/><D99/><U77/><E77/><V48/><F48/><W71/><G71/><T62/><D0/><U108/><E108/><V91/><F76/><W119/><G119/><T68/><D124/><U7/><AGARI ba="0,1" hai="4,6,7,17,23,27,55,56,57,59,63,132,133,135" machi="7" ten="40,8000,1" yaku="0,1,20,1,52,3" doraHai="53" who="1" fromWho="1" sc="250,-40,250,90,250,-20,240,-20" /><INIT seed="1,0,0,3,3,17" ten="210,340,230,220" oya="1" hai0="88,33,5,63,94,31,43,46,82,97,35,126,100" hai1="130,102,64,26,104,87,20,6,112,67,77,61,10" hai2="32,121,80,57,50,52,91,3,98,113,48,49,66" hai3="70,106,36,73,45,55,89,0,127,60,18,7,9"/><U116/><E112/><V129/><F121/><W38/><G127/><T13/><D126/><U29/><E116/><V118/><F118/><W8/><G106/><T39/><D31/><U132/><E130/><V51/><F129/><W134/><G134/><T16/><D5/><U56/><E132/><V68/><F3/><W128/><G128/><T25/><D25/><U83/><E104/><V96/><F32/><W65/><G73/><T23/><D82/><U72/><E102/><V21/><F113/><W41/><G38/><T110/><D110/><U12/><REACH who="1" step="1"/><E72/><REACH who="1" ten="210,330,230,220" step="2"/><V114/><F114/><W81/><G89/><T54/><REACH who="0" step="1"/><D100/><REACH who="0" ten="200,330,230,220" step="2"/><U131/><E131/><V24/><F91/><W79/><G79/><T133/><D133/><U2/><E2/><V71/><F80/><W95/><G81/><T103/><D103/><U34/><E34/><V122/><F122/><W90/><G90/><T37/><D37/><U125/><E125/><V30/><REACH who="2" step="1"/><F66/><AGARI ba="0,2" hai="6,10,12,20,26,29,56,61,64,66,67,77,83,87" machi="66" ten="30,11600,0" yaku="1,1,7,1,8,1,52,1,53,0" doraHai="17" doraHaiUra="84" who="1" fromWho="2" sc="200,0,330,136,230,-116,220,0" /><INIT seed="1,1,0,0,4,43" ten="200,466,114,220" oya="1" hai0="18,74,60,9,90,49,19,79,121,125,0,51,21" hai1="95,130,88,93,42,87,57,58,2,14,44,52,102" hai2="3,77,81,85,75,110,106,67,94,62,63,129,39" hai3="108,16,78,24,91,135,72,37,64,133,20,15,122"/><U96/><E2/><V7/><F110/><W116/><G108/><T99/><D125/><U13/><E130/><V104/><F129/><W32/><G37/><T45/><D121/><U127/><E127/><V33/><F33/><W117/><G64/><T55/><D74/><U101/><E101/><V118/><F118/><N who="3" m="45675" /><G72/><T40/><D79/><U82/><E95/><V48/><F39/><W1/><G78/><T46/><D60/><N who="1" m="35879" /><E58/><V26/><F63/><W53/><G53/><T98/><D90/><U6/><E6/><V61/><F61/><W66/><G66/><T80/><D80/><U68/><E68/><V31/><F94/><W123/><G91/><T97/><REACH who="0" step="1"/><D21/><REACH who="0" ten="190,466,114,220" step="2"/><U114/><E114/><V36/><F75/><W23/><G32/><T27/><D27/><U28/><E28/><V128/><F26/><W83/><G83/><T107/><D107/><U30/><E30/><V100/><F31/><N who="3" m="17823" /><G1/><T29/><D29/><U41/><E82/><V120/><F3/><W86/><G86/><T134/><D134/><AGARI ba="1,1" hai="15,16,20,122,123,133,134,135" m="17823,45675" machi="134" ten="30,8000,1" yaku="20,1,12,1,34,2,54,1" doraHai="43" who="3" fromWho="0" sc="190,-83,466,0,114,0,220,93" /><INIT seed="2,0,0,1,1,34" ten="107,466,114,313" oya="2" hai0="92,86,105,131,115,43,42,23,107,31,8,65,80" hai1="18,76,110,26,21,122,119,16,93,6,53,45,70" hai2="10,77,30,47,11,33,54,28,97,99,24,120,109" hai3="118,135,48,95,56,49,68,98,117,88,106,89,78"/><V20/><F120/><W35/><G35/><T125/><D65/><U69/><E119/><V81/><F109/><W134/><G68/><T15/><D115/><U40/><E110/><V7/><F33/><W129/><G56/><T74/><D74/><U104/><E104/><V112/><F30/><W17/><G17/><T41/><D92/><U108/><E108/><V37/><F112/><W4/><G4/><T84/><D131/><U63/><E122/><V132/><F132/><N who="3" m="50731" /><G78/><T128/><D128/><U82/><E93/><V5/><F5/><W130/><G48/><T83/><D23/><U126/><E126/><V66/><F66/><W52/><G89/><T25/><D25/><U133/><E18/><V91/><F91/><W62/><G62/><T101/><D31/><U60/><E6/><V124/><F124/><W79/><G79/><T58/><D58/><U2/><E133/><V39/><F10/><W113/><G106/><T72/><D72/><U64/><E70/><V29/><F28/><W127/><G127/><T121/><D125/><U94/><E64/><V103/><F103/><W61/><G61/><T100/><D8/><U32/><E63/><V111/><F111/><W71/><G71/><T12/><REACH who="0" step="1"/><D43/><REACH who="0" ten="97,466,114,313" step="2"/><U57/><E69/><V55/><F11/><W59/><G113/><T123/><AGARI ba="0,1" hai="12,15,41,42,80,83,84,86,100,101,105,107,121,123" machi="123" ten="25,12000,2" yaku="1,1,2,1,0,1,22,2,53,2" doraHai="34" doraHaiUra="9" who="0" fromWho="0" sc="97,130,466,-30,114,-60,313,-30" /><INIT seed="3,0,0,0,1,130" ten="227,436,54,283" oya="3" hai0="129,111,54,122,42,61,24,60,107,26,14,3,115" hai1="113,0,102,98,65,121,32,4,43,71,22,133,105" hai2="48,12,21,120,68,57,58,100,27,79,124,116,47" hai3="9,69,53,20,59,93,73,123,118,101,29,56,104"/><W110/><G123/><T92/><D3/><U7/><E121/><V49/><F120/><W66/><G73/><T52/><D107/><U30/><E22/><V89/><F116/><W81/><G118/><T119/><D122/><U34/><E113/><V114/><F68/><W86/><G69/><T38/><D119/><U46/><E7/><V106/><F114/><W108/><G104/><T50/><D111/><N who="3" m="42537" /><G9/><T97/><D38/><N who="1" m="21879" /><E30/><V109/><F109/><W134/><G66/><T96/><D42/><U74/><E74/><V63/><F106/><W15/><G15/><T1/><D1/><U16/><E16/><V82/><F12/><W40/><G40/><T35/><D14/><U83/><E83/><V95/><F82/><W11/><G11/><T77/><D115/><U112/><E112/><V80/><F80/><W126/><G126/><T132/><D54/><U28/><E28/><V62/><F124/><W39/><G39/><T37/><D52/><U31/><E31/><V72/><F72/><W13/><G13/><T6/><D37/><U36/><E36/><V76/><F27/><W10/><G10/><T25/><D26/><U87/><E0/><V17/><F17/><W64/><G53/><T117/><D25/><U45/><E65/><V99/><F21/><W94/><G64/><T2/><D24/><U70/><E70/><V91/><F95/><N who="3" m="36363" /><G20/><T23/><D23/><U90/><E34/><V5/><F5/><W127/><G127/><T33/><D35/><U8/><E32/><V85/><F99/><W125/><G125/><T51/><D33/><U41/><E4/><RYUUKYOKU ba="0,0" sc="227,0,436,0,54,0,283,0" /><INIT seed="4,1,0,2,3,16" ten="227,436,54,283" oya="0" hai0="4,29,31,101,11,123,86,133,65,19,131,33,36" hai1="71,72,57,50,88,18,52,119,113,0,12,42,118" hai2="6,82,81,46,83,108,106,91,77,1,3,44,59" hai3="78,126,134,93,28,135,49,100,102,35,7,41,96"/><T32/><D36/><U90/><E0/><V120/><F120/><W54/><G41/><T9/><D101/><U22/><E72/><V60/><F108/><W99/><G78/><T112/><D65/><U69/><E113/><V110/><F110/><W14/><G126/><T76/><D86/><U117/><REACH who="1" step="1"/><E42/><REACH who="1" ten="227,426,54,283" step="2"/><V122/><F1/><W13/><G135/><T61/><D112/><U66/><E66/><V85/><F3/><W95/><G134/><T73/><D133/><U30/><E30/><V70/><F122/><W37/><G37/><T23/><D31/><U80/><E80/><V62/><F82/><W105/><G105/><T128/><D29/><U53/><E53/><V27/><F81/><W89/><G28/><T8/><D123/><U40/><E40/><V17/><F106/><W103/><G35/><T132/><D132/><U55/><E55/><V43/><F43/><W24/><G54/><T67/><D33/><U56/><E56/><V51/><F59/><W5/><G49/><T130/><D32/><U75/><E75/><V114/><F114/><W25/><REACH who="3" step="1"/><G102/><REACH who="3" ten="227,426,54,273" step="2"/><T104/><D104/><U68/><AGARI ba="1,2" hai="12,18,22,50,52,57,68,69,71,88,90,117,118,119" machi="68" ten="40,16000,3" yaku="1,1,0,1,52,1,54,2,53,3" doraHai="16" doraHaiUra="64" who="1" fromWho="1" sc="227,-81,426,183,54,-41,273,-41" /><INIT seed="5,0,0,1,2,91" ten="146,609,13,232" oya="1" hai0="69,61,78,82,133,80,116,81,29,6,38,134,26" hai1="68,84,17,108,66,105,58,45,67,124,102,93,118" hai2="15,111,37,3,101,57,36,63,10,126,1,88,21" hai3="95,16,2,94,114,90,104,4,79,106,0,40,122"/><U33/><E118/><V11/><F111/><W113/><G122/><T44/><D116/><U14/><E68/><V42/><F101/><W74/><G40/><N who="0" m="22551" /><D6/><U41/><E33/><V27/><F126/><W24/><G79/><T53/><D78/><U7/><E124/><V34/><F34/><W115/><G74/><T120/><D53/><U52/><E108/><V72/><F72/><W96/><G4/><T85/><D61/><U64/><E105/><V128/><F128/><W127/><G127/><T19/><D19/><U87/><E7/><V12/><F42/><W83/><G83/><T28/><D28/><U132/><E132/><N who="0" m="50793" /><D69/><U39/><E39/><V98/><F37/><W50/><G50/><T77/><D120/><U8/><E45/><V23/><F36/><W110/><G110/><T62/><D62/><N who="1" m="36167" /><E41/><V13/><F1/><W51/><G51/><T60/><D60/><U46/><E46/><V22/><F3/><W56/><G56/><T31/><D31/><U18/><E18/><V100/><F57/><W109/><G109/><T49/><D49/><U9/><E9/><V89/><F63/><W71/><G71/><T48/><D48/><U20/><E8/><N who="2" m="3115" /><F27/><W30/><G2/><T112/><D26/><U92/><E102/><V135/><F135/><W65/><G0/><T121/><D29/><U32/><E32/><V97/><F100/><N who="3" m="60447" /><G30/><T117/><D121/><U123/><E123/><V47/><F47/><W86/><G65/><T55/><D117/><U5/><E5/><V99/><AGARI ba="0,0" hai="12,13,15,21,22,23,88,89,97,98,99" m="3115" machi="99" ten="40,12000,2" yaku="29,2,28,2,8,1,54,1" doraHai="91" who="2" fromWho="2" sc="146,-30,609,-60,13,120,232,-30" /><INIT seed="6,0,0,1,5,71" ten="116,549,133,202" oya="2" hai0="97,64,30,51,81,118,47,117,78,19,130,16,28" hai1="104,125,31,113,39,50,22,107,74,110,15,9,73" hai2="123,76,95,108,62,135,129,124,132,56,26,0,70" hai3="37,87,128,134,65,10,60,111,2,101,72,46,1"/><V98/><F123/><W27/><G111/><T35/><D64/><U17/><E110/><V83/><F70/><W86/><G72/><T43/><D130/><U21/><E74/><V106/><F108/><W29/><G128/><T67/><D67/><U84/><E73/><V91/><F129/><W90/><G87/><N who="0" m="48567" /><D35/><U131/><E131/><V85/><F0/><W20/><G101/><T61/><D61/><U127/><E39/><V38/><F124/><N who="1" m="47689" /><E113/><V133/><F106/><N who="1" m="40489" /><E31/><N who="0" m="11817" /><D97/><U12/><E84/><V58/><F38/><W3/><G10/><T75/><D75/><U66/><E66/><V114/><F114/><W42/><G134/><T94/><D94/><U82/><E82/><V34/><F62/><W32/><G32/><T14/><D14/><U122/><E122/><V112/><F112/><W68/><G2/><T13/><D13/><U44/><E15/><V52/><F34/><W92/><AGARI ba="0,0" hai="1,3,20,27,29,37,42,46,60,65,68,86,90,92" machi="92" ten="20,2700,0" yaku="0,1,7,1,52,1" doraHai="71" who="3" fromWho="3" sc="116,-7,549,-7,133,-13,202,27" /><INIT seed="7,0,0,4,0,43" ten="109,542,120,229" oya="3" hai0="23,71,116,96,94,13,58,74,16,17,90,107,97" hai1="18,68,125,109,9,21,11,75,47,103,110,84,70" hai2="95,117,33,123,44,14,31,55,128,15,30,56,129" hai3="73,10,83,118,65,4,36,113,100,124,38,57,126"/><W32/><G118/><T111/><D71/><U26/><E75/><V78/><F117/><W52/><G32/><T89/><D116/><U27/><E70/><V82/><F44/><W40/><G65/><T99/><D74/><U41/><E68/><V93/><F123/><W105/><G40/><T92/><D111/><U6/><E125/><N who="3" m="48234" /><G100/><T42/><D42/><U50/><E103/><V51/><F93/><N who="0" m="35946" /><D107/><U115/><E115/><V22/><F33/><W79/><G113/><T67/><D17/><U69/><E69/><V45/><F95/><W134/><G134/><T2/><D2/><U28/><E84/><N who="2" m="48215" /><F56/><W98/><G98/><N who="0" m="25091" /><T48/><DORA hai="64" /><D48/><U85/><E85/><V104/><F104/><W49/><G105/><T5/><D5/><U7/><E7/><V59/><F59/><W120/><G120/><T88/><D90/><U24/><E24/><N who="2" m="16663" /><F31/><W81/><G81/><T35/><D35/><U131/><E131/><AGARI ba="0,0" hai="14,15,45,51,55,128,129,131" m="16663,48215" machi="131" ten="30,2000,0" yaku="19,1,52,1" doraHai="43,64" who="2" fromWho="1" sc="109,0,542,-20,120,20,229,0" owari="109,-39.0,522,62.0,140,-26.0,229,3.0" /></mjloggm>