<mjloggm ver="2.3"><GO type="169" lobby="0"/><UN n0="%E3%81%8A%E3%81%98%E3%81%95%E3%82%93" n1="%5A%E6%B0%91" n2="%E3%83%9E%E3%83%83%E3%82%AF%30%34" n3="%E3%81%AF%E3%81%BF%E3%82%82%E3%82%93" dan="17,17,16,18" rate="2218.08,2190.32,2154.45,2236.31" sx="M,M,F,M"/><TAIKYOKU oya="0"/><INIT seed="0,0,0,0,1,76" ten="250,250,250,250" oya="0" hai0="17,134,88,98,42,11,25,68,109,16,56,28,21" hai1="74,128,43,22,78,101,93,10,39,27,92,62,111" hai2="131,77,87,23,44,63,2,7,79,57,14,60,83" hai3="5,71,70,18,120,84,3,89,127,82,97,110,122"/><T41/><D68/><U133/><E111/><V116/><F131/><W48/><G110/><T49/><D109/><U132/><E128/><V85/><F116/><W45/><G127/><T94/><D134/><N who="1" m="51819" /><E10/><N who="2" m="4447" /><F2/><W65/><G65/><T113/><D113/><U126/><E126/><V38/><F38/><W54/><G5/><T61/><D11/><U33/><E33/><V31/><F44/><W106/><G3/><T52/><D49/><U32/><E32/><V12/><F12/><W90/><G18/><AGARI ba="0,0" hai="16,17,18,21,25,28,41,42,52,56,61,88,94,98" machi="18" ten="40,12000,1" yaku="8,1,54,3" doraHai="76" who="0" fromWho="3" sc="250,120,250,0,250,0,250,-120" /><INIT seed="0,1,0,3,2,112" ten="370,250,250,130" oya="0" hai0="54,81,11,39,51,128,38,52,78,66,41,73,124" hai1="113,40,120,93,3,105,117,35,96,126,91,15,88" hai2="23,118,100,107,125,80,77,76,18,20,43,108,59" hai3="42,82,16,103,44,110,115,61,72,102,47,69,13"/><T68/><D124/><U89/><E3/><V131/><F125/><W116/><G115/><T60/><D128/><U134/><E126/><V97/><F131/><W65/><G110/><T99/><D99/><U57/><E113/><V45/><F108/><W32/><G32/><T106/><D106/><U127/><E127/><V94/><F59/><W0/><G0/><T4/><D41/><U95/><E120/><V114/><F114/><W87/><G72/><T30/><D30/><U48/><E35/><V74/><F118/><W26/><G26/><T31/><D31/><U119/><E134/><V70/><F70/><W101/><G42/><T12/><REACH who="0" step="1"/><D54/><REACH who="0" ten="360,250,250,130" step="2"/><U111/><E105/><V33/><F107/><W63/><G116/><T49/><D49/><U7/><E111/><V5/><F97/><W25/><G61/><T19/><D19/><U34/><E40/><V17/><F18/><W1/><G63/><T83/><D83/><U85/><E119/><V90/><F17/><W50/><G50/><T46/><AGARI ba="1,1" hai="4,11,12,38,39,46,51,52,60,66,68,73,78,81" machi="46" ten="20,7800,0" yaku="1,1,0,1,7,1,54,1,53,0" doraHai="112" doraHaiUra="53" who="0" fromWho="0" sc="360,91,250,-27,250,-27,130,-27" /><INIT seed="0,2,0,1,1,89" ten="451,223,223,103" oya="0" hai0="5,63,133,123,26,98,24,19,88,124,114,54,135" hai1="45,21,47,107,73,110,43,75,80,58,81,106,84" hai2="34,2,56,117,93,31,129,100,39,44,16,18,30" hai3="109,12,27,48,0,20,112,9,66,28,91,42,90"/><T53/><D114/><U87/><E58/><V76/><F2/><W78/><G109/><T7/><D123/><U85/><E21/><V50/><F129/><W79/><G112/><T116/><D116/><U65/><E65/><V118/><F76/><N who="3" m="29227" /><G0/><T49/><D124/><U125/><E43/><N who="2" m="24863" /><F39/><W103/><G103/><T62/><D49/><U4/><E4/><V104/><F104/><W131/><G66/><T105/><D105/><U41/><E41/><V72/><F56/><W83/><G83/><T82/><D82/><U122/><E87/><V120/><F72/><W69/><G69/><T121/><D121/><U13/><E122/><V36/><F36/><W46/><G131/><T25/><D25/><U32/><E32/><V113/><F113/><W22/><G22/><T96/><D19/><AGARI ba="2,0" hai="9,12,19,20,27,28,42,46,48,90,91" m="29227" machi="19" ten="30,1000,0" yaku="8,1" doraHai="89" who="3" fromWho="0" sc="451,-16,223,0,223,0,103,16" /><INIT seed="1,0,0,1,0,57" ten="435,223,223,119" oya="1" hai0="116,11,56,29,66,72,49,1,32,80,61,97,46" hai1="30,10,89,125,50,22,28,17,12,13,113,31,58" hai2="40,119,82,2,85,69,34,70,51,83,43,99,4" hai3="101,5,9,7,37,92,103,44,64,6,120,74,131"/><U16/><E113/><V128/><F119/><W108/><G120/><T20/><D116/><U71/><E71/><V59/><F34/><W90/><G74/><T76/><D32/><U98/><E125/><V122/><F122/><W100/><G108/><T45/><D1/><U27/><E98/><V77/><F128/><W60/><G131/><T3/><D3/><U15/><E89/><V117/><F117/><W26/><G26/><T93/><D11/><N who="1" m="6271" /><E50/><V88/><F2/><W121/><G121/><T126/><D126/><U110/><E58/><V118/><F4/><W14/><G44/><T33/><D33/><N who="1" m="20639" /><E110/><V52/><F118/><W41/><G41/><T67/><D67/><U94/><E94/><V0/><F0/><W53/><G53/><T19/><D49/><U111/><E111/><V130/><F130/><W87/><G37/><T133/><D46/><U124/><E124/><V109/><F109/><W23/><REACH who="3" step="1"/><G23/><REACH who="3" ten="435,223,223,109" step="2"/><T115/><D45/><U75/><E75/><V129/><F129/><W91/><G91/><T8/><D72/><U81/><E81/><V79/><F79/><W106/><G106/><T78/><D80/><U47/><E47/><V107/><F82/><W104/><G104/><T114/><D78/><U134/><E134/><V135/><F135/><W123/><G123/><T24/><D76/><U55/><E55/><V105/><F105/><W132/><G132/><T36/><D133/><U112/><E112/><V38/><F38/><W62/><G62/><T96/><D36/><U95/><E95/><N who="2" m="56807" /><F107/><W21/><G21/><T25/><D114/><U39/><E39/><RYUUKYOKU ba="0,1" sc="435,-30,223,10,223,10,109,10" hai1="10,12,13,17,22,30,31" hai2="40,43,51,52,59,69,70,77,83,85" hai3="5,6,7,9,14,60,64,87,90,92,100,101,103" /><INIT seed="1,1,1,2,4,44" ten="405,233,233,119" oya="1" hai0="14,66,113,72,73,94,15,70,45,51,41,28,90" hai1="114,87,43,9,93,122,120,69,17,79,117,20,60" hai2="133,105,40,106,82,85,32,22,134,19,119,97,37" hai3="62,56,101,23,16,127,52,47,12,1,95,25,38"/><U64/><E114/><V131/><F32/><W11/><G127/><T27/><D113/><U53/><E117/><V129/><F37/><W75/><G75/><T33/><D70/><U71/><E71/><V96/><F40/><W5/><G38/><T88/><D66/><U39/><E9/><V78/><F119/><W92/><G101/><T10/><D14/><U26/><E43/><V81/><F19/><W55/><G47/><T46/><D46/><U42/><E42/><V34/><F34/><W86/><G55/><T128/><D128/><N who="2" m="49226" /><F82/><W50/><G62/><T103/><D103/><U77/><E39/><V132/><F22/><W4/><G4/><T135/><D135/><U18/><E18/><V111/><F111/><W108/><G108/><T123/><D123/><U100/><E122/><V116/><F116/><W2/><REACH who="3" step="1"/><G86/><REACH who="3" ten="405,233,233,109" step="2"/><T126/><D126/><U76/><E120/><V49/><F49/><W112/><G112/><T121/><D121/><U57/><E87/><V31/><F31/><W109/><G109/><T91/><REACH who="0" step="1"/><D94/><AGARI ba="1,2" hai="1,2,5,11,12,16,23,25,50,52,56,92,94,95" machi="94" ten="40,8000,1" yaku="1,1,52,1,54,2,53,1" doraHai="44" doraHaiUra="7" who="3" fromWho="0" sc="405,-83,233,0,233,0,109,103" /><INIT seed="2,0,0,0,2,13" ten="322,233,233,212" oya="2" hai0="39,105,98,0,45,51,78,130,83,112,101,85,76" hai1="34,9,66,111,75,95,120,90,6,89,31,124,110" hai2="40,93,20,55,70,88,3,64,129,50,128,2,127" hai3="123,43,37,16,4,53,107,49,23,8,73,26,54"/><V104/><F104/><W21/><G123/><T72/><D130/><N who="2" m="50282" /><F40/><W80/><G107/><T38/><D112/><U46/><E75/><V12/><F64/><W61/><G37/><T96/><D0/><U33/><E120/><V17/><F70/><W81/><G73/><T24/><D96/><U29/><E66/><V115/><F127/><W131/><G131/><T121/><D121/><U114/><E114/><V57/><F115/><W60/><G43/><T94/><D24/><U122/><E122/><V30/><F30/><W11/><G23/><T27/><D27/><U113/><E113/><V56/><F56/><N who="3" m="34839" /><G61/><T69/><D69/><U19/><E46/><V44/><F44/><N who="3" m="27815" /><G4/><T119/><D119/><U108/><E124/><V117/><F117/><W86/><G81/><T97/><D72/><U99/><E6/><V25/><F25/><W7/><G7/><T47/><D47/><U126/><E126/><V48/><F48/><W92/><G92/><T133/><D38/><U28/><REACH who="1" step="1"/><E90/><AGARI ba="0,0" hai="8,11,16,21,26,80,86,90" m="27815,34839" machi="90" ten="30,3900,0" yaku="8,1,52,1,54,1" doraHai="13" who="3" fromWho="1" sc="322,0,233,-39,233,0,212,39" /><INIT seed="3,0,0,4,0,115" ten="322,194,233,251" oya="3" hai0="72,56,45,39,100,92,34,131,116,12,120,125,55" hai1="85,1,11,79,128,63,36,91,0,44,38,65,98" hai2="121,69,122,6,35,7,64,10,52,114,89,113,86" hai3="50,95,135,110,41,30,66,96,101,94,75,18,102"/><W60/><G135/><T9/><D116/><U90/><E128/><V23/><F35/><W32/><G75/><T19/><D120/><N who="2" m="46186" /><F23/><W49/><G110/><T78/><D125/><U81/><E1/><N who="2" m="335" /><F7/><W117/><G117/><T46/><D34/><U73/><E98/><V97/><F97/><W25/><G18/><T99/><D39/><U28/><E28/><V54/><F64/><W24/><G24/><T74/><D131/><U103/><E103/><V88/><F69/><N who="3" m="42183" /><G102/><T14/><D14/><U134/><E134/><V68/><F68/><W83/><G83/><T4/><D19/><U47/><E0/><V16/><F89/><W76/><G76/><T62/><D74/><U132/><E11/><V119/><F119/><W26/><G26/><T129/><D129/><U37/><E132/><V67/><F67/><W87/><G87/><T80/><AGARI ba="0,0" hai="4,9,12,45,46,55,56,62,72,78,80,92,99,100" machi="80" ten="30,1100,0" yaku="0,1" doraHai="115" who="0" fromWho="0" sc="322,11,194,-3,233,-3,251,-5" /><INIT seed="4,0,0,2,3,109" ten="333,191,230,246" oya="0" hai0="130,48,14,119,65,46,26,21,77,52,111,104,100" hai1="107,73,47,53,59,113,99,80,0,16,71,122,121" hai2="56,55,88,129,127,49,19,95,110,28,63,58,116" hai3="31,101,22,75,61,66,64,8,62,9,132,33,39"/><T11/><D119/><U10/><E71/><V70/><F110/><W84/><G75/><T134/><D111/><U123/><E47/><V2/><F116/><W126/><G33/><T108/><D108/><U81/><E73/><V67/><F127/><W93/><G39/><T115/><D115/><U41/><E41/><V7/><F129/><W96/><G132/><T18/><D134/><U118/><E118/><V23/><F28/><W89/><G126/><T102/><D130/><U6/><E113/><V5/><F2/><W54/><G54/><T133/><D133/><U34/><E34/><V82/><F82/><W112/><G112/><T114/><D114/><U37/><E37/><V69/><F69/><W25/><G62/><T79/><D65/><U128/><E128/><V78/><F78/><N who="0" m="29706" /><D104/><U135/><E135/><V51/><F51/><W72/><G66/><T120/><D120/><U131/><E131/><V29/><F29/><AGARI ba="0,0" hai="11,14,18,21,26,29,46,48,52,100,102" m="29706" machi="29" ten="30,2900,0" yaku="8,1,54,1" doraHai="109" who="0" fromWho="2" sc="333,29,191,0,230,-29,246,0" /><INIT seed="4,1,0,3,2,9" ten="362,191,201,246" oya="0" hai0="85,119,7,24,54,71,122,57,32,116,36,129,131" hai1="69,4,38,81,29,97,82,21,104,12,77,84,15" hai2="111,78,6,120,113,128,121,62,93,14,18,89,70" hai3="45,61,13,5,92,64,28,123,8,67,55,100,33"/><T17/><D36/><U133/><E69/><V26/><F111/><W103/><G123/><T110/><D71/><U102/><E133/><V20/><F113/><W83/><G33/><T65/><D65/><U88/><E38/><V25/><F128/><N who="0" m="49226" /><D122/><U127/><E127/><V79/><F120/><W99/><G28/><N who="0" m="19463" /><D7/><U39/><E39/><V60/><F121/><W44/><G103/><T118/><D85/><U101/><E101/><V22/><F70/><W30/><G30/><T47/><D47/><U53/><E53/><V107/><F107/><W35/><G35/><T66/><D66/><N who="3" m="25129" /><G83/><T59/><D110/><U19/><E29/><V72/><F72/><W115/><G115/><T63/><D59/><AGARI ba="1,0" hai="5,8,13,44,45,55,59,61,92,99,100" m="25129" machi="59" ten="30,2000,0" yaku="8,1,52,1" doraHai="9" who="3" fromWho="0" sc="362,-23,191,0,201,0,246,23" /><INIT seed="5,0,0,5,0,1" ten="339,191,201,269" oya="1" hai0="96,73,124,86,80,65,47,82,83,113,45,6,74" hai1="116,63,102,36,49,72,35,118,115,131,77,29,12" hai2="111,64,58,133,66,99,5,17,126,101,128,71,117" hai3="91,84,34,19,39,32,107,120,81,42,98,105,31"/><U104/><E49/><V24/><F117/><W62/><G39/><T79/><D113/><U53/><E12/><V127/><F111/><W55/><G42/><T3/><D124/><N who="2" m="47658" /><F128/><W69/><G31/><T38/><D65/><N who="2" m="25194" /><F71/><W125/><G107/><T18/><D18/><U37/><E115/><V97/><F133/><W112/><G112/><T89/><D38/><N who="1" m="14955" /><E53/><V10/><F58/><W85/><G55/><T92/><D73/><U103/><E131/><V88/><F101/><W68/><G68/><T129/><D129/><U48/><E103/><V122/><F122/><W109/><G69/><T60/><D60/><U16/><E63/><V52/><F52/><W76/><G62/><T94/><D94/><U30/><E102/><V114/><F114/><W57/><G57/><T130/><D130/><U27/><E104/><V59/><F59/><W28/><G105/><T15/><D15/><U135/><E135/><V51/><F51/><W8/><G120/><T25/><D47/><U23/><E48/><V44/><F44/><W100/><G100/><N who="0" m="60423" /><D45/><U119/><E119/><V22/><F88/><W90/><G90/><T95/><D95/><U56/><E56/><V26/><F26/><W93/><G91/><T41/><D25/><N who="1" m="18895" /><E118/><V87/><F87/><W43/><G85/><T75/><D41/><U67/><E116/><V4/><F10/><W21/><G8/><N who="0" m="2143" /><D74/><U50/><E50/><V106/><F106/><W108/><G43/><T61/><D61/><U33/><E67/><V2/><F2/><W70/><G125/><T54/><D54/><U13/><E72/><V7/><AGARI ba="0,0" hai="4,5,7,17,22,24,97,99" m="25194,47658" machi="7" ten="40,8000,1" yaku="5,1,18,1,52,3" doraHai="1" who="2" fromWho="2" sc="339,-20,191,-40,201,80,269,-20" /><INIT seed="6,0,0,1,5,57" ten="319,151,281,249" oya="2" hai0="32,88,128,60,117,75,81,103,66,39,111,115,78" hai1="55,50,4,38,67,125,89,24,7,68,65,72,48" hai2="19,106,13,127,64,76,54,108,49,58,118,109,27" hai3="41,120,71,82,132,35,18,33,17,96,135,53,97"/><V10/><F106/><W133/><G41/><T94/><D111/><N who="2" m="42570" /><F118/><W21/><G120/><T77/><D39/><U91/><E38/><V134/><F134/><W25/><G71/><T80/><D32/><N who="3" m="12361" /><G53/><T26/><D128/><U30/><E72/><V47/><F127/><W59/><G59/><T131/><D115/><U105/><E105/><V56/><F76/><W63/><G63/><T90/><D131/><U114/><E114/><V102/><F102/><W52/><G52/><T15/><D26/><U46/><E125/><V1/><F1/><W92/><G82/><T99/><D15/><U124/><E124/><V29/><F64/><W37/><G37/><T31/><D31/><U28/><E55/><V101/><F101/><N who="3" m="60551" /><G97/><T40/><D40/><U84/><E68/><V123/><F123/><W126/><G126/><T130/><D117/><U0/><E0/><V23/><AGARI ba="0,0" hai="10,13,19,23,27,29,47,49,54,56,58" m="42570" machi="23" ten="30,1500,0" yaku="10,1" doraHai="57" who="2" fromWho="2" sc="319,-5,151,-5,281,15,249,-5" /><INIT seed="6,1,0,0,5,126" ten="314,146,296,244" oya="2" hai0="26,97,23,87,69,72,102,79,128,56,42,82,121" hai1="115,107,127,29,19,109,95,17,44,120,54,47,83" hai2="10,116,13,108,3,11,64,73,12,61,35,20,118" hai3="96,88,78,36,124,92,94,57,38,123,101,62,55"/><V105/><F73/><W99/><G124/><T30/><D128/><U45/><E107/><V41/><F105/><W59/><G123/><T85/><D121/><U6/><E127/><V77/><F77/><W51/><REACH who="3" step="1"/><G78/><REACH who="3" ten="314,146,296,234" step="2"/><T7/><D79/><U114/><E120/><V39/><F116/><W31/><G31/><T98/><D30/><U60/><E109/><V16/><F118/><W28/><G28/><T70/><D72/><U68/><E29/><V100/><F108/><W132/><G132/><T75/><D75/><U46/><E83/><V84/><F35/><W5/><G5/><T8/><D7/><U135/><E135/><V63/><F3/><W43/><G43/><T53/><D42/><U129/><E6/><V52/><F41/><W76/><G76/><T93/><D82/><U27/><E129/><V113/><F16/><N who="1" m="6217" /><E27/><V24/><F24/><W25/><G25/><T65/><D26/><U74/><E74/><V9/><F13/><W58/><G58/><T18/><D56/><N who="1" m="34839" /><E68/><V2/><F2/><W80/><G80/><T110/><D18/><U50/><E115/><V119/><F113/><W1/><G1/><T133/><D70/><U130/><E114/><V122/><F122/><W34/><G34/><T112/><D69/><U48/><E130/><V15/><F12/><W14/><G14/><T40/><D112/><U134/><E134/><V125/><F125/><W4/><G4/><T91/><D133/><U106/><E106/><V81/><F81/><W71/><G71/><T22/><D110/><U90/><N who="1" m="11264" /><DORA hai="33" /><U131/><E131/><V0/><F0/><RYUUKYOKU ba="1,1" sc="314,-15,146,15,296,-15,234,15" hai1="48,50,90,95" hai3="36,38,51,55,57,59,62,88,92,94,96,99,101" /><INIT seed="7,2,1,0,0,106" ten="299,161,281,249" oya="3" hai0="30,132,100,6,133,96,51,50,79,80,74,97,120" hai1="18,117,14,131,43,71,67,64,28,42,25,92,39" hai2="53,115,82,3,75,13,83,112,47,58,103,118,12" hai3="29,93,10,61,109,17,127,114,23,134,4,68,46"/><W107/><G107/><N who="0" m="63879" /><D120/><U34/><E131/><V95/><F3/><W89/><G114/><N who="2" m="43561" /><F47/><W20/><G127/><T35/><D6/><U41/><E117/><V125/><F125/><W54/><G134/><N who="0" m="51819" /><D97/><U57/><E39/><V85/><F118/><W33/><G46/><T37/><D37/><U102/><E71/><V55/><F103/><W16/><G29/><T122/><D122/><U84/><E57/><V77/><F95/><W111/><G33/><T7/><D7/><U40/><N who="1" m="10240" /><DORA hai="1" /><U94/><E94/><V2/><F2/><W124/><G54/><N who="2" m="20489" /><F58/><W129/><G61/><T63/><D63/><U0/><E0/><V116/><F116/><W22/><G68/><T52/><D52/><U60/><E60/><V27/><F27/><AGARI ba="2,1" hai="27,30,35,50,51,74,79,80" m="51819,63879" machi="27" ten="30,2000,0" yaku="20,1,52,1" doraHai="106,1" who="0" fromWho="2" sc="299,36,161,0,281,-26,249,0" owari="335,43.0,161,-34.0,255,6.0,249,-15.0" /></mjloggm>