<mjloggm ver="2.3"><GO type="169" lobby="0"/><UN n0="%E5%A4%A7%E8%A6%9A%E3%82%A2%E3%82%AD%E3%83%A9%E6%A7%98%40" n1="%E3%81%BF%E3%81%8B%E3%82%93%EF%BC%A0%E3%82%8F%E3%81%8B%E3%82%81%E3%81%A6" n2="%E9%BE%8D%E7%89%8C" n3="%43%65%63%69%6C%65%E2%88%87" dan="16,17,16,16" rate="2064.55,2176.86,2081.30,2038.43" sx="M,M,M,M"/><TAIKYOKU oya="0"/><INIT seed="0,0,0,4,1,130" ten="250,250,250,250" oya="0" hai0="66,101,114,19,53,11,63,135,2,41,13,16,10" hai1="131,55,127,58,91,14,102,88,32,47,25,75,86" hai2="50,6,28,100,123,121,60,94,87,133,40,31,81" hai3="129,36,104,84,99,61,79,45,108,34,119,20,134"/><T69/><D114/><U23/><E131/><V7/><F100/><W9/><G20/><T109/><D41/><U30/><E127/><V70/><F94/><W95/><G61/><T106/><D53/><U51/><E75/><V73/><F73/><W93/><G9/><T38/><D38/><U112/><E112/><V44/><F60/><W29/><G29/><T17/><D2/><U74/><E74/><V122/><F70/><W56/><G56/><T118/><D118/><U3/><E3/><V0/><F133/><W62/><G62/><T113/><D113/><U26/><E102/><V97/><F97/><W59/><G59/><T103/><D109/><U78/><E14/><V35/><F0/><W8/><G108/><T90/><D90/><U83/><REACH who="1" step="1"/><E47/><REACH who="1" ten="250,240,250,250" step="2"/><V67/><F122/><W124/><G45/><T52/><D103/><U27/><E27/><V15/><F15/><W68/><G124/><T107/><D101/><U22/><E22/><V46/><F121/><W43/><G129/><T128/><D128/><U115/><E115/><V80/><F123/><W71/><G119/><T48/><D106/><U105/><E105/><V49/><F44/><W96/><G104/><T126/><D107/><U4/><E4/><V120/><F46/><W77/><G34/><T37/><D126/><U54/><E54/><V85/><F35/><W18/><G8/><T125/><D125/><U117/><E117/><V132/><F120/><W72/><G72/><T21/><D21/><U1/><E1/><V39/><F7/><W92/><G36/><T42/><D37/><U65/><E65/><RYUUKYOKU ba="0,1" sc="250,-10,240,30,250,-10,250,-10" hai1="23,25,26,30,32,51,55,58,78,83,86,88,91" /><INIT seed="1,1,1,3,1,59" ten="240,270,240,240" oya="1" hai0="66,96,52,110,74,80,106,20,6,0,48,117,99" hai1="78,68,83,64,107,21,105,9,40,125,11,24,62" hai2="22,14,95,104,36,18,76,67,13,63,25,39,94" hai3="134,84,34,47,69,115,32,38,16,130,45,65,111"/><U132/><E125/><V128/><F104/><W102/><G115/><T113/><D117/><U56/><E132/><V71/><F128/><W43/><G130/><T131/><D131/><U31/><E40/><V127/><F127/><W133/><G102/><T118/><D113/><U50/><E107/><V108/><F108/><W75/><G75/><T86/><D118/><U73/><REACH who="1" step="1"/><E105/><REACH who="1" ten="240,260,240,240" step="2"/><V42/><F42/><W92/><G133/><T109/><D106/><U58/><E58/><V19/><F71/><W119/><G134/><T112/><D112/><U28/><E28/><V26/><F36/><W85/><G69/><T12/><D110/><U90/><E90/><V116/><F39/><W135/><G43/><T82/><D109/><U4/><E4/><V77/><F116/><W7/><G7/><T1/><D6/><U126/><E126/><V10/><F77/><W70/><G38/><T17/><D0/><U46/><E46/><V37/><F76/><W15/><G47/><N who="0" m="27679" /><D1/><U60/><E60/><V81/><F37/><W123/><G119/><T5/><D5/><U3/><E3/><V57/><F81/><W51/><G111/><T35/><D80/><U54/><AGARI ba="1,2" hai="9,11,21,24,31,50,54,56,62,64,68,73,78,83" machi="54" ten="30,6000,0" yaku="1,1,0,1,52,1,53,0" doraHai="59" doraHaiUra="88" who="1" fromWho="1" sc="240,-21,260,83,240,-21,240,-21" /><INIT seed="1,2,0,2,2,118" ten="219,343,219,219" oya="1" hai0="127,93,1,30,104,45,5,117,107,55,130,70,132" hai1="9,135,95,101,13,2,94,4,119,67,37,43,56" hai2="114,105,11,74,40,134,26,78,20,42,48,97,128" hai3="52,10,124,102,7,34,121,61,59,22,41,85,120"/><U65/><E119/><V0/><F128/><W100/><G34/><T87/><D117/><U49/><E135/><V17/><F134/><W64/><G41/><T83/><D132/><U47/><E2/><V69/><F69/><W81/><G22/><T111/><D70/><U89/><E101/><V72/><F105/><W60/><G124/><T63/><D30/><U96/><REACH who="1" step="1"/><E95/><REACH who="1" ten="219,333,219,219" step="2"/><V6/><F0/><W80/><G102/><T66/><D1/><U35/><E35/><V31/><F114/><W79/><G100/><T129/><D130/><U131/><E131/><V123/><F74/><W88/><G80/><T44/><D129/><U109/><E109/><V8/><F72/><W54/><G79/><T91/><D93/><U115/><E115/><V99/><F78/><W16/><G81/><T32/><D111/><U36/><E36/><V18/><F99/><W90/><G85/><T106/><D32/><U122/><E122/><V125/><F123/><W62/><G120/><T82/><D106/><U3/><E3/><V116/><F97/><W133/><G121/><T38/><D104/><U12/><E12/><N who="2" m="5143" /><F116/><W86/><G86/><T53/><D107/><U46/><E46/><N who="2" m="25671" /><F125/><W24/><G133/><T57/><D127/><U21/><E21/><V33/><F33/><W19/><G64/><T110/><D110/><U112/><E112/><V98/><F98/><W28/><G24/><T108/><D108/><U77/><E77/><V73/><F73/><W58/><G90/><T103/><D38/><U27/><E27/><V39/><F11/><W29/><G88/><T23/><D91/><RYUUKYOKU ba="2,1" sc="219,-15,333,15,219,15,219,-15" hai1="4,9,13,37,43,47,49,56,65,67,89,94,96" hai2="17,18,20,26,31,39,42" /><INIT seed="1,3,1,1,0,135" ten="204,348,234,204" oya="1" hai0="29,114,133,127,71,16,72,20,0,44,4,69,53" hai1="113,1,42,126,96,128,94,10,52,115,116,48,60" hai2="90,35,68,58,56,40,12,117,13,83,59,100,95" hai3="73,93,109,123,107,125,19,49,82,130,6,105,79"/><U3/><E116/><V47/><F117/><W132/><G6/><T122/><D114/><U45/><E128/><V63/><F35/><W66/><G66/><T24/><D72/><U84/><E84/><V21/><F68/><W57/><G123/><T23/><D133/><U50/><E60/><V11/><F100/><W131/><G132/><T38/><D122/><U102/><E126/><V65/><F83/><W76/><G19/><T119/><D119/><U22/><E22/><V33/><F33/><W92/><G49/><T85/><D85/><U61/><E61/><V31/><F31/><W124/><G57/><T78/><D78/><U39/><E39/><V110/><F110/><W121/><G121/><T97/><D97/><U118/><E118/><V7/><F21/><W89/><G89/><T75/><D75/><U64/><E64/><V120/><F120/><W41/><G41/><T51/><D38/><U8/><E8/><V9/><F40/><W86/><G73/><T106/><D106/><U14/><E115/><V91/><F47/><W103/><G86/><T30/><D127/><U54/><E113/><V67/><F67/><W5/><G109/><T55/><D55/><U104/><E104/><V26/><F95/><W88/><G82/><T111/><D111/><U32/><E32/><V134/><F134/><W81/><G81/><T17/><D0/><U28/><E28/><N who="0" m="10857" /><D4/><N who="1" m="3399" /><E42/><V77/><F77/><W87/><G5/><T101/><D101/><U70/><E70/><N who="2" m="42303" /><F26/><W2/><G103/><T98/><D98/><U37/><E37/><V108/><F108/><W15/><G124/><RYUUKYOKU ba="3,1" sc="204,10,348,10,234,10,204,-30" hai0="16,17,20,23,24,44,51,53,69,71" hai1="1,3,45,48,50,52,54,94,96,102" hai2="7,9,11,12,13,56,58,59,90,91" /><INIT seed="1,4,1,5,2,8" ten="214,358,244,174" oya="1" hai0="88,107,105,120,61,2,3,55,108,76,127,126,77" hai1="46,24,32,25,72,63,12,16,92,103,135,129,65" hai2="132,124,29,119,100,38,59,74,49,57,44,62,35" hai3="47,101,66,115,95,43,75,60,36,15,5,50,23"/><U69/><E129/><V80/><F119/><W113/><G75/><T110/><D120/><U116/><E116/><V34/><F38/><W87/><G36/><T81/><D55/><U13/><E72/><V111/><F100/><W83/><G101/><T40/><D61/><U134/><E46/><V39/><F39/><W102/><G102/><T93/><D40/><U78/><E78/><N who="0" m="30313" /><D2/><U70/><E70/><V112/><F112/><W26/><G95/><T45/><D45/><U42/><E42/><V85/><F74/><W21/><G5/><T41/><D41/><U118/><E118/><V28/><F35/><W27/><G113/><T91/><D3/><U131/><E131/><V97/><F44/><W123/><G123/><T56/><D56/><U6/><E6/><V11/><F62/><W7/><G115/><T67/><D67/><U99/><E25/><N who="3" m="9226" /><G60/><T133/><D133/><N who="1" m="50699" /><E32/><V73/><F34/><W10/><G66/><T19/><D19/><U98/><E98/><V104/><F97/><W37/><G37/><T94/><D81/><U20/><AGARI ba="4,1" hai="12,13,16,20,24,63,65,69,92,99,103" m="50699" machi="20" ten="30,11700,0" yaku="20,1,52,2,54,1" doraHai="8" who="1" fromWho="1" sc="214,-43,358,139,244,-43,174,-43" /><INIT seed="1,5,0,5,4,97" ten="171,497,201,131" oya="1" hai0="5,10,14,131,28,83,33,38,85,1,4,32,35" hai1="134,59,51,66,30,132,122,93,48,25,79,58,89" hai2="69,121,71,41,49,96,43,13,94,7,36,12,118" hai3="45,123,17,127,2,126,88,18,100,31,63,73,128"/><U92/><E122/><V102/><F118/><W129/><G123/><T72/><D38/><U112/><E112/><V39/><F121/><W65/><G73/><T60/><D72/><U95/><E79/><V46/><F49/><N who="1" m="19017" /><E89/><V81/><F81/><W116/><G45/><T78/><D60/><U3/><E3/><V111/><F111/><W101/><G2/><T80/><D131/><N who="3" m="50249" /><G31/><T19/><D5/><U68/><E68/><V98/><F7/><W62/><G88/><T120/><D120/><U84/><E84/><V52/><F52/><W90/><G90/><T54/><D54/><U55/><E66/><V124/><F124/><N who="3" m="47659" /><G63/><T77/><D28/><U133/><E55/><V40/><F40/><W108/><G108/><T0/><D4/><U74/><E74/><V130/><F130/><W106/><G106/><T37/><D37/><U22/><AGARI ba="5,0" hai="22,25,30,58,59,92,93,95,132,133,134" m="19017" machi="22" ten="40,2100,0" yaku="20,1" doraHai="97" who="1" fromWho="1" sc="171,-12,497,36,201,-12,131,-12" /><INIT seed="1,6,0,3,3,70" ten="159,533,189,119" oya="1" hai0="50,53,107,13,120,74,33,64,77,96,108,5,118" hai1="54,11,93,114,18,111,42,6,10,3,15,8,122" hai2="62,56,87,66,72,73,27,103,104,36,84,81,134" hai3="135,65,58,48,97,125,40,26,22,101,55,130,37"/><U68/><E114/><V91/><F134/><W78/><G135/><T85/><D118/><U16/><E68/><V86/><F36/><W88/><G130/><T17/><D33/><U21/><E42/><V24/><F87/><W90/><G78/><T132/><D74/><U51/><E122/><V9/><F9/><W43/><G125/><T34/><D132/><U59/><E111/><V121/><F121/><W31/><G65/><T60/><D34/><U106/><E106/><V29/><F86/><W52/><G55/><T49/><D108/><U100/><REACH who="1" step="1"/><E18/><REACH who="1" ten="159,523,189,119" step="2"/><V20/><F104/><W69/><G69/><T35/><D120/><U109/><E109/><V76/><F76/><W99/><G40/><T71/><D77/><U14/><E14/><V67/><F27/><W123/><G123/><T41/><D41/><U63/><E63/><V57/><F103/><W7/><G43/><T95/><D107/><U80/><E80/><V38/><F38/><W19/><G37/><T4/><D71/><U39/><E39/><V112/><F112/><W127/><G101/><T0/><D13/><U61/><E61/><AGARI ba="6,1" hai="20,24,29,56,57,61,62,66,67,72,73,81,84,91" machi="61" ten="40,1300,0" yaku="9,1" doraHai="70" who="2" fromWho="1" sc="159,0,523,-31,189,41,119,0" /><INIT seed="2,0,0,1,1,41" ten="159,492,230,119" oya="2" hai0="66,120,114,84,68,13,79,115,80,30,28,2,76" hai1="90,4,100,64,15,63,121,67,75,91,116,132,74" hai2="33,56,1,45,105,62,99,97,82,51,20,21,133" hai3="86,123,19,78,27,72,43,122,125,81,113,85,102"/><V104/><F33/><W128/><G128/><T107/><D120/><U57/><E116/><V5/><F133/><W10/><G125/><T8/><D107/><U92/><E132/><V18/><F104/><W134/><G134/><T96/><D2/><U111/><E121/><V53/><F82/><W126/><G126/><T42/><D76/><U54/><E111/><V101/><F99/><W88/><G102/><T14/><D14/><U59/><E100/><V77/><F77/><W39/><G85/><T127/><D127/><U52/><E4/><V69/><F69/><W73/><G113/><T106/><D42/><U46/><E15/><V49/><F49/><W60/><G60/><T95/><D106/><U17/><E17/><V12/><F1/><W44/><G72/><T55/><D55/><U110/><E110/><V118/><F5/><W131/><G131/><T98/><D98/><U94/><REACH who="1" step="1"/><E63/><REACH who="1" ten="159,482,230,119" step="2"/><V47/><F118/><W29/><G29/><T61/><D30/><U3/><E3/><V7/><F7/><W130/><G130/><T50/><D28/><U0/><E0/><V26/><F62/><W129/><G129/><T117/><D117/><U89/><E89/><V65/><F65/><W108/><G108/><T6/><D50/><U124/><E124/><V16/><AGARI ba="0,1" hai="12,16,18,20,21,26,45,47,51,53,56,97,101,105" machi="16" ten="20,12000,1" yaku="0,1,7,1,52,2,54,1" doraHai="41" who="2" fromWho="2" sc="159,-40,482,-40,230,130,119,-40" /><INIT seed="2,1,0,0,5,60" ten="119,442,360,79" oya="2" hai0="108,115,110,3,123,127,68,98,135,6,55,62,125" hai1="80,39,10,121,16,99,43,38,87,49,58,32,65" hai2="23,86,102,1,120,101,132,128,2,88,14,25,12" hai3="134,124,96,66,35,34,33,31,83,93,72,78,20"/><V122/><F128/><W30/><G134/><T41/><D98/><U118/><E118/><V71/><F132/><W105/><G124/><N who="0" m="47691" /><D6/><U113/><E113/><V92/><F71/><W85/><G20/><T133/><D3/><U56/><E32/><V131/><F131/><W116/><G116/><T51/><D115/><U76/><E99/><V69/><F69/><W129/><G129/><T11/><D11/><U130/><E130/><V4/><F2/><W74/><G74/><T22/><D22/><U54/><E43/><V103/><F1/><W47/><G47/><N who="0" m="26095" /><D123/><U114/><E114/><V106/><F106/><W81/><G81/><T117/><D117/><U15/><E121/><V29/><REACH who="2" step="1"/><F12/><REACH who="2" ten="119,442,350,79" step="2"/><W82/><G105/><T17/><D68/><U91/><E15/><V63/><F63/><W19/><G35/><T28/><D135/><U97/><E38/><V40/><F40/><W53/><G33/><T70/><D133/><U77/><E39/><V37/><F37/><W57/><G34/><T95/><D70/><U104/><E104/><V7/><F7/><W84/><G19/><T90/><D62/><N who="1" m="38103" /><E16/><V8/><AGARI ba="1,1" hai="4,8,14,23,25,29,86,88,92,101,102,103,120,122" machi="8" ten="30,6000,0" yaku="1,1,0,1,54,1,53,0" doraHai="60" doraHaiUra="111" who="2" fromWho="2" sc="119,-21,442,-21,350,73,79,-21" /><INIT seed="2,2,0,5,2,106" ten="98,421,423,58" oya="2" hai0="132,69,14,118,74,107,32,10,46,40,76,49,60" hai1="70,95,7,98,3,57,102,90,26,15,87,58,126" hai2="94,129,84,44,134,16,103,116,21,33,105,62,39" hai3="68,127,112,125,38,50,1,19,6,22,43,113,37"/><V24/><F116/><W4/><G68/><T12/><D107/><U117/><E117/><V115/><F115/><N who="3" m="44107" /><G50/><T28/><D132/><U61/><E3/><V41/><F134/><W64/><G64/><T86/><D74/><U108/><E126/><N who="3" m="48138" /><G43/><T80/><D118/><U88/><E108/><V34/><F129/><W47/><G47/><T0/><D0/><U82/><E26/><V75/><F62/><W31/><G31/><T73/><D86/><U130/><E130/><V17/><F75/><W120/><G120/><T133/><D133/><U101/><E70/><V59/><F59/><N who="1" m="22537" /><E61/><V93/><F17/><W45/><G45/><T29/><D14/><U81/><E81/><V114/><F114/><W111/><G111/><T48/><D48/><U124/><E124/><V18/><F18/><W67/><G67/><T91/><D32/><U135/><E135/><V104/><F34/><W110/><G110/><T123/><D123/><U77/><E102/><V96/><REACH who="2" step="1"/><F33/><REACH who="2" ten="98,421,413,58" step="2"/><W99/><G6/><T11/><D60/><U36/><E36/><V8/><F8/><AGARI ba="2,1" hai="7,8,15,77,82,87,88,90,95,98,101" m="22537" machi="8" ten="30,2000,0" yaku="8,1,54,1" doraHai="106" who="1" fromWho="2" sc="98,0,421,36,413,-26,58,0" /><INIT seed="3,0,0,0,0,35" ten="98,457,387,58" oya="3" hai0="125,61,135,16,62,13,14,71,15,52,102,17,28" hai1="112,11,89,117,67,123,56,53,47,6,129,131,111" hai2="120,100,48,106,29,74,23,91,73,92,1,86,26" hai3="66,72,18,130,78,103,40,37,84,83,58,30,93"/><W99/><G30/><T39/><D39/><U133/><E112/><V38/><F38/><W118/><G118/><T7/><D135/><U104/><E123/><V31/><F120/><W32/><G32/><T63/><D125/><U69/><E133/><V121/><F31/><W4/><G130/><N who="1" m="49674" /><E104/><V132/><F1/><W82/><G4/><T41/><D71/><U124/><E124/><V97/><F132/><W107/><G18/><N who="0" m="7275" /><D28/><U55/><E111/><V119/><F119/><W0/><G0/><T25/><D41/><U76/><E76/><V10/><F10/><W75/><G37/><T57/><D102/><U126/><E69/><V116/><F116/><W3/><G3/><T45/><D25/><U12/><E126/><V109/><F109/><W110/><G40/><T2/><D2/><U42/><E89/><V127/><F121/><W68/><G58/><T9/><D45/><U5/><E5/><V94/><F127/><W44/><G44/><T96/><D96/><U90/><E90/><V46/><REACH who="2" step="1"/><F106/><REACH who="2" ten="98,457,377,58" step="2"/><W24/><G110/><T88/><D9/><U54/><E117/><V108/><F108/><W77/><G107/><T79/><D7/><U113/><E113/><V87/><F87/><W85/><G24/><T64/><D64/><U70/><E67/><V51/><F51/><W43/><G43/><AGARI ba="0,1" hai="23,26,29,43,46,48,73,74,86,91,92,94,97,100" machi="43" ten="30,3900,0" yaku="1,1,7,1,53,1" doraHai="35" doraHaiUra="21" who="2" fromWho="3" sc="98,0,457,0,377,49,58,-39" /><INIT seed="4,0,0,3,0,109" ten="98,457,426,19" oya="0" hai0="68,94,99,76,40,86,64,30,79,38,100,32,117" hai1="97,92,37,31,1,66,71,61,72,27,8,51,47" hai2="121,52,116,130,36,21,106,16,59,69,119,39,104" hai3="6,131,35,24,44,41,48,133,33,129,108,19,13"/><T23/><D117/><N who="2" m="45130" /><F69/><W0/><G108/><T55/><D32/><U5/><E72/><V93/><F93/><W122/><G133/><T90/><D55/><U26/><E37/><N who="2" m="14411" /><F121/><W128/><G122/><T132/><D132/><U58/><E71/><V75/><F75/><W45/><G0/><T124/><D124/><U29/><E29/><V102/><F102/><W105/><G105/><T22/><D40/><U4/><E4/><V14/><F130/><W73/><G73/><T28/><D38/><U17/><E17/><V70/><F70/><W2/><G45/><T78/><D64/><U111/><E111/><V49/><AGARI ba="0,0" hai="14,16,21,49,52,59,104,106" m="14411,45130" machi="49" ten="30,4000,0" yaku="12,1,54,2" doraHai="109" who="2" fromWho="2" sc="98,-20,457,-10,426,40,19,-10" /><INIT seed="5,0,0,5,5,117" ten="78,447,466,9" oya="1" hai0="66,47,49,3,90,26,59,116,77,74,101,78,8" hai1="96,79,133,10,111,129,7,33,24,86,14,95,50" hai2="34,92,114,69,28,5,102,87,21,120,6,11,93" hai3="43,38,39,15,72,110,18,104,36,22,83,30,115"/><U53/><E129/><V121/><F69/><W119/><G110/><T100/><D116/><U67/><E111/><V37/><F34/><W51/><G119/><T91/><D26/><U35/><E133/><V32/><F32/><W68/><G68/><T46/><D74/><U126/><E126/><V124/><F37/><W62/><G104/><T123/><D3/><U9/><E67/><V106/><F106/><W16/><G30/><T135/><D123/><U31/><E10/><V52/><F124/><W134/><G134/><T88/><D8/><U76/><E86/><V56/><F114/><W89/><G62/><N who="0" m="38239" /><D135/><U71/><E35/><V55/><F11/><W132/><G132/><T1/><D1/><U13/><E13/><V64/><F64/><W63/><G63/><T25/><D25/><U61/><E61/><V108/><F108/><W45/><G115/><T122/><D122/><U107/><E107/><V65/><F65/><W44/><G72/><T97/><D97/><U40/><E40/><V113/><F113/><W103/><G103/><N who="0" m="39499" /><D46/><U17/><E7/><V130/><F130/><W23/><G45/><T131/><D131/><U125/><E71/><V27/><F27/><W73/><G73/><T12/><D12/><U41/><E41/><AGARI ba="0,0" hai="41,47,49,77,78,88,90,91" m="39499,38239" machi="41" ten="30,2000,0" yaku="8,1,54,1" doraHai="117" who="0" fromWho="1" sc="78,20,447,-20,466,0,9,0" /><INIT seed="6,0,0,0,0,125" ten="98,427,466,9" oya="2" hai0="85,15,37,78,70,81,112,58,55,49,28,20,41" hai1="97,100,29,2,6,9,74,48,25,38,73,111,4" hai2="107,92,63,22,71,118,61,80,96,95,66,75,11" hai3="27,7,50,99,39,127,115,10,0,91,102,133,88"/><V121/><F118/><W83/><G39/><T119/><D70/><U114/><E111/><V109/><F121/><W113/><G127/><T8/><D112/><N who="3" m="43081" /><G133/><T117/><D37/><U82/><E114/><V128/><F128/><W43/><G27/><T17/><D41/><U134/><E134/><V30/><F11/><W46/><G83/><T69/><D69/><U40/><E6/><V59/><F109/><W13/><G0/><T72/><D72/><U104/><E82/><V130/><F130/><W53/><G53/><T76/><D76/><U98/><E48/><V47/><F47/><W123/><G123/><T57/><D57/><U3/><E98/><V44/><F44/><W23/><G23/><T26/><AGARI ba="0,0" hai="8,15,17,20,26,28,49,55,58,78,81,85,117,119" machi="26" ten="30,1100,0" yaku="0,1" doraHai="125" who="0" fromWho="0" sc="98,11,427,-3,466,-5,9,-3" /><INIT seed="7,0,0,2,1,6" ten="109,424,461,6" oya="3" hai0="100,110,95,43,0,93,45,111,84,42,25,11,7" hai1="20,131,86,135,75,60,104,94,13,52,40,74,24" hai2="77,23,89,125,54,127,79,133,65,16,4,49,116" hai3="117,113,109,72,115,57,71,85,28,19,81,3,64"/><W67/><G117/><T46/><D25/><U99/><E131/><V53/><F116/><W122/><G122/><T102/><D84/><U78/><E135/><V83/><F4/><W91/><G71/><T108/><D93/><U47/><E104/><V105/><F105/><W132/><G132/><T103/><REACH who="0" step="1"/><D95/><REACH who="0" ten="99,424,461,6" step="2"/><U101/><E13/><V63/><F133/><W14/><G3/><T12/><D12/><U22/><E86/><V10/><F125/><W112/><G28/><T15/><D15/><U107/><E107/><V66/><F127/><W106/><G106/><T82/><D82/><U1/><E1/><V44/><F83/><W123/><G123/><T2/><D2/><U27/><E78/><V130/><F79/><W118/><G118/><T97/><D97/><U38/><E27/><V31/><F77/><W129/><G129/><T96/><D96/><U51/><E38/><V32/><F130/><W128/><G128/><T73/><D73/><U17/><REACH who="1" step="1"/><E22/><REACH who="1" ten="99,414,461,6" step="2"/><V80/><F23/><N who="3" m="11767" /><G72/><T121/><D121/><U5/><E5/><V21/><F21/><W30/><G30/><T68/><D68/><U59/><AGARI ba="0,2" hai="17,20,24,40,47,51,52,59,60,74,75,94,99,101" machi="59" ten="30,4000,0" yaku="1,1,0,1,54,1,53,0" doraHai="6" doraHaiUra="26" who="1" fromWho="1" sc="99,-10,414,60,461,-10,6,-20" owari="89,-31.0,474,57.0,451,25.0,-14,-51.0" /></mjloggm>