<mjloggm ver="2.3"><GO type="169" lobby="0"/><UN n0="%E3%82%B5%E3%83%95%E3%82%A9%E3%83%BC%E3%82%AF%E3%81%AE%E7%94%BA" n1="%68%61%6A%6E%61%6C" n2="%E3%82%A2%E3%83%A1%E3%83%B3%E3%83%9D%E3%81%A6%E3%81%B5" n3="%E3%81%8A%E3%81%98%E3%81%95%E3%82%93" dan="17,16,16,17" rate="2253.27,2081.34,2151.07,2232.27" sx="M,M,M,M"/><TAIKYOKU oya="0"/><INIT seed="0,0,0,0,1,66" ten="250,250,250,250" oya="0" hai0="114,123,65,32,56,1,83,44,41,120,46,70,54" hai1="85,58,40,102,74,63,3,86,124,50,17,109,42" hai2="55,99,96,77,78,113,47,79,45,121,52,100,5" hai3="6,18,75,30,103,90,117,27,94,34,97,26,15"/><T35/><D1/><U62/><E74/><V14/><F121/><W38/><G75/><T25/><D114/><U12/><E3/><V19/><F113/><W122/><G117/><T28/><D35/><U128/><E109/><V108/><F108/><W88/><G122/><T13/><D46/><N who="2" m="17418" /><F5/><W134/><G38/><T87/><D13/><U33/><E102/><V129/><F129/><W107/><G134/><T81/><D81/><U133/><E124/><V116/><F116/><W43/><G43/><T106/><D106/><U95/><E33/><V98/><F100/><W68/><G68/><T110/><D110/><U105/><E105/><V126/><F126/><W29/><G6/><T69/><D65/><U23/><E128/><V7/><F7/><W39/><G39/><T8/><D8/><AGARI ba="0,0" hai="8,14,19,52,55,77,78,79,96,98,99" m="17418" machi="8" ten="30,2000,0" yaku="8,1,54,1" doraHai="66" who="2" fromWho="0" sc="250,-20,250,0,250,20,250,0" /><INIT seed="1,0,0,2,3,133" ten="230,250,270,250" oya="1" hai0="21,8,86,32,84,97,99,11,52,71,12,135,78" hai1="124,108,65,94,59,51,38,6,39,2,103,18,13" hai2="63,26,95,112,44,36,93,53,46,80,34,69,35" hai3="55,5,3,76,50,77,116,10,43,22,83,111,81"/><U28/><E2/><V66/><F112/><W121/><G121/><T101/><D32/><U42/><E6/><V127/><F80/><W114/><G114/><T45/><D71/><U14/><E28/><V23/><F46/><W30/><G111/><T73/><D73/><U70/><E39/><V129/><F129/><W122/><G122/><T75/><D135/><U102/><E108/><V9/><F9/><W104/><G104/><T49/><D75/><U1/><E1/><V58/><F127/><W25/><G43/><T88/><D78/><U115/><E70/><V113/><F113/><W89/><G116/><T17/><D86/><U98/><E38/><V106/><F106/><W120/><G120/><T62/><D62/><N who="1" m="38111" /><E124/><V0/><F0/><W100/><G100/><N who="1" m="38442" /><E115/><V131/><F131/><W82/><REACH who="3" step="1"/><G89/><REACH who="3" ten="230,250,270,240" step="2"/><T110/><D110/><U54/><E42/><V130/><F130/><W56/><AGARI ba="0,1" hai="3,5,10,22,25,30,50,55,56,76,77,81,82,83" machi="56" ten="30,7900,0" yaku="1,1,2,1,0,1,53,1" doraHai="133" doraHaiUra="7" who="3" fromWho="3" sc="230,-20,250,-39,270,-20,240,89" /><INIT seed="2,0,0,4,0,96" ten="210,211,250,329" oya="2" hai0="122,73,93,107,84,134,112,67,120,40,47,62,63" hai1="65,25,35,88,111,83,39,77,113,13,90,123,11" hai2="105,131,100,20,128,37,70,60,74,133,15,12,103" hai3="119,114,38,98,24,26,106,116,22,102,110,59,52"/><V124/><F105/><W48/><G110/><T104/><D112/><U92/><E39/><V2/><F2/><W43/><G114/><T0/><D73/><U28/><E111/><V97/><F97/><W129/><G129/><N who="2" m="49737" /><F74/><W51/><G38/><T99/><D0/><U126/><E113/><V57/><F70/><W81/><G81/><T55/><D134/><U135/><E135/><V32/><F32/><W108/><G108/><T31/><D31/><U76/><E65/><N who="2" m="39055" /><F133/><W3/><G3/><T61/><D55/><U130/><E130/><V91/><F37/><W14/><G14/><N who="2" m="5161" /><F124/><W56/><G26/><T121/><D67/><U72/><E126/><V117/><F117/><W66/><G66/><T125/><D84/><U87/><E123/><V36/><F36/><W68/><G68/><T53/><D125/><U23/><E35/><V18/><F91/><W5/><G5/><T58/><D107/><U69/><E72/><V30/><F30/><W42/><G42/><T78/><D78/><U9/><E69/><V132/><F132/><W85/><G85/><T82/><D104/><U71/><E71/><V127/><F127/><W86/><G86/><T46/><D82/><U89/><E76/><V10/><F10/><W109/><G109/><T21/><D21/><U75/><E9/><V118/><F118/><W44/><G59/><T95/><D40/><U33/><E33/><V80/><F80/><W45/><G56/><T115/><D115/><U1/><E1/><V79/><F79/><W8/><G8/><T34/><D121/><U17/><AGARI ba="0,0" hai="11,13,17,23,25,28,75,77,83,87,88,89,90,92" machi="17" ten="20,2700,0" yaku="0,1,7,1,54,1" doraHai="96" who="1" fromWho="1" sc="210,-7,211,27,250,-13,329,-7" /><INIT seed="3,0,0,5,0,57" ten="203,238,237,322" oya="3" hai0="14,55,30,24,126,103,105,115,128,66,77,38,41" hai1="127,106,2,107,60,42,80,82,98,53,50,49,111" hai2="9,44,61,109,43,95,133,37,8,31,88,68,104" hai3="122,69,73,124,123,36,39,101,74,120,29,12,47"/><W1/><G1/><T22/><D128/><U92/><E2/><V129/><F104/><W26/><G124/><T3/><D3/><U27/><E42/><V6/><F129/><W34/><G12/><T130/><D130/><U131/><E111/><V28/><F109/><W11/><G11/><T87/><D126/><U35/><E92/><V117/><F117/><W52/><G101/><T112/><D66/><U91/><E131/><V54/><F133/><W108/><G108/><T83/><D55/><U84/><E35/><V67/><F8/><W125/><G125/><T118/><D118/><U33/><E33/><V45/><F45/><W63/><G52/><T81/><D41/><U90/><E53/><V110/><F110/><W85/><G85/><T13/><D38/><N who="3" m="14377" /><G47/><T10/><D83/><U76/><E84/><V4/><F54/><W23/><G23/><T119/><D119/><U16/><E127/><V79/><F79/><W99/><G99/><N who="0" m="61695" /><D10/><U65/><E98/><V102/><F102/><W40/><G40/><T25/><D24/><U18/><E76/><V116/><F116/><W62/><G62/><T97/><D97/><U21/><E27/><V94/><F94/><W75/><G63/><T15/><D115/><U71/><E60/><V19/><F6/><W59/><G59/><T132/><D132/><U64/><E21/><V70/><F70/><AGARI ba="0,0" hai="26,29,34,69,70,73,74,75,120,122,123" m="14377" machi="70" ten="50,2400,0" yaku="23,1" doraHai="57" who="3" fromWho="2" sc="203,0,238,0,237,-24,322,24" /><AGARI ba="0,0" hai="16,18,49,50,64,65,70,71,80,82,90,91,106,107" machi="70" ten="25,3200,0" yaku="22,2,54,1" doraHai="57" who="1" fromWho="2" sc="203,0,238,32,213,-32,346,0" /><INIT seed="3,1,0,4,0,9" ten="203,270,181,346" oya="3" hai0="73,24,47,77,90,62,92,35,70,124,91,129,18" hai1="130,120,64,80,134,56,39,89,65,133,93,43,26" hai2="54,119,59,44,75,55,8,128,121,88,51,21,94" hai3="123,76,22,50,112,60,31,126,97,46,4,78,114"/><W45/><G126/><T63/><D124/><U42/><E80/><V25/><F128/><W110/><G123/><T95/><D129/><U107/><E107/><V23/><F119/><W34/><G34/><T29/><D73/><U49/><E120/><V11/><F121/><W14/><G46/><T103/><D103/><U53/><E26/><V96/><F75/><W6/><G114/><T13/><D77/><U85/><E130/><V111/><F23/><W84/><G112/><T131/><D131/><U30/><E30/><V17/><REACH who="2" step="1"/><F111/><REACH who="2" ten="203,270,171,346" step="2"/><W98/><G22/><T7/><D35/><U127/><E127/><V106/><F106/><W113/><G113/><T27/><D29/><U87/><E134/><V16/><F16/><W58/><G110/><T28/><D28/><U3/><E133/><V83/><F83/><W67/><G31/><T12/><D18/><U79/><E93/><V38/><F38/><W108/><G108/><T74/><D74/><U99/><E39/><V61/><AGARI ba="1,1" hai="8,11,17,21,25,44,51,54,55,59,61,88,94,96" machi="61" ten="20,16000,3" yaku="1,1,0,1,7,1,25,2,8,1,54,1,53,2" doraHai="9" doraHaiUra="5" who="2" fromWho="2" sc="203,-41,270,-41,171,173,346,-81" /><INIT seed="4,0,0,0,5,9" ten="162,229,344,265" oya="0" hai0="11,97,93,41,78,88,15,13,68,87,125,19,116" hai1="31,134,26,85,17,90,79,105,38,37,131,132,30" hai2="6,103,94,65,124,39,91,60,35,61,122,29,0" hai3="133,54,42,135,120,123,76,77,119,44,75,40,71"/><T110/><D125/><U72/><E105/><V3/><F39/><N who="1" m="14857" /><E72/><V2/><F122/><N who="3" m="46635" /><G71/><T53/><D116/><U66/><E79/><N who="3" m="30282" /><G75/><T47/><D110/><U80/><E66/><V4/><F124/><W28/><G28/><T59/><D68/><U43/><E43/><N who="3" m="16426" /><G119/><T55/><D78/><U25/><E131/><V130/><F130/><W73/><G73/><T50/><D59/><U117/><E117/><V126/><F29/><N who="1" m="10761" /><E17/><V99/><F126/><W1/><G1/><T10/><D87/><U121/><E121/><V23/><F2/><W111/><G111/><T98/><D98/><U24/><E24/><V21/><F3/><W129/><G129/><T89/><D89/><U58/><E58/><V69/><F0/><W45/><G54/><T106/><D106/><U104/><E104/><V33/><F69/><W62/><G62/><T8/><D8/><U22/><E25/><V7/><F61/><W48/><G48/><T109/><D109/><U114/><E26/><V83/><F60/><W36/><G36/><T49/><D49/><U57/><E57/><V27/><F27/><W12/><G12/><T86/><D86/><U127/><E127/><V84/><F65/><W70/><G70/><T32/><D32/><U52/><E52/><V108/><F108/><W112/><G112/><T34/><D34/><U95/><E114/><V5/><N who="2" m="1024" /><DORA hai="20" /><V46/><F35/><W102/><G102/><T51/><D51/><U115/><E115/><V107/><F33/><W113/><G113/><T16/><AGARI ba="0,0" hai="10,11,13,15,16,19,41,47,50,53,55,88,93,97" machi="16" ten="20,24000,3" yaku="0,1,7,1,9,1,8,1,52,2,54,2" doraHai="9,20" who="0" fromWho="0" sc="162,240,229,-80,344,-80,265,-80" /><INIT seed="4,1,0,1,5,18" ten="402,149,264,185" oya="0" hai0="12,108,127,52,11,0,54,122,116,69,57,131,112" hai1="21,96,79,109,118,93,77,68,2,3,47,84,16" hai2="64,15,55,111,89,70,41,51,30,107,88,42,34" hai3="123,90,23,50,31,104,120,44,49,92,29,22,45"/><T61/><D116/><U80/><E109/><V74/><F111/><W56/><G56/><T46/><D108/><U28/><E68/><V39/><F74/><W94/><REACH who="3" step="1"/><G90/><REACH who="3" ten="402,149,264,175" step="2"/><T7/><D57/><U91/><E118/><V134/><F88/><W117/><G117/><T6/><D69/><U81/><E47/><V1/><F89/><W82/><G82/><T24/><D46/><U27/><REACH who="1" step="1"/><E28/><REACH who="1" ten="402,139,264,175" step="2"/><V105/><F30/><W63/><G63/><T9/><D61/><U25/><E25/><V36/><F70/><W83/><G83/><T125/><D24/><U67/><E67/><V132/><F64/><W129/><G129/><T66/><D131/><U130/><E130/><V101/><F132/><W4/><G4/><T75/><D66/><U32/><E32/><V65/><F34/><W37/><G37/><T128/><D128/><U126/><E126/><V62/><F134/><W20/><G20/><T19/><D7/><U78/><E78/><V5/><F65/><W26/><G26/><T72/><D125/><U87/><AGARI ba="1,2" hai="2,3,16,21,27,77,79,80,81,84,87,91,93,96" machi="87" ten="20,12000,2" yaku="1,1,0,1,7,1,9,1,52,1,54,1,53,0" doraHai="18" doraHaiUra="99" who="1" fromWho="1" sc="402,-61,139,143,264,-31,175,-31" /><INIT seed="5,0,0,3,2,45" ten="341,282,233,144" oya="1" hai0="34,122,62,123,94,109,48,134,126,4,52,58,113" hai1="3,75,20,63,116,88,120,38,47,15,135,100,108" hai2="28,9,36,41,98,39,61,91,128,44,6,105,67" hai3="35,5,83,64,19,27,59,57,96,66,56,32,26"/><U33/><E116/><V90/><F128/><W76/><G5/><T87/><D109/><U0/><E75/><V65/><F36/><W30/><G96/><T127/><D113/><U104/><E120/><V72/><F28/><W106/><G106/><T74/><D74/><U121/><E121/><N who="0" m="46089" /><D34/><U16/><E33/><V78/><F105/><W46/><G46/><T43/><D4/><U14/><E108/><V117/><F98/><W114/><G114/><T118/><D134/><U21/><E100/><V60/><F117/><W110/><G110/><T86/><D118/><U53/><E104/><V103/><F103/><W115/><G115/><T49/><D43/><U133/><E88/><N who="2" m="33835" /><F65/><W112/><G112/><T92/><D92/><U40/><E135/><V131/><F67/><W23/><REACH who="3" step="1"/><G35/><REACH who="3" ten="341,282,233,134" step="2"/><T85/><D94/><U71/><E133/><V81/><F131/><W17/><G17/><T95/><D95/><U129/><E129/><V79/><F79/><W101/><G101/><T10/><D10/><U89/><E21/><V70/><F70/><W68/><G68/><T18/><D18/><U82/><E71/><V37/><F37/><W119/><G119/><T97/><D97/><U102/><E102/><V42/><F42/><W8/><G8/><T55/><D62/><U99/><E99/><V12/><F60/><W80/><G80/><T54/><D58/><N who="1" m="35279" /><E20/><V111/><F61/><W11/><G11/><T77/><D77/><U93/><E16/><V84/><F111/><W1/><G1/><N who="1" m="586" /><E82/><V2/><F2/><W7/><G7/><T51/><AGARI ba="0,1" hai="48,49,51,52,54,55,85,86,87,126,127" m="46089" machi="51" ten="40,16000,3" yaku="29,2,28,2,13,1,52,3,54,1" doraHai="45" who="0" fromWho="0" sc="341,170,282,-80,233,-40,134,-40" /><INIT seed="6,0,0,5,0,130" ten="511,202,193,94" oya="2" hai0="118,63,18,5,10,45,37,22,46,132,73,0,84" hai1="28,98,51,95,93,39,40,128,6,23,97,75,58" hai2="65,111,14,83,52,106,91,127,99,33,62,90,54" hai3="110,101,49,107,68,108,135,66,78,55,24,79,104"/><V125/><F33/><W44/><G101/><T43/><D132/><U87/><E75/><V123/><F123/><W71/><G24/><T116/><D73/><U115/><E39/><V53/><F111/><W92/><G92/><T133/><D133/><U7/><E115/><V3/><F3/><W114/><G49/><T9/><D9/><U31/><E87/><V56/><F14/><W50/><G50/><T27/><D46/><U112/><E112/><V59/><F59/><W67/><G44/><T120/><D120/><U81/><E81/><V129/><F129/><W89/><G114/><T20/><D20/><U105/><E105/><V29/><F29/><W64/><G89/><T60/><D84/><U41/><E128/><V121/><F121/><W80/><G80/><T102/><D102/><U134/><E23/><V72/><F99/><W57/><G57/><T35/><D35/><U86/><E86/><V113/><F106/><W30/><G30/><T74/><D74/><U69/><E58/><V109/><F109/><W15/><G67/><T12/><D12/><U122/><E51/><V8/><F8/><W47/><G15/><T70/><D63/><U4/><E122/><V32/><F32/><W88/><G88/><N who="2" m="33833" /><F113/><W117/><G47/><T2/><D2/><U76/><E69/><V16/><F16/><W96/><G96/><T11/><D11/><U25/><E4/><V13/><F13/><W48/><G135/><T42/><D70/><U77/><E134/><V103/><F103/><W61/><G71/><T17/><D18/><U82/><E82/><V19/><F19/><RYUUKYOKU ba="0,0" sc="511,-15,202,15,193,15,94,-15" hai1="6,7,25,28,31,40,41,76,77,93,95,97,98" hai2="52,53,54,56,62,65,72,83,125,127" /><INIT seed="6,1,0,3,4,62" ten="496,217,208,79" oya="2" hai0="71,47,5,84,134,117,3,44,85,22,131,27,6" hai1="120,18,52,40,67,45,24,111,93,86,17,0,105" hai2="92,124,80,9,87,108,69,132,90,50,49,39,16" hai3="135,8,122,65,99,109,76,15,68,32,46,88,83"/><V113/><F113/><W89/><G122/><T127/><D71/><U70/><E105/><V25/><F39/><W10/><G32/><T110/><D110/><U26/><E0/><V51/><F69/><W34/><G34/><T29/><D134/><U14/><E111/><V66/><F108/><W73/><G109/><T103/><D131/><U91/><E120/><V28/><F132/><W55/><G135/><T106/><D127/><U129/><E129/><V54/><F124/><W59/><G46/><T119/><D103/><U112/><E18/><V36/><F36/><W100/><G68/><T74/><D74/><U19/><E17/><V114/><F114/><W102/><G102/><T38/><D106/><U79/><E79/><N who="2" m="46495" /><F66/><W130/><G130/><T21/><D38/><U7/><E112/><V78/><F28/><W97/><G97/><T53/><D3/><U58/><E67/><V96/><F78/><W72/><G72/><T41/><D53/><U82/><E70/><V61/><F61/><W23/><G23/><T30/><D27/><U60/><E24/><V133/><F133/><W57/><G65/><T43/><AGARI ba="1,0" hai="5,6,21,22,29,30,41,43,44,47,84,85,117,119" machi="43" ten="25,3200,0" yaku="0,1,22,2" doraHai="62" who="0" fromWho="0" sc="496,35,217,-9,208,-17,79,-9" /><INIT seed="7,0,0,2,0,41" ten="531,208,191,70" oya="3" hai0="10,71,92,54,97,110,79,14,113,28,123,109,127" hai1="3,38,116,42,77,74,31,26,80,7,15,114,70" hai2="131,36,91,35,115,94,96,2,119,57,66,11,1" hai3="72,64,117,103,6,90,102,60,0,118,101,13,19"/><W107/><G107/><T40/><D71/><U69/><E15/><V130/><F119/><W58/><G72/><T126/><D123/><U65/><E116/><V98/><F35/><W63/><G6/><T75/><D113/><U12/><E12/><V62/><F115/><W122/><G0/><T129/><D129/><N who="2" m="49162" /><F36/><W104/><G104/><T18/><D40/><U88/><E88/><N who="2" m="55367" /><F11/><W46/><G122/><T82/><D54/><U87/><E87/><V43/><F43/><W83/><G63/><T44/><D44/><N who="1" m="23639" /><E114/><V24/><F24/><W48/><G90/><T89/><REACH who="0" step="1"/><D28/><REACH who="0" ten="521,208,191,70" step="2"/><U73/><E31/><V25/><F25/><W93/><G93/><AGARI ba="0,1" hai="1,2,57,62,66,91,93,98" m="55367,49162" machi="93" ten="30,2000,0" yaku="19,1,54,1" doraHai="41" who="2" fromWho="3" sc="521,0,208,0,191,30,70,-20" owari="521,62.0,208,-19.0,221,2.0,50,-45.0" /></mjloggm>