<mjloggm ver="2.3"><GO type="169" lobby="0"/><UN n0="%E3%81%8B%E3%81%93%E3%81%A8%E3%82%93" n1="%E8%8A%B1%E6%BE%A4%E3%83%91%E3%82%AF%E3%83%81%E3%83%BC" n2="%E3%81%B2%E3%81%90%E3%81%A1" n3="%E5%AE%88%E6%9D%91%E6%A1%9C%E5%BC%A5" dan="17,16,16,17" rate="2105.76,2089.87,2093.70,2162.37" sx="M,M,M,M"/><TAIKYOKU oya="0"/><INIT seed="0,0,0,4,3,115" ten="250,250,250,250" oya="0" hai0="53,54,129,4,75,70,33,21,44,130,64,84,19" hai1="8,49,111,112,43,45,133,122,88,65,22,135,68" hai2="31,10,114,40,1,25,100,98,34,9,61,46,120" hai3="62,78,92,86,26,12,123,74,28,7,0,73,23"/><T42/><D75/><U117/><E112/><V41/><F114/><W67/><G123/><T66/><D33/><U76/><E122/><V14/><F120/><W47/><G0/><T17/><D4/><U63/><E76/><V6/><F46/><W134/><G134/><T81/><D17/><U59/><E111/><V107/><REACH who="2" step="1"/><F61/><REACH who="2" ten="250,250,240,250" step="2"/><W30/><G47/><T27/><D129/><U24/><E135/><V11/><F11/><W20/><G62/><T126/><D130/><U2/><E133/><V13/><F13/><W109/><G12/><T101/><D126/><U110/><E110/><V94/><F94/><W116/><G92/><T52/><D70/><U36/><E8/><V99/><F99/><W60/><G60/><T77/><REACH who="0" step="1"/><D101/><REACH who="0" ten="240,250,240,250" step="2"/><U131/><E68/><V113/><F113/><W85/><G109/><T103/><D103/><U58/><E131/><V91/><F91/><W83/><G78/><T50/><AGARI ba="0,2" hai="19,21,27,42,44,50,52,53,54,64,66,77,81,84" machi="50" ten="30,12000,1" yaku="1,1,0,1,8,1,54,1,53,1" doraHai="115" doraHaiUra="38" who="0" fromWho="0" sc="240,140,250,-40,240,-40,250,-40" /><INIT seed="0,1,0,5,0,31" ten="380,210,200,210" oya="0" hai0="4,50,94,1,54,42,126,13,85,25,84,110,30" hai1="23,72,123,79,108,99,98,51,65,44,102,40,124" hai2="47,117,2,21,46,57,26,74,132,58,66,69,111" hai3="76,73,70,103,6,80,122,100,87,119,62,131,97"/><T120/><D120/><U60/><E123/><V0/><F74/><W81/><G122/><T68/><D68/><U92/><E108/><V17/><F111/><W7/><G119/><T82/><D126/><U128/><E124/><V61/><F132/><W56/><G70/><T14/><D110/><U16/><E128/><V118/><F57/><W19/><G19/><T127/><D127/><U107/><E79/><V35/><F35/><W86/><G131/><T29/><D42/><U109/><E72/><V32/><F32/><W10/><G73/><T53/><D1/><U33/><E33/><V133/><F133/><W49/><G49/><T3/><D3/><U34/><E34/><V101/><F101/><W115/><G115/><T71/><D71/><U24/><E109/><V114/><F114/><W78/><G97/><T36/><D36/><U106/><REACH who="1" step="1"/><E99/><REACH who="1" ten="380,200,200,210" step="2"/><V41/><F118/><W12/><REACH who="3" step="1"/><G6/><REACH who="3" ten="380,200,200,200" step="2"/><T95/><D4/><U125/><E125/><V59/><F117/><W93/><G93/><T15/><D94/><U105/><E105/><V11/><F69/><AGARI ba="1,2" hai="16,23,24,40,44,51,60,65,69,92,98,102,106,107" machi="69" ten="30,7700,0" yaku="1,1,7,1,54,1,53,1" doraHai="31" doraHaiUra="37" who="1" fromWho="2" sc="380,0,200,100,200,-80,200,0" /><INIT seed="1,0,0,4,5,31" ten="380,300,120,200" oya="1" hai0="78,56,106,5,63,92,19,121,89,96,32,21,125" hai1="61,116,126,72,69,45,70,122,74,128,98,87,53" hai2="100,91,124,29,123,24,59,10,34,131,39,41,75" hai3="12,109,38,81,33,117,127,8,51,130,108,62,99"/><U118/><E122/><V73/><F123/><W16/><G38/><T66/><D121/><U119/><E128/><V133/><F131/><W111/><G130/><T28/><D125/><U88/><E126/><V94/><F133/><W115/><G127/><T110/><D110/><U49/><E98/><V132/><F124/><W85/><G115/><T95/><D106/><U30/><E30/><V86/><F132/><W57/><G117/><T25/><D5/><U15/><E15/><V120/><F120/><W67/><G99/><T55/><D78/><U103/><E103/><V114/><F114/><W104/><G104/><T11/><D11/><U22/><E22/><V4/><F100/><W14/><G14/><T76/><D76/><U23/><E23/><V37/><F59/><W65/><G51/><T0/><D0/><U112/><E112/><V26/><F26/><W47/><G47/><T46/><D95/><U13/><E13/><V134/><F134/><W93/><G93/><T2/><D2/><U50/><E50/><V97/><F86/><W44/><G44/><T35/><D28/><U18/><E18/><V54/><F54/><N who="3" m="34103" /><G33/><T52/><D66/><N who="1" m="41167" /><E70/><V58/><F58/><W60/><G60/><T135/><D135/><U68/><E68/><V102/><F102/><W3/><G3/><T80/><D80/><U105/><E105/><V9/><F9/><W129/><G129/><T48/><AGARI ba="0,0" hai="19,21,25,32,35,46,48,52,55,56,63,89,92,96" machi="48" ten="30,12000,2" yaku="0,1,25,2,52,2,54,1" doraHai="31" who="0" fromWho="0" sc="380,120,300,-60,120,-30,200,-30" /><INIT seed="2,0,0,4,2,127" ten="500,240,90,170" oya="2" hai0="38,135,98,69,54,34,101,83,64,76,17,102,16" hai1="107,19,36,78,89,55,131,80,113,25,106,100,66" hai2="22,88,29,46,24,40,110,27,49,10,70,126,11" hai3="73,13,77,91,63,121,99,132,58,50,53,57,45"/><V95/><F126/><W133/><G121/><T39/><D34/><U81/><E36/><V60/><F110/><W85/><G73/><T94/><D135/><U123/><E66/><V9/><F70/><W134/><G99/><T129/><D102/><U2/><E2/><V112/><F112/><W6/><G77/><T48/><D39/><U125/><E113/><V79/><F79/><W115/><G115/><T56/><D38/><U86/><E55/><V90/><F60/><W20/><G20/><T97/><D97/><U120/><E125/><V43/><F43/><W23/><G23/><T114/><D114/><U14/><E25/><V18/><REACH who="2" step="1"/><F95/><REACH who="2" ten="500,240,80,170" step="2"/><W51/><G63/><T1/><D69/><U92/><E120/><V47/><F47/><W35/><G133/><T12/><D94/><U62/><E62/><V117/><F117/><W72/><G134/><T37/><D76/><U84/><E123/><V5/><F5/><W75/><G6/><T8/><D83/><U31/><E107/><V119/><F119/><W44/><G44/><T93/><D93/><U109/><E106/><V122/><F122/><W67/><G45/><T74/><D56/><U111/><E100/><V128/><F128/><W118/><G132/><T59/><D129/><U82/><E131/><V52/><F52/><W4/><G118/><T42/><D59/><U108/><REACH who="1" step="1"/><E31/><REACH who="1" ten="500,230,80,170" step="2"/><V26/><F26/><W68/><G67/><T105/><D64/><U124/><E124/><V32/><AGARI ba="0,2" hai="9,10,11,18,22,24,27,29,32,40,46,49,88,90" machi="32" ten="30,6000,0" yaku="1,1,0,1,54,1,53,0" doraHai="127" doraHaiUra="71" who="2" fromWho="2" sc="500,-20,230,-20,80,80,170,-20" /><INIT seed="2,1,0,5,5,129" ten="480,210,160,150" oya="2" hai0="84,6,92,90,53,37,12,27,112,123,19,110,104" hai1="25,73,96,67,26,45,61,3,32,108,100,131,56" hai2="135,94,128,28,29,58,46,5,80,21,107,49,69" hai3="31,88,83,51,41,47,50,13,15,101,16,109,75"/><V78/><F107/><W52/><G109/><T20/><D110/><U119/><E108/><V62/><F128/><W38/><G101/><T86/><D104/><U57/><E131/><V81/><F69/><W102/><G102/><T105/><D105/><U64/><E119/><V125/><F125/><W115/><G115/><T0/><D37/><U133/><E73/><V35/><F35/><W1/><G1/><T23/><D0/><U55/><E3/><V120/><F5/><W127/><G127/><T126/><D126/><U24/><E133/><V72/><F120/><W98/><G31/><T71/><D71/><U65/><E32/><V11/><F11/><N who="3" m="6207" /><G38/><T59/><D112/><U89/><E45/><V60/><F135/><W111/><G75/><T8/><D23/><U85/><E100/><V117/><F117/><W122/><G122/><T116/><D116/><U36/><E36/><V63/><F94/><N who="3" m="56647" /><G15/><T48/><D123/><U2/><E96/><AGARI ba="1,0" hai="6,8,12,19,20,27,48,53,59,84,86,90,92,96" machi="96" ten="30,2000,0" yaku="7,1,8,1" doraHai="129" who="0" fromWho="1" sc="480,23,210,-23,160,0,150,0" /><INIT seed="3,0,0,0,0,72" ten="503,187,160,150" oya="3" hai0="48,11,44,30,100,69,5,29,45,81,134,59,62" hai1="47,99,109,74,55,35,76,85,121,31,28,4,96" hai2="14,128,105,120,127,51,97,49,107,104,98,41,88" hai3="119,53,73,17,20,61,82,9,40,124,37,135,113"/><W90/><G119/><T25/><D134/><U16/><E121/><V130/><F120/><W102/><G113/><T10/><D69/><U66/><E66/><V133/><F133/><W1/><G135/><T67/><D100/><U112/><E4/><V111/><F111/><W95/><G124/><T43/><D45/><U75/><E109/><V87/><F127/><W68/><G37/><T46/><D46/><U65/><E65/><V92/><F14/><W122/><G40/><T116/><D116/><U42/><E74/><V39/><F39/><W0/><G9/><T33/><D30/><U123/><E75/><V93/><F41/><W91/><G102/><T3/><D10/><U83/><E123/><V125/><F125/><W126/><G126/><T115/><D81/><U110/><E42/><V132/><F132/><W56/><G68/><T58/><D115/><U86/><E86/><V38/><F38/><W50/><G91/><T8/><D8/><U52/><E35/><V36/><F36/><W54/><G82/><T80/><D80/><U27/><E112/><V118/><F118/><W60/><G73/><T103/><D103/><U2/><E2/><V26/><F26/><N who="3" m="14607" /><G122/><T89/><D89/><U18/><E110/><V23/><F23/><W13/><G13/><T78/><D44/><U24/><E27/><V84/><F105/><W106/><G106/><T7/><D43/><U79/><E24/><V101/><F101/><W64/><G0/><T6/><D3/><U32/><E32/><V12/><F12/><W117/><G1/><T71/><D71/><U129/><E83/><RYUUKYOKU ba="0,0" sc="503,-10,187,-10,160,30,150,-10" hai2="49,51,84,87,88,92,93,97,98,104,107,128,130" /><INIT seed="4,1,0,0,2,77" ten="493,177,190,140" oya="0" hai0="92,121,111,21,17,39,15,106,68,0,115,67,50" hai1="122,84,105,38,119,8,102,118,113,108,117,133,34" hai2="61,11,66,36,114,127,43,107,63,100,35,85,37" hai3="80,49,134,3,98,5,30,60,58,103,135,96,45"/><T99/><D106/><U41/><E34/><V52/><F35/><W54/><G3/><T57/><D0/><U9/><E108/><V12/><F114/><W69/><G69/><T33/><D39/><U48/><E122/><V132/><F132/><W6/><G30/><T123/><D33/><U20/><E133/><V32/><F32/><W88/><G135/><T101/><D115/><U25/><E38/><V4/><F127/><W93/><G134/><T16/><D111/><U90/><E113/><V81/><F43/><W72/><G72/><T23/><D68/><U87/><E102/><V73/><F73/><W116/><G116/><T78/><D78/><U128/><E105/><V120/><F120/><W13/><G13/><T53/><REACH who="0" step="1"/><D67/><REACH who="0" ten="483,177,190,140" step="2"/><U126/><E126/><V70/><F107/><W83/><G5/><T26/><AGARI ba="1,1" hai="15,16,17,21,23,26,50,53,57,92,99,101,121,123" machi="26" ten="20,12000,1" yaku="1,1,2,1,0,1,7,1,54,1,53,0" doraHai="77" doraHaiUra="2" who="0" fromWho="0" sc="483,133,177,-41,190,-41,140,-41" /><INIT seed="4,2,0,3,2,12" ten="616,136,149,99" oya="0" hai0="56,120,110,39,43,34,41,111,121,83,113,23,21" hai1="90,65,19,18,72,73,96,31,122,104,55,49,135" hai2="108,74,5,124,81,116,2,48,52,27,92,66,125" hai3="78,58,101,42,20,71,123,80,82,63,38,87,95"/><T97/><D34/><U102/><E122/><N who="0" m="47209" /><D97/><U112/><E65/><V40/><F108/><N who="0" m="41514" /><D39/><U118/><E118/><V130/><F116/><W98/><G71/><T85/><D56/><U105/><E105/><V9/><F40/><N who="0" m="15434" /><D113/><U99/><E112/><V86/><F66/><W115/><G115/><T75/><D75/><U91/><E31/><V8/><F74/><W53/><G123/><T103/><D103/><U57/><E73/><V76/><F92/><W129/><G38/><T89/><AGARI ba="2,0" hai="21,23,83,85,89" m="15434,41514,47209" machi="89" ten="40,2100,0" yaku="10,1" doraHai="12" who="0" fromWho="0" sc="616,27,136,-9,149,-9,99,-9" /><INIT seed="4,3,0,5,1,19" ten="643,127,140,90" oya="0" hai0="10,86,17,58,127,33,114,20,120,77,81,34,79" hai1="87,119,105,128,118,16,13,100,74,37,56,110,3" hai2="1,80,40,28,96,30,21,8,61,24,71,66,35" hai3="92,109,32,102,0,39,98,112,27,89,117,134,91"/><T2/><D120/><U106/><E74/><V99/><F40/><W121/><G109/><T46/><D127/><U44/><E110/><V60/><F28/><W72/><G117/><T97/><D114/><U125/><E125/><V31/><F30/><W4/><G39/><T84/><D97/><U45/><E3/><V131/><F131/><W132/><G72/><T29/><D29/><U51/><E128/><V123/><F123/><W107/><G121/><T129/><D129/><U133/><E133/><V116/><F116/><W124/><G124/><T104/><D104/><U68/><E119/><V5/><F80/><W93/><G112/><T41/><D58/><U43/><E68/><V23/><F61/><W52/><G32/><T38/><D79/><U36/><E118/><V111/><F111/><W57/><G107/><T26/><REACH who="0" step="1"/><D86/><REACH who="0" ten="633,127,140,90" step="2"/><U6/><E87/><V113/><F113/><W70/><G98/><T94/><D94/><U64/><E106/><V42/><F99/><W62/><G132/><T22/><D22/><U11/><E105/><V67/><F96/><W135/><G102/><T101/><D101/><U83/><E100/><V103/><F103/><W115/><G115/><T126/><D126/><U69/><E56/><V7/><F23/><W55/><G134/><T47/><D47/><U82/><E44/><V65/><F21/><W14/><G135/><T49/><D49/><U15/><E37/><V12/><F71/><W63/><G70/><T122/><D122/><U25/><E36/><V85/><F85/><W73/><G93/><T90/><D90/><U9/><E69/><RYUUKYOKU ba="3,1" sc="633,30,127,-10,140,-10,90,-10" hai0="2,10,17,20,26,33,34,38,41,46,77,81,84" /><INIT seed="4,4,1,5,0,119" ten="663,117,130,80" oya="0" hai0="10,82,129,122,85,69,102,128,55,106,17,38,68" hai1="94,27,30,112,71,77,70,62,97,5,22,26,12" hai2="63,92,50,103,51,31,133,84,15,125,49,132,57" hai3="89,21,74,66,18,109,46,126,36,116,67,88,108"/><T3/><D38/><U35/><E77/><V121/><F31/><W98/><G116/><T123/><D55/><U40/><E40/><V79/><F15/><W86/><G74/><T131/><D102/><U114/><E5/><V93/><F125/><W76/><G76/><N who="0" m="46279" /><D106/><U56/><E12/><V127/><F127/><W95/><G126/><T34/><D34/><U33/><E33/><V117/><F117/><W25/><G36/><T32/><D32/><U45/><E45/><V58/><F103/><W14/><G46/><T2/><D17/><U6/><E6/><V130/><F130/><W80/><REACH who="3" step="1"/><G25/><REACH who="3" ten="663,117,130,70" step="2"/><T13/><D13/><U91/><E114/><V113/><F79/><W81/><G81/><T107/><D107/><U16/><REACH who="1" step="1"/><E112/><REACH who="1" ten="663,107,130,70" step="2"/><V96/><F113/><W78/><G78/><T60/><D2/><U43/><E43/><V61/><F133/><W39/><G39/><T4/><D68/><U52/><AGARI ba="4,3" hai="16,22,26,27,30,35,52,56,62,70,71,91,94,97" machi="52" ten="20,12000,2" yaku="1,1,0,1,7,1,25,2,54,2,53,0" doraHai="119" doraHaiUra="134" who="1" fromWho="1" sc="663,-64,107,162,130,-34,70,-34" /><INIT seed="5,0,0,1,3,82" ten="599,269,96,36" oya="1" hai0="23,26,59,65,98,49,64,2,27,110,30,92,96" hai1="81,4,86,60,128,124,70,103,33,29,88,83,80" hai2="75,77,133,76,66,54,1,73,71,91,20,107,116" hai3="45,79,102,121,13,108,55,125,74,115,8,120,3"/><U34/><E128/><V16/><F116/><W35/><G108/><T18/><D2/><U95/><E124/><V90/><F107/><W40/><G35/><T126/><D126/><U38/><E38/><V132/><F1/><W52/><G125/><T28/><D110/><U56/><E70/><V5/><F5/><W109/><G109/><T0/><D0/><U22/><E4/><V105/><F105/><W104/><G3/><T10/><D10/><U72/><E72/><V50/><F66/><W24/><G24/><T113/><D113/><U43/><E43/><V46/><F71/><W89/><G115/><T25/><D96/><N who="1" m="59807" /><E33/><V69/><F69/><W117/><G117/><T118/><D118/><U12/><E34/><V67/><F67/><W84/><G102/><T122/><D122/><U97/><E97/><V63/><F63/><W62/><G104/><T9/><D30/><U123/><E123/><V106/><F106/><W6/><G74/><T93/><D98/><U78/><E78/><N who="2" m="30315" /><F75/><W57/><G55/><T14/><D28/><U111/><E111/><V11/><F11/><W68/><G68/><T42/><D64/><N who="1" m="38919" /><E12/><N who="2" m="9223" /><F73/><W15/><G15/><T85/><D65/><U48/><E48/><V39/><F39/><W135/><G79/><T87/><D49/><U61/><E61/><V47/><F47/><W44/><G120/><T119/><D119/><U37/><E37/><V7/><F7/><W131/><G121/><T134/><D14/><U99/><E99/><V127/><F127/><W94/><G40/><T112/><D42/><U100/><E100/><V21/><F46/><RYUUKYOKU ba="0,0" sc="599,-10,269,30,96,-10,36,-10" hai1="22,29,80,81,83,86,88" /><INIT seed="5,1,0,5,5,90" ten="589,299,86,26" oya="1" hai0="9,41,101,50,17,118,16,98,6,82,3,73,89" hai1="106,8,66,111,74,42,129,100,86,65,132,14,93" hai2="60,20,35,125,99,131,34,116,1,28,54,30,120" hai3="104,31,88,71,57,110,27,11,117,68,130,92,79"/><U47/><E132/><V62/><F116/><W61/><G110/><T0/><D0/><U126/><E111/><V69/><F120/><W78/><G104/><T124/><D124/><U67/><E129/><V32/><F125/><W112/><G130/><T119/><D119/><U23/><E74/><V127/><F127/><W49/><G117/><T59/><D118/><U113/><E113/><V46/><F1/><W123/><G123/><T36/><D36/><U56/><E106/><V72/><F72/><W64/><G112/><T63/><D50/><U44/><E126/><V12/><F131/><W38/><G38/><T83/><D82/><U10/><E23/><V103/><F12/><W80/><G11/><N who="1" m="4138" /><E14/><V21/><F21/><W115/><G115/><T2/><D2/><U58/><E42/><V40/><F54/><W114/><G114/><T107/><D41/><U51/><E86/><V33/><F20/><W45/><G68/><T96/><D73/><U94/><E100/><V5/><F5/><W85/><G71/><T39/><D39/><U15/><E15/><V77/><F69/><W24/><G31/><T128/><D128/><U105/><E105/><V134/><F134/><W133/><G133/><T26/><D107/><U70/><E70/><V97/><F28/><W37/><G37/><T53/><D101/><U43/><E44/><V108/><F108/><W87/><G78/><T55/><D3/><U4/><E4/><V122/><F77/><W13/><G13/><T102/><D6/><U18/><E18/><V76/><F30/><W109/><G109/><T19/><D19/><RYUUKYOKU ba="1,0" sc="589,-15,299,15,86,-15,26,15" hai1="43,47,51,56,58,65,66,67,93,94" hai3="24,27,45,49,57,61,64,79,80,85,87,88,92" /><INIT seed="5,2,0,5,2,20" ten="574,314,71,41" oya="1" hai0="8,131,108,16,75,9,65,122,115,62,70,87,15" hai1="97,2,13,38,64,6,21,81,22,92,91,88,46" hai2="117,116,133,96,27,126,121,98,74,28,60,100,76" hai3="94,48,41,66,3,128,93,105,35,95,31,110,55"/><U124/><E124/><V80/><F121/><W99/><G110/><T113/><D75/><U85/><E2/><V68/><F126/><W5/><G128/><T26/><D122/><U50/><E64/><V34/><F98/><W45/><G66/><T29/><D108/><U73/><E73/><V57/><F133/><W77/><G77/><T14/><D87/><U58/><E58/><V43/><F43/><W112/><G112/><T83/><D83/><U11/><REACH who="1" step="1"/><E38/><REACH who="1" ten="574,304,71,41" step="2"/><V135/><F135/><W123/><G123/><T84/><D65/><U67/><E67/><N who="2" m="41063" /><F57/><W56/><G3/><T12/><D113/><U51/><E51/><V39/><F39/><W32/><G56/><T63/><D115/><U36/><E36/><V42/><F117/><W118/><G118/><T78/><D63/><U72/><E72/><V24/><F74/><W49/><G49/><T71/><D62/><U18/><E18/><V59/><F59/><W86/><G5/><T7/><D16/><U52/><AGARI ba="2,1" hai="6,11,13,21,22,46,50,52,81,85,88,91,92,97" machi="52" ten="20,18000,2" yaku="1,1,0,1,7,1,8,1,54,2,53,0" doraHai="20" doraHaiUra="111" who="1" fromWho="1" sc="574,-62,304,196,71,-62,41,-62" owari="512,61.0,500,30.0,9,-39.0,-21,-52.0" /></mjloggm>