<mjloggm ver="2.3"><GO type="185" lobby="0"/><UN n0="%74%2E%6F%2E%6F%2E%73" n1="%E3%82%82%E3%82%8D%E3%82%86%E3%81%86" n2="%E9%BE%8D%E9%A6%AC%E3%81%AE%E5%B0%8F%E5%80%89" n3="" dan="17,16,18,0" rate="2212.31,2094.71,2270.53,1500.00" sx="M,M,M,C"/><TAIKYOKU oya="0"/><INIT seed="0,0,0,1,3,122" ten="350,350,350,0" oya="0" hai0="70,71,93,52,68,51,117,125,43,44,127,86,101" hai1="124,113,3,121,85,56,76,106,135,36,35,118,53" hai2="107,79,88,39,58,57,63,111,48,123,69,54,131" hai3=""/><T66/><D117/><U99/><RYUUKYOKU type="yao9" ba="0,0" sc="350,0,350,0,350,0,0,0" hai1="3,35,36,53,56,76,85,99,106,113,118,121,124,135" /><INIT seed="0,1,0,3,1,81" ten="350,350,350,0" oya="0" hai0="111,51,83,122,128,60,113,82,59,130,110,98,90" hai1="56,97,55,131,106,67,129,40,50,96,112,45,116" hai2="104,114,32,38,99,89,134,72,54,34,115,61,120" hai3=""/><T84/><N who="0" m="31264" /><T86/><D113/><U119/><E112/><N who="2" m="43051" /><F54/><T47/><D98/><U103/><E67/><V1/><N who="2" m="30752" /><V125/><F89/><T68/><D68/><U135/><E135/><V52/><F52/><T46/><D59/><U92/><E129/><N who="0" m="49769" /><D60/><U35/><E35/><V93/><F61/><T42/><D47/><U87/><E131/><V64/><F99/><T66/><D66/><U102/><REACH who="1" step="1"/><E87/><REACH who="1" ten="350,340,350,0" step="2"/><V48/><F64/><T118/><D118/><U37/><AGARI ba="1,1" hai="37,40,45,50,55,56,92,96,97,102,103,106,116,119" machi="37" ten="20,3900,0" yaku="1,1,2,1,0,1,7,1,53,0" doraHai="81" doraHaiUra="73" who="1" fromWho="1" sc="350,-27,340,51,350,-14,0,0" /><INIT seed="1,0,0,0,3,92" ten="323,391,336,0" oya="1" hai0="34,57,99,100,98,73,130,58,52,77,84,47,66" hai1="48,70,82,35,87,94,32,123,71,91,81,54,102" hai2="120,118,126,116,93,111,75,129,101,106,103,64,67" hai3=""/><U39/><N who="1" m="31520" /><U125/><E39/><V79/><N who="2" m="30752" /><V45/><F45/><T113/><D113/><U83/><E125/><V41/><F41/><T132/><D34/><U135/><E135/><V96/><F126/><T127/><D127/><U78/><E78/><V1/><F1/><T104/><D132/><U112/><E112/><V42/><F42/><T121/><N who="0" m="31008" /><T114/><D114/><U59/><REACH who="1" step="1"/><E102/><REACH who="1" ten="323,381,336,0" step="2"/><V0/><F79/><T128/><D100/><U62/><E62/><V85/><F101/><T107/><D77/><U37/><E37/><V72/><F103/><T63/><D63/><U60/><E60/><V44/><F0/><T49/><D107/><U46/><E46/><V3/><F44/><T119/><D104/><U68/><AGARI ba="0,1" hai="32,35,48,54,59,68,70,71,81,82,83,87,91,94" m="31520" machi="68" ten="40,5200,0" yaku="1,1,0,1,52,1,53,0" doraHai="92" doraHaiUra="33" who="1" fromWho="1" sc="323,-26,381,62,336,-26,0,0" /><INIT seed="1,1,0,5,0,77" ten="297,443,310,0" oya="1" hai0="39,86,133,128,58,63,67,113,61,37,54,91,123" hai1="107,108,117,48,127,132,130,0,78,87,43,81,89" hai2="72,131,105,44,1,64,100,120,134,74,119,2,98" hai3=""/><U41/><E0/><V96/><N who="2" m="30752" /><V68/><F119/><T125/><N who="0" m="31520" /><T112/><D128/><U70/><E117/><V69/><F131/><T35/><D35/><U42/><E130/><V135/><F44/><T65/><D125/><U82/><E127/><V33/><F33/><T85/><D133/><N who="2" m="50698" /><F96/><T122/><N who="0" m="31264" /><T47/><D85/><U121/><N who="1" m="31008" /><U109/><E132/><V126/><F126/><T97/><D97/><U94/><E107/><V84/><F84/><T95/><D54/><U34/><E70/><N who="2" m="27243" /><F64/><T59/><REACH who="0" step="1"/><D47/><REACH who="0" ten="287,443,310,0" step="2"/><U53/><E34/><V55/><F55/><T92/><D92/><U3/><E3/><AGARI ba="1,1" hai="1,2,3,72,74,98,100,105" m="27243,50698,30752" machi="3" ten="40,5200,0" yaku="20,1,23,1,52,1" doraHai="77" who="2" fromWho="1" sc="287,0,443,-54,310,64,0,0" /><INIT seed="2,0,0,2,3,76" ten="287,389,374,0" oya="2" hai0="90,110,122,96,41,85,126,0,72,3,111,61,32" hai1="38,65,75,33,129,127,42,86,69,98,89,54,50" hai2="101,34,99,78,35,56,92,95,58,131,123,83,55" hai3=""/><V97/><N who="2" m="31520" /><V109/><F131/><T108/><N who="0" m="31264" /><T100/><D32/><U2/><E129/><V49/><F109/><T37/><D72/><U53/><E33/><V51/><F51/><T71/><D126/><U62/><E2/><V105/><F56/><T134/><D134/><U57/><E127/><V94/><REACH who="2" step="1"/><F97/><REACH who="2" ten="287,389,364,0" step="2"/><T43/><D3/><U59/><E98/><V116/><F116/><T117/><D0/><U118/><E118/><V73/><AGARI ba="0,1" hai="34,35,49,55,58,73,78,83,92,94,95,99,101,105" m="31520" machi="73" ten="30,7800,0" yaku="1,1,0,1,52,2,53,0" doraHai="76" doraHaiUra="133" who="2" fromWho="2" sc="287,-39,389,-39,364,88,0,0" /><INIT seed="2,1,0,4,4,100" ten="248,350,452,0" oya="2" hai0="48,78,0,86,41,113,36,101,45,57,50,82,115" hai1="56,126,59,122,128,39,58,109,116,52,54,65,119" hai2="72,99,76,44,49,1,102,67,42,47,111,89,85" hai3=""/><V131/><F1/><T46/><D0/><U118/><N who="1" m="31264" /><U121/><N who="1" m="31008" /><U51/><E128/><V124/><F131/><T81/><D101/><U75/><E75/><V120/><N who="2" m="30752" /><V80/><F124/><T88/><D57/><U114/><E126/><V127/><F127/><T94/><D81/><U34/><E34/><V87/><F111/><T103/><D103/><U60/><E39/><V38/><F67/><T62/><D62/><U61/><E114/><V104/><REACH who="2" step="1"/><F89/><REACH who="2" ten="248,350,442,0" step="2"/><T90/><D90/><U96/><E96/><V93/><F93/><T40/><REACH who="0" step="1"/><D36/><REACH who="0" ten="238,350,442,0" step="2"/><U125/><E125/><V2/><F2/><T117/><D117/><U74/><E74/><AGARI ba="1,2" hai="40,41,45,46,48,50,74,78,82,86,88,94,113,115" machi="74" ten="40,8000,1" yaku="1,1,9,1,54,1,53,1" doraHai="100" doraHaiUra="105" who="0" fromWho="1" sc="238,102,350,-82,442,0,0,0" /><INIT seed="4,0,0,4,1,125" ten="340,268,442,0" oya="0" hai0="45,132,84,74,101,36,87,134,116,110,90,32,82" hai1="135,98,118,72,53,65,66,55,33,43,91,70,104" hai2="117,69,133,67,73,50,62,0,79,93,109,123,61" hai3=""/><T42/><D116/><U39/><E33/><V68/><N who="2" m="31520" /><V77/><F117/><T122/><N who="0" m="31264" /><T97/><D32/><U95/><E118/><V3/><F109/><T49/><D110/><U111/><E111/><V127/><F127/><T37/><D74/><U58/><E135/><N who="0" m="51753" /><D87/><U85/><E72/><V59/><F133/><T63/><D63/><U89/><E55/><V103/><F73/><T54/><D54/><U56/><E70/><V75/><F75/><T114/><D114/><U115/><E115/><V99/><F50/><T130/><D130/><U126/><E126/><V48/><F48/><T34/><D34/><U120/><N who="1" m="30752" /><U52/><E53/><V94/><F59/><T105/><AGARI ba="0,0" hai="36,37,42,45,49,82,84,90,97,101,105" m="51753,31264" machi="105" ten="30,2000,0" yaku="20,1,52,1" doraHai="125" who="0" fromWho="0" sc="340,20,268,-10,442,-10,0,0" /><INIT seed="4,1,0,3,0,124" ten="360,258,432,0" oya="0" hai0="78,2,90,52,88,71,65,41,96,105,110,57,50" hai1="48,115,118,77,44,135,108,38,40,83,127,98,84" hai2="104,97,126,37,93,68,0,85,130,101,131,92,51" hai3=""/><T62/><D2/><U3/><E127/><V53/><F0/><T35/><D35/><U121/><N who="1" m="31008" /><U125/><E125/><V114/><F126/><T91/><D110/><U107/><E3/><V69/><F37/><T43/><REACH who="0" step="1"/><D78/><REACH who="0" ten="350,258,432,0" step="2"/><U119/><E108/><V36/><F114/><T129/><D129/><N who="2" m="49162" /><F36/><T113/><D113/><U45/><E115/><V49/><F49/><T66/><D66/><U116/><E135/><V33/><F33/><T46/><D46/><U1/><E1/><V72/><F72/><T86/><D86/><U60/><E119/><V109/><F109/><T133/><D133/><U111/><E111/><V55/><F55/><T94/><D94/><N who="2" m="36458" /><F85/><T58/><D58/><AGARI ba="1,1" hai="51,53,58,68,69,97,101,104" m="36458,49162" machi="58" ten="30,7700,0" yaku="19,1,52,3" doraHai="124" who="2" fromWho="0" sc="350,-79,258,0,432,89,0,0" /><INIT seed="5,0,0,0,4,116" ten="271,258,521,0" oya="1" hai0="97,107,74,45,85,118,125,64,128,135,49,3,61" hai1="110,62,48,70,39,43,126,81,87,120,2,83,58" hai2="112,86,52,129,37,100,121,32,71,88,69,0,77" hai3=""/><U95/><N who="1" m="30752" /><U73/><E2/><V38/><N who="2" m="31008" /><V35/><F0/><T42/><D74/><U84/><E110/><V53/><F77/><T98/><D3/><U113/><E113/><V127/><F100/><T123/><N who="0" m="31520" /><T91/><D128/><U99/><E70/><V79/><F79/><T36/><D125/><U96/><E126/><V102/><F102/><T105/><D135/><U41/><E39/><V131/><F127/><T115/><D115/><U72/><E48/><V51/><F112/><T57/><D118/><U1/><E1/><V108/><F86/><T101/><D36/><U114/><E114/><V76/><F76/><T56/><D56/><U111/><E111/><V34/><F34/><T68/><D68/><U47/><E47/><V78/><F78/><T50/><D50/><U46/><E46/><V117/><F51/><T66/><D98/><U109/><E109/><V75/><F108/><T93/><REACH who="0" step="1"/><D66/><REACH who="0" ten="261,258,521,0" step="2"/><U94/><E58/><V63/><F117/><T92/><AGARI ba="0,1" hai="42,45,49,57,61,64,85,91,92,93,97,101,105,107" m="31520" machi="92" ten="20,9000,2" yaku="1,1,2,1,0,1,7,1,52,2,53,1" doraHai="116" doraHaiUra="82" who="0" fromWho="0" sc="261,100,258,-60,521,-30,0,0" /><INIT seed="6,0,0,3,3,70" ten="361,198,491,0" oya="2" hai0="135,76,125,105,40,63,87,81,119,83,112,56,68" hai1="128,104,108,78,132,85,118,57,52,35,94,71,0" hai2="111,80,46,131,117,101,109,120,59,34,60,67,98" hai3=""/><V133/><N who="2" m="30752" /><V134/><F117/><T90/><D119/><U55/><E52/><V39/><F34/><T95/><D125/><U51/><E55/><V123/><N who="2" m="31520" /><V115/><F115/><T38/><D135/><N who="2" m="51722" /><F131/><T122/><N who="0" m="31264" /><T45/><D112/><U86/><E94/><V82/><F39/><T102/><D68/><U47/><E85/><V93/><F46/><T61/><D81/><AGARI ba="0,0" hai="59,60,67,80,81,82,93,98,101,109,111" m="51722,31520,30752" machi="81" ten="30,5800,0" yaku="20,1,52,2" doraHai="70" who="2" fromWho="0" sc="361,-58,198,0,491,58,0,0" owari="303,-10.0,198,-40.0,549,50.0,0,0.0" /></mjloggm>