<mjloggm ver="2.3"><GO type="169" lobby="0"/><UN n0="%E8%87%B3%E5%AE%9D%E3%81%99%E3%81%8E" n1="%E3%82%A2%E3%83%A1%E3%83%B3%E3%83%9D%E3%81%A6%E3%81%B5" n2="%E3%82%B3%E3%83%9E%E3%83%84%E3%83%9E%E3%83%84%E3%82%B3" n3="%E5%85%AC%E5%8B%99%E5%93%A1%E3%81%8F%E3%82%93" dan="17,16,17,17" rate="2194.83,2151.35,2169.75,2145.73" sx="M,M,M,F"/><TAIKYOKU oya="0"/><INIT seed="0,0,0,1,2,63" ten="250,250,250,250" oya="0" hai0="4,50,129,90,100,2,135,109,116,113,55,121,44" hai1="9,66,112,125,99,85,29,31,132,96,27,14,126" hai2="93,119,46,94,115,122,114,22,92,97,1,43,80" hai3="89,56,98,91,101,13,35,67,25,57,30,108,128"/><T38/><D121/><U95/><E132/><V87/><F1/><W32/><G108/><T81/><D116/><U47/><E112/><V16/><F119/><W23/><G128/><T18/><D113/><U24/><E47/><V107/><F107/><W131/><G131/><T3/><D129/><U49/><E49/><N who="2" m="26847" /><F122/><W86/><G35/><T65/><D135/><U6/><E85/><V117/><F117/><W0/><G0/><T36/><D109/><U123/><E123/><V5/><F5/><W71/><G57/><T69/><D100/><U40/><E40/><V33/><F33/><W76/><G56/><T60/><D18/><U130/><E130/><V134/><F134/><W21/><G76/><T19/><D19/><U59/><E125/><V124/><F124/><W41/><G41/><T133/><D133/><U127/><E127/><V12/><F115/><W15/><G15/><T8/><REACH who="0" step="1"/><D3/><REACH who="0" ten="240,250,250,250" step="2"/><U70/><E126/><V28/><F114/><W106/><G13/><T74/><D74/><U34/><E14/><V104/><F28/><W10/><G10/><T17/><D17/><U58/><E9/><V37/><F37/><W73/><G73/><T88/><D88/><U54/><E29/><V39/><F39/><W77/><G77/><T61/><D61/><U72/><E31/><V11/><F11/><W45/><G91/><T102/><D102/><U120/><E72/><V83/><F87/><AGARI ba="0,1" hai="2,4,8,36,38,44,50,55,60,65,69,81,87,90" machi="87" ten="40,3900,0" yaku="1,1,52,1,53,0" doraHai="63" doraHaiUra="75" who="0" fromWho="2" sc="240,49,250,0,250,-39,250,0" /><INIT seed="0,1,0,0,5,2" ten="289,250,211,250" oya="0" hai0="122,54,82,58,63,133,9,75,55,71,53,5,19" hai1="45,128,105,61,76,43,33,59,21,93,27,90,120" hai2="48,124,110,56,50,1,49,108,67,118,112,39,25" hai3="24,36,38,89,115,100,3,64,98,29,32,44,85"/><T96/><D133/><U60/><E128/><V74/><F1/><W126/><G115/><T83/><D122/><U42/><E120/><V57/><F74/><W97/><G126/><T16/><D71/><U111/><E111/><N who="2" m="42539" /><F25/><W86/><G64/><N who="0" m="39031" /><D96/><U116/><E116/><V23/><F23/><W81/><G3/><T13/><D75/><U80/><E105/><V40/><F112/><W18/><G98/><T70/><D70/><U129/><E33/><V106/><F106/><W87/><G18/><AGARI ba="1,0" hai="5,9,13,16,18,19,53,54,55,82,83" m="39031" machi="18" ten="30,5800,0" yaku="8,1,52,1,54,1" doraHai="2" who="0" fromWho="3" sc="289,61,250,0,211,0,250,-61" /><INIT seed="0,2,0,5,4,73" ten="350,250,211,189" oya="0" hai0="77,83,6,116,60,63,23,80,18,112,56,76,13" hai1="86,29,64,48,68,16,19,36,38,87,15,69,11" hai2="125,21,111,128,12,98,45,131,55,37,42,94,20" hai3="2,92,107,101,34,70,61,74,105,40,132,135,89"/><T14/><D112/><U117/><E117/><V30/><F111/><W85/><G2/><T71/><D71/><U39/><E29/><V82/><F125/><W103/><G34/><T129/><D129/><N who="2" m="49738" /><F30/><W9/><G40/><T58/><D116/><U54/><E19/><V126/><F126/><W121/><G9/><N who="0" m="4279" /><D83/><U122/><E122/><V27/><F27/><W53/><G53/><N who="0" m="33807" /><D80/><U26/><E26/><V51/><F12/><W1/><G1/><T43/><D43/><U127/><E127/><V81/><F81/><W123/><G74/><T96/><D96/><U115/><E115/><V114/><F82/><W44/><G44/><T109/><D109/><U33/><E33/><V31/><F31/><W78/><G61/><T130/><D130/><U50/><E50/><V59/><F114/><W62/><G62/><T106/><D106/><N who="3" m="40457" /><G70/><T22/><D23/><U72/><E72/><V102/><AGARI ba="2,0" hai="20,21,37,42,45,51,55,59,94,98,102" m="49738" machi="102" ten="30,1100,0" yaku="19,1" doraHai="73" who="2" fromWho="2" sc="350,-7,250,-5,211,17,189,-5" /><INIT seed="1,0,0,1,3,21" ten="343,245,228,184" oya="1" hai0="107,97,126,13,81,128,64,15,78,77,45,113,38" hai1="9,30,48,110,65,34,60,80,134,101,95,59,44" hai2="58,12,92,41,88,123,118,56,127,76,4,131,108" hai3="27,98,90,37,2,115,50,105,20,91,57,7,79"/><U112/><E112/><V3/><F118/><W14/><G37/><T86/><D128/><U40/><E134/><V32/><F123/><W85/><G115/><T93/><D126/><U16/><E110/><V42/><F3/><W46/><G2/><T23/><D113/><U135/><E135/><V69/><F69/><W43/><G57/><N who="2" m="22121" /><F32/><W8/><G98/><T116/><D64/><U6/><E80/><V72/><F72/><W111/><G105/><T122/><D122/><U102/><E95/><V35/><F35/><W130/><G130/><T99/><D78/><U129/><E129/><V117/><F117/><W18/><G111/><T52/><D116/><U17/><E34/><V53/><F131/><W68/><G68/><T125/><D125/><U132/><E30/><V1/><F1/><W22/><G22/><T62/><D62/><U33/><E33/><V0/><F0/><W103/><G103/><N who="1" m="39434" /><E132/><V61/><F127/><W96/><G96/><N who="0" m="36939" /><D93/><U104/><E104/><V109/><F109/><W73/><G73/><T10/><D107/><U39/><E39/><V120/><F120/><W54/><G54/><T29/><D10/><U119/><E119/><V121/><F121/><W133/><G133/><T31/><D38/><U11/><E11/><N who="2" m="4199" /><F108/><W82/><AGARI ba="0,0" hai="7,8,14,18,20,27,43,46,50,79,82,85,90,91" machi="82" ten="30,8000,1" yaku="0,1,25,2,8,1,52,1" doraHai="21" who="3" fromWho="3" sc="343,-20,245,-40,228,-20,184,80" /><INIT seed="2,0,0,3,3,112" ten="323,205,208,264" oya="2" hai0="32,107,119,21,37,36,72,55,78,94,96,126,69" hai1="125,66,115,27,110,93,73,131,95,41,122,109,104" hai2="50,80,111,49,5,44,74,79,91,13,57,19,68" hai3="20,134,98,75,43,135,101,35,31,4,7,106,87"/><V46/><F68/><W132/><G35/><T61/><D32/><U105/><E41/><V39/><F111/><N who="1" m="42505" /><E66/><V124/><F124/><W25/><G75/><T65/><D107/><N who="1" m="41035" /><E27/><V82/><F5/><W16/><G31/><T117/><D126/><U83/><E125/><V30/><F30/><W133/><N who="3" m="33792" /><DORA hai="103" /><W8/><G43/><T34/><D34/><U85/><E115/><V56/><F39/><W71/><G71/><T23/><D37/><U11/><E131/><V123/><F123/><W10/><G87/><T102/><D36/><U130/><E130/><V2/><F2/><N who="3" m="23" /><G7/><T84/><D72/><U77/><E11/><AGARI ba="0,0" hai="10,11,16,20,25,98,101,106" m="23,33792" machi="11" ten="60,7700,0" yaku="20,1,52,1,54,1" doraHai="112,103" who="3" fromWho="1" sc="323,0,205,-77,208,0,264,77" /><INIT seed="3,0,0,0,4,27" ten="323,128,208,341" oya="3" hai0="23,128,120,26,59,22,66,68,12,32,30,88,134" hai1="36,95,31,42,34,52,5,45,85,122,102,125,118" hai2="119,81,39,29,83,1,55,111,61,54,62,87,91" hai3="82,64,48,67,46,19,18,37,112,51,110,58,101"/><W114/><G101/><T94/><D134/><U99/><E122/><V126/><F119/><W124/><G82/><T78/><D128/><U0/><E125/><V11/><F39/><W15/><G37/><T92/><D120/><U79/><E118/><V93/><F126/><W4/><G4/><T40/><D68/><U123/><E123/><V44/><F111/><W33/><G124/><T43/><D78/><U13/><E0/><V90/><F1/><W72/><G58/><T116/><D94/><U103/><E103/><V130/><F130/><W107/><G15/><T50/><D32/><U21/><E34/><V57/><F11/><W17/><G46/><T6/><D116/><U69/><E69/><V89/><F29/><W74/><G33/><T35/><D35/><U47/><E5/><V133/><F133/><W73/><G107/><T63/><D50/><N who="3" m="18985" /><G110/><T38/><D38/><U56/><E45/><V113/><F113/><AGARI ba="0,0" hai="17,18,19,64,67,72,73,74,112,113,114" m="18985" machi="113" ten="40,3900,0" yaku="28,2" doraHai="27" who="3" fromWho="2" sc="323,0,128,0,208,-39,341,39" /><INIT seed="3,1,0,1,2,10" ten="323,128,169,380" oya="3" hai0="107,11,53,27,113,26,72,54,98,88,124,114,3" hai1="100,111,130,92,82,5,81,28,18,97,33,129,135" hai2="87,132,103,99,49,40,24,44,125,59,104,42,83" hai3="30,36,19,32,67,133,71,29,78,77,7,79,116"/><W110/><G116/><T1/><D72/><U21/><E5/><V80/><F132/><W14/><G36/><T64/><D64/><U75/><E33/><V126/><F40/><W91/><G133/><T8/><D107/><U85/><E28/><V46/><F24/><N who="0" m="9258" /><D98/><U112/><E135/><V120/><F120/><W47/><G32/><T51/><D88/><N who="1" m="53263" /><E111/><V131/><F131/><N who="1" m="50185" /><E112/><N who="0" m="43113" /><D124/><N who="2" m="47722" /><F59/><W56/><G71/><T69/><D69/><U4/><E4/><V50/><F83/><N who="1" m="31753" /><E21/><V13/><F13/><W55/><G7/><T38/><D38/><U68/><E18/><V96/><F96/><W6/><G6/><T31/><D31/><U105/><E68/><V62/><F62/><N who="3" m="38343" /><G110/><T73/><D73/><AGARI ba="1,0" hai="73,75,97,100,105" m="31753,50185,53263" machi="73" ten="30,7700,0" yaku="19,1,34,2,54,1" doraHai="10" who="1" fromWho="0" sc="323,-80,128,80,169,0,380,0" /><INIT seed="4,0,0,4,3,20" ten="243,208,169,380" oya="0" hai0="6,80,13,127,93,111,27,21,5,76,129,28,130" hai1="123,110,71,113,52,82,11,26,72,50,114,86,61" hai2="38,105,8,17,19,42,18,1,60,78,45,102,16" hai3="47,69,92,70,62,118,9,10,131,132,24,122,53"/><T36/><D36/><U34/><E110/><V44/><F60/><W4/><G118/><T106/><D106/><U37/><E123/><V75/><F45/><W30/><G131/><N who="0" m="50187" /><D111/><U134/><E37/><V79/><N who="2" m="4096" /><DORA hai="116" /><V48/><F48/><W12/><G132/><T56/><D127/><U85/><E11/><V63/><F63/><W117/><G117/><T49/><D13/><U121/><E121/><V2/><F2/><W91/><G10/><T39/><D39/><U22/><E34/><V103/><F105/><W87/><G122/><T83/><D93/><U104/><E104/><V107/><F107/><W120/><G120/><T57/><D83/><U99/><E99/><V81/><REACH who="2" step="1"/><F79/><REACH who="2" ten="243,208,159,380" step="2"/><W119/><G119/><T97/><D97/><U109/><E109/><V90/><F90/><W29/><G47/><T15/><D15/><U108/><E108/><V100/><F100/><W126/><G62/><T23/><D23/><U94/><E61/><V135/><F135/><W46/><G46/><T65/><D65/><U32/><E134/><V88/><F88/><W59/><G91/><T95/><D95/><U33/><E94/><V35/><F35/><W3/><G92/><T128/><D128/><U51/><E22/><V66/><F66/><W67/><G3/><T54/><D56/><U0/><E0/><V40/><F40/><W89/><G59/><T25/><D25/><U125/><E26/><V112/><F112/><W14/><G24/><T133/><D133/><U58/><E114/><V31/><F31/><W74/><G67/><T77/><D77/><U96/><E113/><RYUUKYOKU ba="0,1" sc="243,15,208,-15,159,15,380,-15" hai0="5,6,21,27,28,49,54,57,76,80" hai2="1,8,38,42,44,75,78,81,102,103" /><INIT seed="4,1,1,4,3,19" ten="258,193,174,365" oya="0" hai0="132,64,86,128,47,12,44,102,84,71,78,6,54" hai1="53,88,133,79,118,26,119,42,108,31,95,76,107" hai2="114,129,41,4,91,115,111,125,62,55,18,34,10" hai3="61,130,65,80,109,112,99,82,92,46,37,45,57"/><T131/><D132/><U77/><E108/><V59/><F111/><W93/><G109/><T124/><D124/><U126/><E107/><V90/><F125/><W27/><G130/><N who="0" m="49707" /><D102/><U17/><E126/><V103/><F129/><W32/><G112/><N who="2" m="43049" /><F34/><W72/><G93/><T116/><D116/><U117/><E133/><V39/><F103/><N who="3" m="60903" /><G32/><T13/><D13/><U120/><E120/><V121/><F121/><W29/><G72/><T58/><D64/><U104/><E104/><V16/><F41/><W11/><G37/><T68/><D47/><N who="3" m="17929" /><G11/><N who="0" m="4215" /><D44/><U110/><E110/><V123/><F39/><W5/><G5/><T28/><D28/><U122/><E122/><V52/><F123/><W22/><AGARI ba="1,1" hai="22,27,29,57,61,65,80,82" m="17929,60903" machi="22" ten="30,4000,0" yaku="25,1,8,1,52,1" doraHai="19" who="3" fromWho="3" sc="258,-21,193,-11,174,-11,365,53" /><INIT seed="5,0,0,4,0,37" ten="237,182,163,418" oya="1" hai0="17,126,98,102,78,113,85,70,86,116,23,111,54" hai1="26,60,21,39,133,59,52,99,33,72,105,67,46" hai2="71,61,45,112,100,32,22,50,9,25,118,104,41" hai3="114,34,49,77,68,76,16,8,40,92,10,2,89"/><U35/><E133/><V74/><F118/><W27/><G68/><T93/><D126/><U73/><E73/><V122/><F122/><W97/><G114/><T13/><D113/><U62/><E72/><V80/><F112/><W0/><G34/><T91/><D111/><U75/><E75/><V127/><F127/><W129/><G129/><T108/><D108/><U125/><E125/><V53/><F9/><N who="3" m="3691" /><G0/><T51/><D116/><U134/><E134/><V28/><F22/><N who="3" m="13767" /><G2/><T30/><D70/><U83/><E83/><V90/><F90/><W20/><G20/><T84/><D30/><U119/><E119/><V12/><F12/><W4/><G4/><T79/><REACH who="0" step="1"/><D91/><REACH who="0" ten="227,182,163,418" step="2"/><U1/><E1/><V109/><F109/><W107/><G89/><T81/><D81/><U121/><E121/><V14/><F80/><W38/><G77/><T3/><D3/><U128/><E128/><V131/><F131/><W31/><G76/><T55/><D55/><U11/><E52/><V101/><F53/><W88/><G31/><T82/><D82/><U87/><E67/><N who="2" m="41455" /><F74/><W120/><G88/><T63/><D63/><U123/><E62/><V57/><F101/><W18/><G120/><T66/><D66/><U48/><E60/><V95/><F100/><W47/><G97/><T117/><D117/><U103/><E123/><V110/><F110/><W6/><G6/><T132/><D132/><U69/><E69/><V7/><F7/><W24/><G18/><T94/><D94/><U106/><E99/><V36/><F95/><W130/><G92/><T58/><AGARI ba="0,1" hai="13,17,23,51,54,58,78,79,84,85,86,93,98,102" machi="58" ten="30,4000,0" yaku="1,1,0,1,8,1,53,0" doraHai="37" doraHaiUra="64" who="0" fromWho="0" sc="227,50,182,-20,163,-10,418,-10" /><INIT seed="6,0,0,5,3,112" ten="277,162,153,408" oya="2" hai0="3,113,107,61,50,9,134,97,11,36,92,64,128" hai1="131,121,12,94,46,130,44,68,77,27,125,55,53" hai2="115,95,129,78,65,72,123,31,23,111,82,62,28" hai3="109,51,83,70,87,102,30,100,69,63,120,15,118"/><V60/><F123/><W17/><G120/><T25/><D134/><U85/><E121/><V24/><F115/><W108/><G51/><T26/><D128/><N who="1" m="49195" /><E68/><V33/><F129/><W45/><G45/><N who="1" m="17514" /><E125/><V93/><F111/><W133/><G63/><T101/><D36/><U132/><E132/><V1/><F1/><W127/><G30/><T126/><D126/><U110/><E110/><V81/><F81/><W117/><G127/><T49/><D113/><U59/><E27/><N who="0" m="10249" /><D107/><U90/><E59/><V75/><F33/><W91/><G133/><T43/><D3/><U89/><E77/><V42/><F31/><W40/><G40/><T8/><D43/><U39/><E39/><V29/><F29/><W124/><G124/><T73/><D73/><U135/><E135/><V56/><F42/><W98/><G102/><T0/><D0/><U41/><E41/><V103/><F75/><W20/><G70/><T13/><D13/><U54/><E90/><V7/><F7/><W71/><G69/><T16/><D16/><U105/><E105/><V74/><F74/><W35/><G71/><T21/><D21/><U47/><N who="1" m="17522" /><U84/><DORA hai="57" /><E12/><V79/><F79/><W76/><G76/><T48/><D64/><U18/><E18/><V6/><F6/><W10/><G20/><T86/><D86/><AGARI ba="0,0" hai="53,54,55,84,85,86,89,94" m="17522,49195" machi="86" ten="40,1300,0" yaku="19,1" doraHai="112,57" who="1" fromWho="0" sc="277,-13,162,13,153,0,408,0" /><INIT seed="7,0,0,4,3,2" ten="264,175,153,408" oya="3" hai0="110,26,120,70,51,109,17,105,133,91,78,100,67" hai1="14,52,9,80,125,18,97,50,48,113,76,60,107" hai2="112,135,8,39,46,115,108,25,96,124,42,62,117" hai3="88,75,74,79,71,134,68,126,102,61,87,47,33"/><W36/><G33/><T1/><D133/><U3/><E113/><N who="2" m="43595" /><F108/><W65/><G79/><T57/><D17/><U43/><E125/><V54/><F117/><W123/><G71/><T29/><D26/><U111/><E111/><V19/><F124/><W77/><G77/><T119/><D51/><N who="1" m="19499" /><E3/><V128/><F135/><W0/><G0/><T121/><D57/><N who="1" m="34855" /><E107/><V118/><F118/><W22/><G126/><T37/><D100/><U92/><E43/><V69/><F128/><W116/><G116/><T28/><D91/><N who="1" m="55455" /><E76/><V73/><F73/><W34/><G87/><T49/><D1/><U41/><E41/><V5/><F96/><W104/><G22/><T24/><D110/><U122/><E122/><V99/><F99/><W56/><G56/><T84/><D109/><U40/><E40/><V15/><F54/><W89/><G34/><T131/><D121/><U106/><E106/><V130/><F130/><W90/><G123/><T13/><D131/><U83/><AGARI ba="0,0" hai="9,14,18,80,83" m="55455,34855,19499" machi="83" ten="30,2000,0" yaku="8,1,54,1" doraHai="2" who="1" fromWho="1" sc="264,-5,175,20,153,-5,408,-10" owari="259,6.0,195,-20.0,148,-35.0,398,49.0" /></mjloggm>