<mjloggm ver="2.3"><GO type="169" lobby="0"/><UN n0="%41%47%72%64%6E" n1="%33%6E%6F%6D%79%5F%64%73" n2="%E6%84%9B%E5%AE%95%E6%B4%8B%E6%A6%8E%E2%98%85" n3="%E3%81%88%E3%81%99%E3%81%9F%E3%81%BE%E3%82%8B" dan="16,17,16,16" rate="2140.16,2155.86,2159.49,2116.21" sx="M,M,F,M"/><TAIKYOKU oya="0"/><INIT seed="0,0,0,4,2,106" ten="250,250,250,250" oya="0" hai0="128,5,8,112,49,115,46,72,53,119,105,79,110" hai1="62,63,47,123,127,69,96,38,15,7,16,134,103" hai2="108,6,27,59,24,74,98,114,22,39,111,60,94" hai3="36,66,125,85,19,0,25,117,12,54,70,18,101"/><T45/><D119/><U130/><E130/><V81/><F39/><W88/><G0/><T64/><D128/><U57/><E134/><V13/><F114/><W118/><G125/><T113/><D105/><U124/><E123/><V83/><F24/><W99/><G36/><T32/><D32/><U4/><E69/><V132/><F132/><W76/><G76/><T102/><D102/><U9/><E62/><V84/><F84/><W121/><G121/><T14/><D64/><U65/><E127/><V58/><F58/><W17/><G25/><T30/><D30/><U55/><E124/><V29/><F74/><W78/><G78/><T2/><D110/><U44/><E38/><V126/><F126/><W104/><G12/><T3/><REACH who="0" step="1"/><D45/><REACH who="0" ten="240,250,250,250" step="2"/><U120/><E120/><V129/><F129/><W95/><REACH who="3" step="1"/><G54/><REACH who="3" ten="240,250,250,240" step="2"/><T93/><D93/><N who="1" m="58767" /><E55/><V91/><F111/><W71/><G71/><T34/><D34/><U37/><E37/><V50/><F108/><W89/><G89/><T77/><D77/><U122/><E122/><V52/><F60/><AGARI ba="0,2" hai="17,18,19,60,66,70,85,88,95,99,101,104,117,118" machi="60" ten="40,2600,0" yaku="1,1,54,1,53,0" doraHai="106" doraHaiUra="131" who="3" fromWho="2" sc="240,0,250,0,250,-26,240,46" /><INIT seed="1,0,0,1,5,2" ten="240,250,224,286" oya="1" hai0="107,109,59,129,8,80,131,103,47,38,18,77,28" hai1="65,100,85,96,34,94,118,106,29,10,72,95,19" hai2="110,9,119,20,84,135,12,130,27,43,26,71,123" hai3="35,48,60,97,88,127,133,83,25,128,75,57,24"/><U114/><E72/><V73/><F73/><W62/><G128/><T42/><D28/><U105/><E118/><V81/><F123/><W120/><G120/><T104/><D109/><U51/><E114/><V30/><F119/><W79/><G133/><T86/><D103/><U112/><E112/><V41/><F71/><W31/><G127/><T52/><D18/><U49/><E65/><V124/><F110/><W64/><G25/><T117/><D8/><U87/><E29/><V40/><F124/><W14/><G14/><T45/><D45/><U126/><E126/><V132/><F26/><W55/><REACH who="3" step="1"/><G64/><REACH who="3" ten="240,250,224,276" step="2"/><T116/><D116/><U99/><E34/><V21/><F130/><N who="0" m="49674" /><D117/><U53/><E106/><V54/><F132/><W44/><G44/><T67/><D67/><U108/><E105/><V111/><F111/><W6/><G6/><T74/><D74/><U69/><E108/><V70/><F135/><W63/><G63/><AGARI ba="0,1" hai="38,42,47,52,59,63,77,80,86,104,107" m="49674" machi="63" ten="30,2000,0" yaku="19,1,54,1" doraHai="2" who="0" fromWho="3" sc="240,30,250,0,224,0,276,-20" /><INIT seed="2,0,0,0,1,12" ten="270,250,224,256" oya="2" hai0="46,43,73,34,130,72,8,90,31,35,105,77,40" hai1="87,66,61,32,92,55,133,71,48,67,7,116,53" hai2="78,82,85,108,60,91,47,93,106,42,96,129,21" hai3="25,17,18,131,26,24,112,115,51,38,29,1,135"/><V50/><F129/><W64/><G38/><T111/><D105/><U4/><E133/><V97/><F108/><W86/><G135/><T80/><D73/><U27/><E116/><V0/><F0/><W56/><G1/><T119/><D119/><U121/><E121/><V69/><F106/><W36/><G36/><T41/><D111/><U57/><E67/><V100/><F97/><W122/><G122/><T120/><D120/><U5/><E55/><V83/><F83/><W62/><G131/><T15/><D130/><U89/><E32/><V70/><F60/><W98/><G98/><T3/><D3/><U126/><E126/><V28/><REACH who="2" step="1"/><F100/><REACH who="2" ten="270,250,214,256" step="2"/><W114/><G29/><T10/><D80/><U101/><E101/><V124/><F124/><W65/><G65/><T37/><D37/><U58/><E71/><V11/><F11/><W2/><G2/><T128/><D8/><U99/><E99/><V23/><F23/><W123/><G123/><T104/><D104/><U52/><E66/><V84/><F84/><W49/><G86/><T107/><D107/><U95/><E95/><V125/><F125/><W81/><G81/><N who="0" m="45223" /><D128/><U6/><N who="1" m="1024" /><DORA hai="74" /><U132/><E132/><V33/><F33/><W75/><REACH who="3" step="1"/><G75/><REACH who="3" ten="270,250,214,246" step="2"/><T88/><D34/><U110/><E110/><V109/><F109/><W76/><G76/><T103/><D35/><U118/><E118/><V16/><F16/><AGARI ba="0,2" hai="16,17,18,24,25,26,49,51,56,62,64,112,114,115" machi="16" ten="50,16000,3" yaku="1,1,11,1,52,3,54,1,53,3" doraHai="12,74" doraHaiUra="134,22" who="3" fromWho="2" sc="270,0,250,0,214,-160,246,180" /><INIT seed="3,0,0,5,4,108" ten="270,250,54,426" oya="3" hai0="33,130,8,30,37,4,115,0,113,14,63,103,7" hai1="54,58,65,105,70,47,132,51,79,83,62,24,96" hai2="84,135,12,86,21,99,59,111,73,98,25,125,29" hai3="74,6,61,100,31,106,95,40,118,17,68,102,123"/><W66/><G118/><T129/><D37/><U46/><E132/><V91/><F111/><W81/><G123/><T44/><D44/><U15/><E15/><V117/><F135/><W45/><G106/><T75/><D63/><U10/><E10/><V133/><F125/><W56/><G31/><T28/><D103/><U92/><E105/><V88/><F133/><W121/><G121/><T76/><D76/><U97/><E24/><V122/><F73/><W89/><G6/><T127/><D75/><U16/><E16/><V112/><F112/><N who="0" m="43082" /><D127/><U50/><E50/><V126/><F126/><W38/><G68/><T82/><D82/><U26/><E26/><V11/><F59/><W77/><G17/><T48/><D48/><U34/><E34/><V104/><F104/><W131/><G131/><N who="0" m="50187" /><D33/><U101/><E97/><AGARI ba="0,0" hai="38,40,45,56,61,66,74,77,81,89,95,97,100,102" machi="97" ten="30,1500,0" yaku="7,1" doraHai="108" who="3" fromWho="1" sc="270,0,250,-15,54,0,426,15" /><INIT seed="3,1,0,5,3,60" ten="270,235,54,441" oya="3" hai0="121,98,79,28,123,128,11,96,37,17,13,12,22" hai1="133,66,51,93,111,110,78,41,114,122,105,1,27" hai2="87,91,97,116,80,127,99,56,6,5,107,39,42" hai3="33,72,125,104,49,126,9,75,43,19,112,7,129"/><W45/><G112/><T55/><D37/><U69/><E105/><V73/><F116/><W92/><G104/><T84/><D128/><U18/><E1/><V0/><F127/><N who="3" m="48651" /><G33/><T34/><D34/><U71/><E78/><V106/><F106/><W59/><G129/><T76/><D121/><U68/><E93/><V3/><F99/><W54/><G19/><T62/><D123/><U32/><E18/><V100/><F3/><N who="3" m="255" /><G92/><T31/><D55/><U135/><E122/><V109/><F109/><N who="1" m="41481" /><E27/><V89/><F0/><W124/><G124/><T131/><D62/><AGARI ba="1,0" hai="43,45,49,54,59,62,72,75" m="255,48651" machi="62" ten="30,1500,0" yaku="18,1" doraHai="60" who="3" fromWho="0" sc="270,-18,235,0,54,0,441,18" /><INIT seed="3,2,0,1,0,55" ten="252,235,54,459" oya="3" hai0="11,124,37,80,25,33,60,85,57,35,109,51,89" hai1="114,115,43,128,29,78,19,59,107,100,134,2,10" hai2="76,113,64,95,31,68,12,13,46,1,125,108,120" hai3="65,72,79,131,15,22,105,6,121,44,81,14,111"/><W54/><G121/><T53/><D37/><U21/><E134/><V122/><F113/><W86/><G105/><T42/><D109/><U101/><E128/><V77/><F108/><W63/><G111/><T30/><D35/><U34/><E78/><N who="2" m="30315" /><F31/><W23/><G131/><T106/><D106/><U74/><E74/><V48/><F1/><W39/><G72/><T36/><D124/><U97/><E43/><N who="2" m="24671" /><F68/><W20/><G6/><T28/><D28/><U27/><E101/><V87/><F64/><W62/><G39/><T88/><D36/><U67/><E67/><V5/><F5/><W102/><G102/><T104/><D104/><U47/><E47/><V99/><F87/><W71/><REACH who="3" step="1"/><G44/><REACH who="3" ten="252,235,54,449" step="2"/><T40/><D11/><U0/><E115/><V75/><F75/><W90/><G90/><T24/><D89/><U9/><E9/><V4/><F4/><W50/><G50/><T110/><D110/><U18/><E114/><V70/><F125/><W83/><G83/><T127/><D127/><U123/><E123/><N who="2" m="47147" /><F70/><W61/><G61/><T52/><REACH who="0" step="1"/><D24/><REACH who="0" ten="242,235,54,449" step="2"/><U49/><E10/><V112/><F112/><W98/><G98/><T69/><D69/><U41/><E27/><V135/><F135/><W126/><G126/><T7/><D7/><U16/><E97/><V132/><F132/><W94/><G94/><T116/><D116/><U17/><E107/><V73/><F73/><W93/><G93/><T66/><D66/><U92/><E92/><V103/><AGARI ba="2,2" hai="12,13,95,99,103" m="47147,24671,30315" machi="103" ten="30,1100,0" yaku="13,1" doraHai="55" who="2" fromWho="2" sc="242,-5,235,-5,54,37,449,-7" /><INIT seed="4,0,0,4,2,30" ten="237,230,91,442" oya="0" hai0="98,9,72,33,106,113,115,73,127,80,86,38,99" hai1="4,117,92,23,82,120,109,52,14,116,131,12,49" hai2="76,111,130,0,114,132,125,24,25,66,110,97,43" hai3="27,68,83,107,57,1,40,47,103,36,42,6,39"/><T58/><D38/><U90/><E109/><V119/><F0/><W10/><G57/><T22/><D9/><U48/><E131/><V70/><F43/><W121/><G121/><T134/><D58/><U101/><E120/><V104/><F76/><W44/><G83/><T95/><D22/><U50/><E101/><V122/><F25/><W129/><G129/><T89/><D33/><U29/><E82/><V135/><F24/><W105/><G68/><T31/><D31/><U65/><E65/><V37/><F66/><W3/><G27/><T13/><D13/><U88/><E90/><V77/><F77/><W2/><G107/><T108/><D108/><U67/><E67/><V34/><F97/><AGARI ba="0,0" hai="1,2,3,6,10,36,39,40,42,44,47,97,103,105" machi="97" ten="40,8000,1" yaku="9,1,33,3" doraHai="30" who="3" fromWho="2" sc="237,0,230,0,91,-80,442,80" /><INIT seed="5,0,0,2,2,93" ten="237,230,11,522" oya="1" hai0="79,45,96,92,98,38,107,49,68,131,3,52,40" hai1="65,119,97,84,73,78,28,82,21,64,60,90,18" hai2="89,94,85,6,127,99,53,112,75,10,114,129,88" hai3="81,101,62,134,126,42,83,33,104,48,14,36,39"/><U61/><E28/><V116/><F116/><W117/><G33/><T86/><D3/><U87/><E119/><V103/><F75/><W91/><G134/><T128/><D68/><U41/><E41/><V105/><F53/><W20/><G126/><T70/><D70/><U110/><E110/><V132/><F10/><W76/><G62/><T29/><D29/><U2/><E2/><V47/><F47/><W100/><G91/><T7/><D7/><U111/><E111/><V46/><F46/><W9/><G20/><T34/><D34/><U63/><E73/><V115/><F6/><W11/><G48/><T58/><D107/><U16/><E18/><V121/><F121/><W124/><G14/><T54/><D54/><U25/><REACH who="1" step="1"/><E97/><REACH who="1" ten="237,220,11,522" step="2"/><N who="2" m="57543" /><F129/><N who="0" m="49738" /><D92/><AGARI ba="0,1" hai="16,21,25,60,61,63,64,65,78,82,84,87,90,92" machi="92" ten="40,7700,0" yaku="1,1,8,1,54,1,53,0" doraHai="93" doraHaiUra="55" who="1" fromWho="0" sc="237,-77,220,87,11,0,522,0" /><INIT seed="5,1,0,1,3,119" ten="160,307,11,522" oya="1" hai0="93,18,81,2,73,105,112,1,27,49,55,24,41" hai1="16,25,118,63,37,11,4,22,36,23,117,44,128" hai2="45,15,94,100,56,20,87,114,74,129,66,70,89" hai3="59,79,39,33,38,54,134,57,52,64,88,84,43"/><U101/><E128/><V35/><F74/><W46/><G33/><T71/><D105/><U72/><E72/><V78/><F129/><W21/><G79/><T10/><D71/><U34/><E101/><V31/><F70/><W68/><G21/><T111/><D111/><U110/><E110/><V82/><F114/><W108/><G88/><T6/><D1/><U124/><E124/><V125/><F125/><W61/><G84/><T86/><D112/><U132/><E132/><V107/><F35/><W99/><G99/><T48/><D18/><U9/><E34/><V50/><F107/><W40/><G108/><T120/><D49/><U96/><E96/><V98/><F15/><W62/><G134/><T14/><D2/><U7/><E63/><V69/><F69/><W17/><G17/><T92/><D73/><U95/><E95/><V5/><F5/><W51/><G43/><T77/><D55/><U116/><E44/><V0/><F0/><W80/><G80/><T91/><D120/><U115/><E115/><V30/><F20/><W47/><G47/><N who="0" m="25711" /><D91/><U76/><E76/><V122/><F122/><W13/><G13/><T127/><D127/><U8/><REACH who="1" step="1"/><E23/><REACH who="1" ten="160,297,11,522" step="2"/><V133/><F133/><W67/><G67/><T85/><D86/><U3/><E3/><V135/><F135/><W53/><G53/><T103/><D103/><U109/><E109/><V60/><REACH who="2" step="1"/><F100/><REACH who="2" ten="160,297,1,522" step="2"/><W113/><G113/><T19/><D93/><U131/><E131/><V58/><F58/><W75/><G75/><T106/><D92/><U28/><E28/><V83/><F83/><W123/><G123/><RYUUKYOKU ba="1,2" sc="160,-30,297,10,1,10,522,10" hai1="4,7,8,9,11,16,22,25,36,37,116,117,118" hai2="30,31,45,50,56,60,66,78,82,87,89,94,98" hai3="38,39,40,46,51,52,54,57,59,61,62,64,68" /><INIT seed="5,2,2,4,3,68" ten="130,307,11,532" oya="1" hai0="54,9,1,84,38,52,17,115,4,111,92,55,20" hai1="101,131,50,119,42,46,77,57,107,71,93,99,3" hai2="126,11,129,14,123,49,5,135,34,97,106,79,43" hai3="47,8,29,18,36,22,27,100,6,56,66,133,98"/><U103/><E131/><V80/><F123/><W72/><G72/><T76/><D111/><U87/><E71/><V61/><F129/><W40/><G133/><T62/><D115/><U95/><E119/><V19/><F135/><W64/><G18/><T114/><D114/><U74/><E3/><V81/><F126/><W63/><G66/><T28/><D28/><U58/><E101/><V44/><F34/><W96/><G100/><T88/><D76/><U94/><E87/><V120/><F120/><W75/><G75/><T69/><D69/><U48/><REACH who="1" step="1"/><E50/><REACH who="1" ten="130,297,11,532" step="2"/><V73/><F81/><AGARI ba="2,3" hai="42,46,48,57,58,74,77,81,93,94,95,99,103,107" machi="81" ten="40,3900,0" yaku="1,1,2,1,53,0" doraHai="68" doraHaiUra="110" who="1" fromWho="2" sc="130,0,297,75,11,-45,532,0" owari="130,-27.0,372,17.0,-34,-53.0,532,63.0" /></mjloggm>