<mjloggm ver="2.3"><GO type="185" lobby="0"/><UN n0="%E4%B8%8A%E5%AE%B6%E3%81%AE%E6%AF%8D%E3%81%A7%E3%81%99" n1="%E3%82%89%E3%82%93%E3%81%A1%E3%81%87%E3%81%99%E3%81%9F" n2="%28%2A%C2%B4%CF%89%EF%BD%80%2A%7D" n3="" dan="16,16,17,0" rate="2157.37,2185.54,2261.04,1500.00" sx="F,M,F,C"/><TAIKYOKU oya="0"/><INIT seed="0,0,0,1,5,83" ten="350,350,350,0" oya="0" hai0="32,41,74,92,105,128,63,50,99,118,53,36,121" hai1="55,78,120,34,75,65,115,123,133,126,89,73,62" hai2="108,76,42,67,112,47,61,124,96,52,3,40,84" hai3=""/><T95/><N who="0" m="31008" /><T43/><D118/><U48/><N who="1" m="30752" /><U85/><N who="1" m="31520" /><U81/><E34/><V80/><F3/><T102/><D32/><U93/><E133/><V111/><F112/><T44/><D128/><U134/><E134/><V110/><F124/><T129/><D129/><U130/><E130/><V69/><F96/><T1/><D1/><U56/><E126/><V57/><REACH who="2" step="1"/><F47/><REACH who="2" ten="350,350,340,0" step="2"/><T88/><D74/><U68/><REACH who="1" step="1"/><E115/><REACH who="1" ten="350,340,340,0" step="2"/><V72/><F72/><AGARI ba="0,2" hai="48,55,56,62,65,68,72,73,75,78,81,85,89,93" m="31520,30752" machi="72" ten="30,12000,2" yaku="1,1,2,1,7,1,52,3,53,1" doraHai="83" doraHaiUra="77" who="1" fromWho="2" sc="350,0,340,140,340,-120,0,0" /><INIT seed="1,0,0,2,1,100" ten="350,480,220,0" oya="1" hai0="106,62,132,73,101,34,50,124,1,71,53,79,130" hai1="102,78,105,47,32,86,64,87,114,46,36,91,63" hai2="52,33,76,59,128,107,123,104,97,90,72,40,135" hai3=""/><U92/><E114/><V133/><N who="2" m="31520" /><V85/><F33/><T82/><D1/><U42/><E32/><V126/><F126/><T74/><D124/><U68/><E47/><V125/><F125/><T44/><D130/><U113/><E113/><V65/><F128/><T122/><N who="0" m="31264" /><T75/><D132/><U110/><E110/><V60/><F40/><T38/><D34/><U83/><REACH who="1" step="1"/><E102/><REACH who="1" ten="350,470,220,0" step="2"/><V35/><F35/><T58/><D38/><U116/><E116/><V70/><F135/><T57/><D71/><U134/><E134/><V131/><F133/><T61/><D58/><U129/><E129/><V81/><F131/><T41/><D62/><U48/><E48/><V49/><REACH who="2" step="1"/><F97/><REACH who="2" ten="350,470,210,0" step="2"/><T56/><D57/><U89/><E89/><V88/><F88/><T99/><AGARI ba="0,2" hai="41,44,50,53,56,61,73,74,75,79,82,99,101,106" m="31264" machi="99" ten="30,3000,0" yaku="0,1,52,2" doraHai="100" who="0" fromWho="0" sc="350,50,470,-20,210,-10,0,0" /><INIT seed="2,0,0,3,2,56" ten="400,450,200,0" oya="2" hai0="117,53,85,78,116,81,79,36,41,123,114,118,132" hai1="92,70,130,129,126,63,55,90,105,43,95,87,42" hai2="71,47,33,60,107,119,88,48,40,38,61,112,101" hai3=""/><V83/><F33/><T113/><N who="0" m="31520" /><T103/><D132/><U108/><E105/><V72/><F119/><T58/><D103/><U35/><E35/><V69/><F112/><T65/><D65/><U76/><E108/><V39/><F107/><T93/><D93/><U46/><E126/><V86/><F101/><T128/><D128/><U127/><E127/><V59/><F72/><T34/><D34/><U125/><E125/><V64/><F71/><T110/><D110/><U100/><E76/><V1/><F1/><T52/><D79/><U102/><E42/><V89/><F89/><T97/><D97/><U82/><E95/><V115/><F115/><N who="0" m="44042" /><D58/><U84/><E129/><V44/><F44/><AGARI ba="0,0" hai="36,41,44,52,53,78,81,85,116,117,118" m="44042,31520" machi="44" ten="40,5200,0" yaku="11,1,52,1,54,1" doraHai="56" who="0" fromWho="2" sc="400,52,450,0,200,-52,0,0" /><INIT seed="4,0,0,2,2,48" ten="452,450,148,0" oya="0" hai0="81,107,40,51,61,93,82,134,133,85,84,67,33" hai1="130,76,112,79,58,41,121,73,102,106,99,83,94" hai2="53,49,119,123,63,124,88,56,114,122,105,71,42" hai3=""/><T77/><D33/><U101/><N who="1" m="31008" /><U96/><E130/><V1/><N who="2" m="31264" /><V131/><N who="2" m="31520" /><V3/><F131/><T128/><D128/><U68/><E68/><V2/><F114/><T74/><D107/><U92/><E112/><V46/><F124/><T104/><D104/><U50/><E41/><V43/><F105/><T116/><D116/><U34/><E34/><V87/><F119/><T70/><D93/><U0/><E0/><V132/><F71/><T35/><D35/><U66/><E76/><V98/><F98/><T37/><D37/><U117/><E117/><V44/><F132/><T72/><D72/><U135/><E135/><V32/><F32/><T60/><D60/><U113/><E113/><V95/><REACH who="2" step="1"/><F3/><REACH who="2" ten="452,450,138,0" step="2"/><T86/><D134/><U126/><E126/><V39/><AGARI ba="0,1" hai="1,2,39,42,43,44,46,49,53,56,63,87,88,95" m="31520,31264" machi="39" ten="20,12000,3" yaku="1,1,2,1,0,1,7,1,52,3,54,1,53,0" doraHai="48" doraHaiUra="75" who="2" fromWho="2" sc="452,-80,450,-40,138,130,0,0" /><INIT seed="5,0,0,2,2,62" ten="372,410,268,0" oya="1" hai0="32,63,39,78,77,57,51,112,33,104,113,55,133" hai1="123,115,131,45,61,95,118,2,117,114,50,135,3" hai2="64,49,71,41,66,81,65,106,108,44,80,110,89" hai3=""/><U128/><N who="1" m="31520" /><U48/><E135/><V120/><N who="2" m="30752" /><V88/><F106/><T75/><D133/><U38/><E38/><V92/><F71/><T60/><D104/><U67/><E95/><V119/><F119/><N who="1" m="45577" /><E3/><V107/><F107/><T40/><D39/><U127/><E50/><V52/><F41/><T116/><D116/><U37/><E37/><V72/><F72/><T83/><D78/><U69/><E2/><V54/><F54/><T122/><N who="0" m="31264" /><T132/><D132/><U34/><E34/><V87/><REACH who="2" step="1"/><F80/><REACH who="2" ten="372,410,258,0" step="2"/><T76/><D32/><U102/><E127/><V56/><F56/><T46/><D33/><U47/><E47/><V121/><N who="2" m="31008" /><V36/><F36/><T85/><D75/><U93/><E93/><V59/><F59/><T100/><D57/><U82/><E82/><V43/><F43/><T129/><D40/><U125/><E125/><V53/><F53/><T74/><D55/><U109/><E45/><V58/><F58/><T0/><D46/><U70/><E69/><V94/><F94/><T86/><D83/><U35/><E35/><V73/><F73/><T98/><D74/><U99/><E70/><V90/><F90/><T96/><D0/><U68/><E68/><V105/><F105/><RYUUKYOKU ba="0,1" sc="372,-10,410,-10,258,20,0,0" hai2="44,49,52,64,65,66,81,87,88,89,92,108,110" /><INIT seed="6,1,1,1,2,74" ten="362,400,278,0" oya="2" hai0="94,117,125,88,47,112,78,133,98,119,39,90,82" hai1="132,111,50,103,124,38,93,57,0,96,99,131,42" hai2="86,52,59,44,37,36,67,35,107,123,87,65,83" hai3=""/><V53/><N who="2" m="31520" /><V79/><F35/><T129/><D39/><U114/><E111/><V2/><F2/><T91/><D47/><U48/><E0/><V101/><F107/><T81/><D112/><U95/><E114/><V109/><F101/><T92/><D129/><U73/><E73/><V55/><F109/><T62/><D62/><U97/><E97/><V34/><F34/><T41/><D41/><U60/><E131/><V3/><F3/><T51/><D51/><U75/><E75/><V130/><F130/><T49/><D49/><U110/><E132/><V104/><F104/><T1/><D133/><U56/><E56/><V115/><F115/><T127/><D1/><U113/><E113/><V70/><F70/><T128/><D128/><U80/><E80/><N who="0" m="30825" /><D78/><U61/><E61/><V108/><F108/><T126/><D92/><U46/><E110/><V116/><F116/><AGARI ba="1,1" hai="88,90,91,94,98,116,117,119,125,126,127" m="30825" machi="116" ten="40,8000,1" yaku="18,1,34,2,54,1" doraHai="74" who="0" fromWho="2" sc="362,92,400,0,278,-82,0,0" owari="454,40.0,400,0.0,196,-40.0,0,0.0" /></mjloggm>