<mjloggm ver="2.3"><GO type="169" lobby="0"/><UN n0="%E3%81%8A%E3%81%98%E3%81%95%E3%82%93" n1="%6B%6F%6B%6F%72%6F%6E%69" n2="%64%61%7A%61%69" n3="%E5%8D%97%E6%96%97%E7%84%A1%E9%9F%B3%E6%8B%B3" dan="17,16,16,16" rate="2210.59,2147.39,2146.36,2075.34" sx="M,M,M,M"/><TAIKYOKU oya="0"/><INIT seed="0,0,0,4,4,41" ten="250,250,250,250" oya="0" hai0="93,71,78,127,102,132,20,26,134,50,101,49,86" hai1="0,80,104,98,89,45,56,55,39,18,36,40,90" hai2="12,61,33,112,27,31,94,109,13,91,4,130,46" hai3="97,110,34,42,51,95,9,21,35,32,131,17,116"/><T76/><D71/><U66/><E0/><V25/><F112/><W111/><G116/><T117/><D117/><U119/><E119/><V84/><F109/><N who="3" m="41483" /><G131/><T2/><D2/><U53/><E66/><V44/><F130/><W96/><G9/><T62/><D62/><U88/><E18/><V60/><F4/><W54/><G42/><T106/><D106/><U118/><E118/><V28/><F84/><W85/><G85/><T79/><D86/><U5/><E5/><V99/><F99/><W59/><G95/><T68/><D68/><U135/><E135/><N who="0" m="51753" /><D127/><U14/><E14/><AGARI ba="0,0" hai="14,17,21,32,34,35,51,54,59,96,97" m="41483" machi="14" ten="40,1300,0" yaku="14,1" doraHai="41" who="3" fromWho="1" sc="250,0,250,-13,250,0,250,13" /><INIT seed="1,0,0,2,5,48" ten="250,237,250,263" oya="1" hai0="28,41,77,22,20,15,59,24,50,65,107,79,71" hai1="101,6,4,116,40,118,111,80,96,121,61,124,27" hai2="115,130,97,34,8,102,57,39,120,112,2,129,26" hai3="98,7,33,37,46,63,19,56,90,30,99,88,47"/><U64/><E121/><V104/><F120/><W72/><G72/><T32/><D107/><U81/><E40/><V76/><F39/><W68/><G68/><T123/><D123/><U117/><E117/><V109/><F109/><W103/><G7/><T105/><D105/><U35/><E111/><V91/><F76/><W1/><G1/><T55/><D41/><U93/><E124/><V60/><F91/><W13/><G33/><T75/><D75/><U113/><E81/><V70/><F57/><W86/><G30/><T131/><D131/><N who="2" m="50186" /><F8/><W0/><G0/><T10/><D79/><U67/><E80/><V49/><F49/><W53/><G90/><T73/><D77/><U45/><E45/><V84/><F84/><W66/><G37/><T89/><D89/><U25/><E25/><V114/><F2/><W106/><G99/><T85/><D85/><U3/><E64/><N who="2" m="41223" /><F26/><W95/><REACH who="3" step="1"/><G66/><REACH who="3" ten="250,237,250,253" step="2"/><T54/><D73/><U36/><E36/><V11/><F34/><W133/><G133/><T122/><D122/><U62/><E3/><V17/><F114/><W52/><G52/><T18/><REACH who="0" step="1"/><D55/><REACH who="0" ten="240,237,250,253" step="2"/><U12/><E113/><V23/><F115/><W21/><AGARI ba="0,2" hai="13,19,21,46,47,53,56,63,86,88,95,98,103,106" machi="21" ten="20,12000,2" yaku="1,1,0,1,7,1,52,1,54,1,53,1" doraHai="48" doraHaiUra="100" who="3" fromWho="3" sc="240,-30,237,-60,250,-30,253,140" /><INIT seed="2,0,0,2,4,92" ten="210,177,220,393" oya="2" hai0="55,22,3,103,53,98,29,67,16,14,123,56,15" hai1="30,45,9,80,97,84,107,134,95,44,108,76,59" hai2="25,102,69,8,125,75,109,60,104,110,18,121,42" hai3="17,81,4,124,115,23,40,89,41,130,101,52,26"/><V111/><F121/><W37/><G124/><T116/><D123/><U19/><E134/><V86/><F125/><W113/><G130/><T114/><D3/><U6/><E108/><V12/><F75/><W127/><G4/><T68/><D114/><N who="3" m="43529" /><G127/><T7/><D116/><U35/><E107/><V34/><F42/><W112/><N who="3" m="43537" /><W91/><DORA hai="99" /><G37/><T48/><D29/><U128/><E128/><V13/><F86/><N who="3" m="50383" /><G101/><T62/><D55/><U132/><E132/><V106/><F13/><W71/><G71/><T77/><D77/><U135/><E135/><V46/><F46/><W105/><G105/><T87/><D87/><U43/><E35/><V133/><F133/><W117/><G117/><T21/><D7/><U129/><E129/><V2/><F2/><W51/><G91/><T32/><D32/><U79/><E30/><N who="2" m="19791" /><F102/><W70/><G70/><T119/><D119/><U83/><E19/><V58/><F69/><W5/><G5/><T85/><D85/><U31/><E31/><V28/><F28/><W93/><G93/><T49/><D14/><U63/><E43/><V100/><F100/><W90/><G90/><T72/><D72/><U122/><E122/><V38/><F38/><W65/><G65/><AGARI ba="0,0" hai="8,12,18,58,60,65,104,106,109,110,111" m="19791" machi="65" ten="30,2900,0" yaku="14,1,10,1" doraHai="92,99" who="2" fromWho="3" sc="210,0,177,0,220,29,393,-29" /><INIT seed="2,1,0,4,4,44" ten="210,177,249,364" oya="2" hai0="110,43,20,135,124,85,117,125,82,108,84,122,96" hai1="37,119,128,76,133,19,129,126,42,97,78,93,109" hai2="64,55,71,77,95,22,120,132,46,59,123,57,111" hai3="49,75,73,92,7,16,68,41,67,113,56,38,30"/><V121/><F77/><W5/><G113/><T17/><D43/><U50/><E119/><V134/><F95/><W13/><G30/><T72/><D17/><U87/><E37/><V66/><F22/><W31/><G31/><T29/><D20/><U15/><E133/><N who="2" m="51307" /><F111/><N who="0" m="42538" /><D29/><U2/><E2/><V48/><F71/><W47/><G75/><T60/><D60/><U112/><E112/><V118/><F118/><W104/><G73/><T94/><D135/><U91/><E109/><V24/><F24/><W127/><G104/><T35/><D35/><U115/><E115/><V102/><F102/><W18/><G18/><T45/><D45/><N who="1" m="25911" /><E126/><N who="0" m="48745" /><D117/><U89/><E129/><V107/><F107/><W52/><G127/><T100/><D122/><U131/><E131/><V116/><F116/><W36/><G36/><T88/><D100/><U106/><E106/><V98/><F98/><W34/><G34/><T1/><D1/><U27/><E27/><V9/><F9/><N who="3" m="6191" /><G68/><T79/><AGARI ba="1,0" hai="72,79,82,84,85,88,94,96" m="48745,42538" machi="79" ten="40,8000,1" yaku="14,1,18,1,34,2,54,1" doraHai="44" who="0" fromWho="0" sc="210,83,177,-21,249,-41,364,-21" /><INIT seed="3,0,0,4,3,76" ten="293,156,208,343" oya="3" hai0="14,131,1,126,94,55,53,60,36,82,130,7,56" hai1="21,93,4,85,95,19,67,122,101,114,107,123,97" hai2="84,35,52,71,116,30,57,129,99,15,103,121,68" hai3="46,127,18,77,81,117,102,128,88,111,110,92,73"/><W66/><G117/><T96/><D126/><U54/><E114/><V27/><F116/><W16/><G66/><T44/><D1/><U65/><E4/><V91/><F129/><N who="0" m="49162" /><D82/><U90/><E107/><V41/><F121/><W133/><G128/><T34/><D34/><U45/><E123/><V43/><F71/><W104/><G127/><T47/><D36/><U12/><E122/><V135/><F68/><W51/><G133/><T40/><D40/><U58/><REACH who="1" step="1"/><E45/><REACH who="1" ten="293,146,208,343" step="2"/><V20/><F135/><W108/><G104/><T26/><D44/><U23/><E23/><V118/><F118/><W37/><G102/><T106/><D47/><U22/><E22/><V0/><F35/><W33/><G37/><T124/><D7/><U78/><E78/><V134/><F134/><W61/><G33/><T62/><D106/><U100/><E100/><V86/><F0/><W132/><G132/><T50/><D124/><U11/><E11/><V87/><F103/><W98/><G61/><AGARI ba="0,1" hai="12,19,21,54,58,61,65,67,85,90,93,95,97,101" machi="61" ten="30,7700,0" yaku="1,1,7,1,8,1,53,1" doraHai="76" doraHaiUra="8" who="1" fromWho="3" sc="293,0,146,87,208,0,343,-77" /><INIT seed="4,0,0,4,3,126" ten="293,233,208,266" oya="0" hai0="59,68,24,105,94,12,2,35,16,107,11,66,9" hai1="22,118,32,111,26,44,73,48,76,46,38,99,103" hai2="130,91,37,60,96,42,108,34,92,77,97,10,64" hai3="19,104,84,7,5,17,74,102,6,63,27,49,100"/><T109/><D68/><U131/><E118/><V81/><F108/><W135/><G74/><T1/><D109/><U112/><E111/><V120/><F120/><W75/><G75/><T113/><D113/><U72/><E32/><V56/><F34/><W62/><G135/><T86/><D66/><U85/><E38/><V93/><F37/><W65/><G49/><T78/><D59/><U61/><E61/><V41/><F130/><W98/><G102/><T43/><D43/><U40/><E46/><V110/><F110/><W127/><G127/><T87/><D87/><U25/><E25/><V15/><F81/><W115/><G115/><T45/><D45/><U125/><E125/><V20/><F77/><W36/><G36/><T50/><D50/><U67/><E67/><V31/><F31/><W79/><G27/><T117/><D117/><U82/><E112/><V132/><F20/><W128/><G128/><T101/><D11/><U28/><REACH who="1" step="1"/><E131/><REACH who="1" ten="293,223,208,266" step="2"/><V71/><F71/><W90/><G63/><T123/><D35/><U116/><E116/><V8/><F132/><W121/><G121/><T119/><D24/><U23/><E23/><V88/><REACH who="2" step="1"/><F8/><REACH who="2" ten="293,223,198,266" step="2"/><W55/><G65/><T70/><D123/><U14/><E14/><V95/><F95/><AGARI ba="0,2" hai="22,26,28,40,44,48,72,73,76,82,85,95,99,103" machi="95" ten="30,3900,0" yaku="1,1,7,1,53,1" doraHai="126" doraHaiUra="83" who="1" fromWho="2" sc="293,0,223,59,198,-39,266,0" /><INIT seed="5,0,0,5,1,133" ten="293,282,159,266" oya="1" hai0="87,96,124,132,135,45,117,71,5,60,95,2,50" hai1="8,120,85,39,79,22,49,75,58,131,111,27,92" hai2="116,128,65,97,76,72,125,103,78,81,16,21,3" hai3="57,109,104,41,99,107,61,33,14,0,77,102,36"/><U40/><E120/><V42/><F116/><W26/><G109/><T86/><D124/><U82/><E131/><V48/><F128/><W123/><G123/><T70/><D117/><U68/><E68/><N who="0" m="26153" /><D60/><U25/><E39/><V29/><F3/><W115/><G0/><T134/><D5/><U90/><E111/><V62/><F78/><W17/><G115/><T15/><D15/><U56/><E8/><V112/><F29/><W37/><G77/><T126/><D126/><U44/><REACH who="1" step="1"/><E25/><REACH who="1" ten="293,272,159,266" step="2"/><V129/><F129/><W84/><G37/><T52/><D2/><U100/><E100/><AGARI ba="0,1" hai="45,50,52,86,87,95,96,100,132,134,135" m="26153" machi="100" ten="40,2600,0" yaku="20,1,54,1" doraHai="133" who="0" fromWho="1" sc="293,36,272,-26,159,0,266,0" /><INIT seed="6,0,0,3,0,111" ten="329,246,159,266" oya="2" hai0="102,8,129,86,51,20,6,114,67,128,48,3,81" hai1="22,113,60,117,125,54,90,101,27,57,42,91,40" hai2="47,52,80,77,1,109,46,35,134,16,0,127,55" hai3="63,29,65,97,99,104,84,12,71,69,61,132,108"/><V18/><F35/><W32/><G108/><T31/><D114/><U120/><E117/><V103/><F109/><W37/><G37/><T95/><D67/><U133/><E120/><V116/><F116/><W126/><G126/><T19/><D31/><U45/><E125/><V41/><F127/><W23/><G132/><T74/><D74/><U36/><E42/><V115/><F134/><W106/><G84/><T112/><D112/><U2/><E2/><V123/><F123/><W68/><G32/><T96/><D129/><U50/><E133/><V56/><F103/><W49/><G49/><T94/><D94/><U82/><E113/><V73/><F115/><W14/><G29/><T17/><D17/><U66/><E101/><V5/><F0/><W21/><G69/><T33/><D33/><U79/><E79/><V119/><F119/><W92/><G92/><T72/><D72/><U62/><E62/><N who="2" m="36103" /><F55/><W85/><G85/><T135/><D128/><U107/><E107/><V38/><F47/><W59/><G59/><T44/><D44/><U131/><E82/><V93/><F93/><W13/><G13/><N who="0" m="5271" /><D135/><U39/><E39/><V58/><F58/><W26/><G65/><T9/><D3/><U89/><E131/><V76/><F76/><W121/><G121/><T53/><D53/><U4/><E4/><V15/><F15/><W24/><AGARI ba="0,0" hai="12,14,21,23,24,26,61,63,68,71,97,99,104,106" machi="24" ten="25,3200,0" yaku="0,1,22,2" doraHai="111" who="3" fromWho="3" sc="329,-8,246,-8,159,-16,266,32" /><INIT seed="7,0,0,0,3,10" ten="321,238,143,298" oya="3" hai0="105,65,57,60,26,72,120,113,61,71,46,93,104" hai1="121,118,53,128,13,45,20,16,110,134,54,125,3" hai2="80,63,41,33,48,115,135,123,89,73,106,126,43" hai3="49,112,2,11,78,28,90,25,62,58,124,44,56"/><W0/><G124/><T97/><D72/><U23/><E121/><V86/><F126/><W129/><G129/><T30/><D46/><U95/><E110/><V82/><F115/><W111/><G111/><T67/><D120/><U79/><E125/><V14/><F135/><W132/><G132/><T40/><D40/><U31/><E134/><V109/><F109/><W116/><G116/><T91/><D113/><U29/><E3/><V74/><F123/><W98/><G78/><T88/><D91/><U8/><E128/><V24/><F106/><W42/><G58/><T35/><AGARI ba="0,0" hai="26,30,35,57,60,61,65,67,71,88,93,97,104,105" machi="35" ten="20,2700,0" yaku="0,1,7,1,54,1" doraHai="10" who="0" fromWho="0" sc="321,27,238,-7,143,-7,298,-13" owari="348,44.0,231,-17.0,136,-36.0,285,9.0" /></mjloggm>