<mjloggm ver="2.3"><GO type="169" lobby="0"/><UN n0="%E7%8D%85%E5%AD%90%E6%80%92%E3%82%93" n1="%5A%E6%B0%91" n2="%39%39%39" n3="%E3%81%A8%E3%81%B3%E3%81%BE%E3%81%93" dan="16,17,16,16" rate="2173.96,2192.49,2125.56,2135.43" sx="M,M,M,M"/><TAIKYOKU oya="0"/><INIT seed="0,0,0,2,2,57" ten="250,250,250,250" oya="0" hai0="100,119,14,42,89,44,25,31,132,81,80,58,79" hai1="22,127,93,123,17,76,0,38,112,19,85,53,95" hai2="99,60,23,54,56,68,27,114,74,94,2,98,3" hai3="28,5,6,110,7,115,46,107,91,106,121,48,131"/><T21/><D132/><U45/><E123/><V77/><F114/><W51/><G115/><T70/><D119/><U26/><E0/><V13/><F13/><W113/><G113/><T36/><D70/><U39/><E112/><V65/><F74/><W128/><G121/><T9/><D100/><U111/><E111/><V4/><F77/><W20/><G91/><T37/><D89/><U40/><E39/><V18/><F4/><W108/><G20/><T109/><D109/><N who="3" m="42089" /><G46/><T16/><D37/><U97/><E127/><V72/><F72/><W130/><G28/><T24/><D79/><U135/><E135/><V12/><F12/><W64/><G64/><T83/><D25/><U90/><E53/><V104/><F104/><AGARI ba="0,0" hai="5,6,7,48,51,104,106,107,128,130,131" m="42089" machi="104" ten="40,8000,1" yaku="28,2,19,1,14,1" doraHai="57" who="3" fromWho="2" sc="250,0,250,0,250,-80,250,80" /><INIT seed="1,0,0,5,5,70" ten="250,250,170,330" oya="1" hai0="52,40,106,133,48,114,81,97,113,98,29,8,67" hai1="110,126,118,23,44,102,79,123,73,5,19,47,59" hai2="105,76,64,74,18,120,51,24,32,43,115,86,92" hai3="129,84,134,46,34,111,100,65,14,17,89,22,108"/><U12/><E118/><V25/><F120/><W117/><G34/><T130/><D130/><U66/><E123/><V124/><F105/><W121/><G129/><T132/><D67/><U10/><E126/><V131/><F124/><W36/><G121/><T20/><D40/><U82/><E102/><V38/><F74/><W127/><G127/><T33/><D33/><U58/><E110/><N who="3" m="42026" /><G65/><T56/><D81/><U37/><E66/><V35/><F51/><W122/><G122/><T83/><D83/><U68/><E68/><V26/><F76/><W112/><G112/><T77/><D77/><U62/><E62/><V31/><F115/><W27/><G100/><T85/><D85/><U91/><E91/><V125/><F125/><W30/><G134/><N who="0" m="51819" /><D8/><U75/><E75/><V78/><F78/><W107/><G107/><T95/><D106/><U28/><E28/><V15/><F31/><W54/><G54/><T39/><D39/><U13/><REACH who="1" step="1"/><E47/><REACH who="1" ten="250,240,170,330" step="2"/><V99/><F64/><W101/><G101/><N who="0" m="60607" /><D98/><U96/><E96/><V71/><F99/><W42/><G117/><T72/><D72/><U119/><E119/><V116/><F71/><W50/><G89/><T90/><D90/><U93/><E93/><V21/><F116/><W2/><G84/><T7/><D114/><U11/><E11/><V63/><F131/><W80/><G30/><T0/><D113/><U1/><E1/><V88/><REACH who="2" step="1"/><F63/><REACH who="2" ten="250,240,160,330" step="2"/><W9/><G2/><T60/><D60/><U45/><E45/><AGARI ba="0,2" hai="15,18,21,24,25,26,32,35,38,43,45,86,88,92" machi="45" ten="40,8000,1" yaku="1,1,2,1,52,1,54,1,53,0" doraHai="70" doraHaiUra="55" who="2" fromWho="1" sc="250,0,240,-80,160,100,330,0" /><INIT seed="2,0,0,0,4,30" ten="250,160,260,330" oya="2" hai0="99,109,88,54,47,100,22,110,77,70,53,103,37" hai1="89,44,12,7,75,56,114,31,45,76,83,40,115" hai2="25,26,48,73,68,134,46,108,1,105,60,91,90" hai3="14,34,39,116,11,107,125,130,86,102,112,85,61"/><V13/><F134/><W122/><G116/><T36/><D70/><U18/><E7/><V62/><F1/><W120/><G39/><T50/><D77/><U23/><E45/><V121/><F121/><W35/><G61/><T49/><D22/><U21/><E56/><V6/><F73/><W104/><G102/><T43/><D88/><N who="2" m="33834" /><F68/><W52/><G52/><T0/><D0/><U29/><E89/><V126/><F126/><W94/><G94/><T84/><D84/><U82/><E82/><V38/><F38/><W123/><G123/><T96/><REACH who="0" step="1"/><D43/><REACH who="0" ten="240,160,260,330" step="2"/><U69/><E69/><V65/><F108/><W117/><G122/><T59/><D59/><U63/><E23/><V28/><F26/><W98/><G120/><T58/><D58/><U78/><E78/><V32/><F65/><W87/><G86/><T66/><D66/><U20/><E21/><V10/><F32/><W24/><G87/><T67/><D67/><U16/><E20/><N who="2" m="15399" /><F105/><W80/><G85/><T55/><D55/><AGARI ba="0,1" hai="6,10,13,46,48,55,60,62" m="15399,33834" machi="55" ten="30,2900,0" yaku="8,1,54,1" doraHai="30" who="2" fromWho="0" sc="240,-29,160,0,260,39,330,0" /><INIT seed="2,1,0,5,1,47" ten="211,160,299,330" oya="2" hai0="97,121,133,102,89,4,51,116,110,44,39,30,20" hai1="82,85,83,23,19,0,49,134,69,58,124,46,22" hai2="130,111,57,79,8,125,21,93,76,109,66,6,90" hai3="64,17,86,50,56,81,27,36,107,40,62,114,42"/><V28/><F130/><W94/><G107/><T131/><D121/><U135/><E69/><V112/><F112/><W122/><G122/><T3/><D110/><N who="2" m="41994" /><F125/><W35/><G36/><T60/><D39/><U9/><E124/><V103/><F103/><W48/><G94/><T108/><D108/><U72/><E58/><V38/><F38/><W61/><G61/><T67/><D133/><N who="1" m="50699" /><E72/><V53/><F21/><N who="3" m="13743" /><G35/><T99/><D131/><U128/><E83/><V45/><F45/><W43/><G114/><T75/><D75/><U5/><E19/><V68/><F28/><W77/><AGARI ba="1,0" hai="40,42,43,48,50,56,62,64,77,81,86" m="13743" machi="77" ten="30,4000,0" yaku="8,1,52,2" doraHai="47" who="3" fromWho="3" sc="211,-11,160,-11,299,-21,330,43" /><INIT seed="3,0,0,5,4,0" ten="200,149,278,373" oya="3" hai0="17,123,114,37,126,92,31,25,75,105,51,38,9" hai1="5,78,128,86,93,116,49,106,61,104,36,103,83" hai2="89,94,27,96,124,135,7,45,102,6,84,131,110" hai3="28,91,4,53,122,125,134,46,39,40,64,12,66"/><W3/><G122/><T111/><D105/><U80/><E36/><V10/><F110/><W63/><G125/><T100/><D111/><U20/><E49/><V22/><F135/><W73/><G134/><T127/><D75/><N who="1" m="43103" /><E5/><V85/><F131/><W87/><G73/><T88/><D123/><U67/><E20/><V95/><F124/><N who="0" m="47658" /><D100/><U129/><E61/><V26/><F10/><W16/><G28/><T77/><D77/><N who="1" m="46447" /><E67/><V68/><F68/><W29/><G29/><T120/><D114/><U13/><E13/><V24/><F84/><W74/><G74/><T52/><D17/><U23/><E23/><V70/><F70/><W98/><G98/><N who="0" m="57607" /><D9/><U118/><E93/><V101/><F45/><W90/><G66/><T71/><D71/><U112/><E112/><V121/><F121/><W2/><G64/><T21/><D120/><U56/><E56/><AGARI ba="0,0" hai="21,25,31,37,38,51,52,56" m="57607,47658" machi="56" ten="30,3900,0" yaku="18,1,54,2" doraHai="0" who="0" fromWho="1" sc="200,39,149,-39,278,0,373,0" /><INIT seed="4,0,0,2,2,24" ten="239,110,278,373" oya="0" hai0="94,106,80,48,67,0,35,83,28,87,34,100,104" hai1="78,63,124,72,121,44,129,127,36,95,79,134,135" hai2="133,57,20,9,109,110,61,6,114,116,58,90,39" hai3="107,1,59,120,89,19,64,75,96,97,14,131,32"/><T2/><D67/><U132/><E63/><V88/><F114/><W12/><G75/><T11/><D48/><U101/><E44/><V16/><F133/><W54/><G1/><T56/><D56/><U46/><E46/><V74/><F39/><W38/><G38/><T8/><D94/><U108/><E36/><V49/><F74/><W13/><G131/><T53/><D87/><U123/><E108/><V128/><F116/><W125/><G32/><T85/><D85/><U117/><E117/><V31/><F128/><W73/><G73/><T33/><D53/><U50/><E50/><V102/><F102/><W26/><G125/><N who="1" m="48202" /><E129/><V130/><F130/><W40/><G107/><T68/><D100/><U29/><E29/><V27/><F49/><W91/><G120/><N who="1" m="46154" /><E72/><V37/><F37/><W69/><G69/><T122/><D122/><U30/><E30/><V105/><F31/><W118/><G64/><T76/><D28/><U82/><E82/><V3/><F57/><W99/><G40/><T65/><D65/><U70/><E70/><V55/><F110/><W4/><G118/><T84/><D68/><U52/><E52/><V23/><F109/><W98/><G54/><T45/><D45/><U81/><E81/><V22/><F22/><W119/><G59/><T71/><D71/><U111/><E111/><V41/><F41/><W18/><G119/><T42/><D42/><U10/><E10/><N who="0" m="3625" /><D83/><U43/><E43/><V51/><F61/><W93/><G93/><T21/><D21/><U115/><E115/><V47/><F23/><W17/><N who="3" m="24576" /><DORA hai="86" /><W15/><G91/><RYUUKYOKU ba="0,0" sc="239,15,110,15,278,-15,373,-15" hai0="0,2,33,34,35,76,80,84,104,106" hai1="78,79,95,101,132,134,135" /><INIT seed="4,1,0,2,2,50" ten="254,125,263,358" oya="0" hai0="128,44,108,131,118,17,33,110,68,24,19,13,87" hai1="56,99,66,49,102,107,82,98,23,10,54,89,93" hai2="109,20,55,52,27,35,30,51,46,73,42,37,135" hai3="72,132,104,61,70,119,88,45,40,78,9,48,122"/><T91/><D68/><U129/><E129/><N who="0" m="49737" /><D44/><U64/><E10/><V81/><F109/><N who="0" m="42090" /><D91/><U103/><E23/><V96/><F135/><W21/><G45/><T77/><D87/><U121/><E121/><V26/><F96/><W114/><G122/><T29/><D77/><U15/><E15/><V53/><F81/><W12/><G88/><T62/><D62/><U31/><E31/><V76/><F76/><W14/><G61/><T59/><D59/><U22/><E22/><V11/><F11/><W80/><G70/><T130/><D130/><U34/><E34/><V28/><REACH who="2" step="1"/><F73/><REACH who="2" ten="254,125,253,358" step="2"/><W0/><G72/><T106/><D106/><U100/><REACH who="1" step="1"/><E82/><REACH who="1" ten="254,115,253,358" step="2"/><V85/><F85/><W125/><G80/><T2/><D2/><U112/><E112/><V39/><AGARI ba="1,2" hai="20,26,27,28,30,35,37,39,42,46,51,52,53,55" machi="39" ten="30,12000,2" yaku="1,1,0,1,52,3,54,1,53,0" doraHai="50" doraHaiUra="8" who="2" fromWho="2" sc="254,-61,115,-31,253,143,358,-31" /><INIT seed="5,0,0,4,1,11" ten="193,84,396,327" oya="1" hai0="33,14,65,73,12,97,111,84,127,22,88,43,78" hai1="129,74,113,95,116,107,53,9,68,8,21,115,55" hai2="10,121,63,34,62,60,106,51,41,87,64,75,112" hai3="36,128,92,17,1,104,91,31,109,124,81,80,29"/><U93/><E116/><V132/><F75/><W120/><G120/><T47/><D33/><U66/><E107/><V35/><F121/><W71/><G104/><T89/><D111/><U54/><E74/><V15/><F106/><W30/><G1/><T37/><D127/><U52/><N who="1" m="13312" /><DORA hai="77" /><U7/><E129/><V48/><F132/><W123/><G109/><T100/><D65/><U117/><E117/><V67/><F112/><N who="1" m="43081" /><E21/><V25/><F87/><W101/><G71/><T38/><D38/><U134/><E134/><V114/><F114/><W32/><G36/><T79/><D22/><U24/><E24/><V26/><F35/><W72/><G32/><T45/><D45/><U131/><E131/><V19/><F34/><W126/><G72/><T85/><D73/><U50/><E50/><N who="2" m="18987" /><F41/><W61/><G128/><T110/><D110/><U69/><E9/><V76/><F76/><W82/><G126/><T102/><D47/><U28/><E28/><V119/><F119/><W86/><G124/><T4/><D37/><U16/><E16/><N who="2" m="8311" /><F26/><W105/><G123/><T83/><D43/><U98/><E66/><V99/><F99/><N who="3" m="59623" /><G17/><T18/><D18/><U94/><E98/><V90/><F25/><W23/><G105/><T122/><D97/><U39/><E39/><V130/><F130/><W56/><G23/><T46/><D46/><U96/><E96/><V13/><F64/><AGARI ba="0,0" hai="29,30,31,56,61,64,80,81,82,86,91" m="59623" machi="64" ten="30,7700,0" yaku="8,1,52,3" doraHai="11,77" who="3" fromWho="2" sc="193,0,84,0,396,-77,327,77" /><INIT seed="6,0,0,0,5,58" ten="193,84,319,404" oya="2" hai0="129,59,104,119,25,133,50,46,3,134,27,45,56" hai1="122,47,0,1,124,60,81,111,34,54,4,115,10" hai2="79,40,118,94,114,105,37,65,72,80,31,16,125" hai3="52,98,101,73,100,76,88,89,130,71,106,77,8"/><V135/><F118/><W17/><G71/><T96/><D129/><U92/><E111/><V116/><F105/><W108/><G130/><T35/><D3/><U120/><E115/><V30/><F116/><W84/><G108/><T110/><D110/><U62/><E34/><V23/><F114/><W102/><G52/><T85/><D85/><U11/><E81/><V6/><F135/><N who="0" m="51722" /><D46/><U55/><E92/><V103/><F125/><W74/><G17/><T95/><D104/><U2/><E124/><V109/><F109/><W63/><G63/><N who="1" m="24106" /><E47/><V90/><F103/><N who="3" m="62839" /><G8/><N who="1" m="3114" /><E4/><V13/><F6/><W64/><G64/><T117/><D119/><U67/><E67/><V7/><F7/><W93/><G89/><N who="0" m="55407" /><D117/><U61/><N who="1" m="24114" /><U20/><DORA hai="70" /><E20/><V9/><F65/><W91/><G91/><T48/><D35/><U107/><E107/><V33/><F33/><W32/><G32/><T22/><D22/><U36/><E36/><V127/><F127/><W12/><G74/><T14/><D59/><U42/><E42/><V39/><F23/><W87/><G73/><T112/><D112/><U69/><E69/><V121/><F39/><W78/><G87/><T83/><D83/><U15/><E15/><V75/><F75/><W19/><G12/><T49/><D56/><U123/><AGARI ba="0,0" hai="0,1,2,54,55,120,122,123" m="3114,24114" machi="123" ten="50,12000,2" yaku="28,2,13,1,52,4" doraHai="58,70" who="1" fromWho="1" sc="193,-30,84,120,319,-60,404,-30" /><INIT seed="7,0,0,1,1,122" ten="163,204,259,374" oya="3" hai0="31,113,28,117,90,79,132,94,133,19,96,37,1" hai1="40,22,120,5,71,81,0,66,45,62,24,129,20" hai2="25,53,102,51,82,43,92,121,80,68,105,4,77" hai3="99,125,10,14,3,107,36,9,131,29,72,59,26"/><W115/><G115/><T88/><D117/><U93/><E120/><V2/><F121/><W67/><G36/><T98/><D37/><U73/><E129/><V63/><F105/><W119/><G72/><T118/><D118/><U54/><E54/><V8/><F43/><W38/><G38/><T6/><D113/><U42/><E22/><V18/><F68/><W30/><G3/><T12/><D6/><U48/><E93/><V47/><F63/><W127/><G59/><T112/><D79/><U95/><E95/><V109/><F109/><W126/><G14/><T124/><D112/><U128/><E128/><V75/><F82/><W104/><G26/><T16/><D124/><U60/><E60/><V27/><F18/><W116/><G99/><T87/><D1/><U69/><E42/><V33/><F33/><W78/><G78/><T61/><D61/><U111/><E71/><V101/><F101/><W100/><G100/><T34/><D34/><U65/><E62/><V17/><F17/><W123/><G125/><T32/><D32/><U74/><E69/><V11/><F11/><W86/><G123/><T39/><D39/><U21/><E73/><V97/><AGARI ba="0,0" hai="2,4,8,25,27,47,51,53,75,77,80,92,97,102" machi="97" ten="30,1100,0" yaku="0,1" doraHai="122" who="2" fromWho="2" sc="163,-3,204,-3,259,11,374,-5" owari="160,-34.0,201,-20.0,270,7.0,369,47.0" /></mjloggm>