<mjloggm ver="2.3"><GO type="169" lobby="0"/><UN n0="%64%6F%6F%6F%6F%77%79%31" n1="%E4%BD%90%E3%80%85%E6%9C%A8%E5%AF%BF%E4%BA%BA%50" n2="%74%65%63%68%74%6F" n3="%E3%81%8A%E3%81%98%E3%81%95%E3%82%93" dan="17,16,16,17" rate="2173.90,2178.62,2046.56,2221.41" sx="M,M,M,M"/><TAIKYOKU oya="0"/><INIT seed="0,0,0,1,5,111" ten="250,250,250,250" oya="0" hai0="28,43,74,121,99,119,91,118,57,49,25,26,42" hai1="98,27,101,92,51,8,41,66,15,21,14,7,86" hai2="79,132,65,127,31,135,88,114,102,131,24,84,109" hai3="83,13,107,117,45,67,76,36,112,6,19,75,53"/><T62/><D74/><U17/><E66/><V48/><F109/><W30/><G117/><T68/><D68/><U81/><E41/><V58/><F131/><W39/><G107/><T35/><D121/><U78/><REACH who="1" step="1"/><E51/><REACH who="1" ten="250,240,250,250" step="2"/><V80/><F65/><W105/><G67/><T97/><D49/><U82/><E82/><V18/><F48/><W104/><G83/><T46/><D43/><U1/><AGARI ba="0,1" hai="1,7,8,14,15,17,21,27,78,81,86,92,98,101" machi="1" ten="20,2700,0" yaku="1,1,0,1,7,1,53,0" doraHai="111" doraHaiUra="108" who="1" fromWho="1" sc="250,-13,240,37,250,-7,250,-7" /><INIT seed="1,0,0,0,5,24" ten="237,277,243,243" oya="1" hai0="92,1,18,11,52,63,117,104,33,106,56,129,3" hai1="64,118,37,110,46,116,122,119,8,61,45,30,72" hai2="103,94,127,66,14,15,21,115,9,95,39,126,93" hai3="41,65,19,108,71,17,73,102,74,35,38,27,25"/><U23/><E122/><V68/><F39/><W57/><G71/><T76/><D117/><U128/><E72/><V88/><F103/><W31/><G108/><T124/><D33/><U5/><E128/><V112/><F68/><W53/><G65/><T51/><D129/><U40/><E110/><V98/><F66/><W32/><G102/><T59/><D76/><U85/><E46/><V79/><F79/><W62/><G41/><T13/><D124/><N who="2" m="47658" /><F21/><W83/><G38/><T97/><D1/><U44/><E44/><V2/><F2/><W69/><G69/><T50/><D3/><U78/><E78/><V77/><F77/><W67/><G83/><T96/><D96/><U60/><E85/><V6/><F15/><W101/><G101/><T135/><D135/><U86/><E86/><V0/><F0/><W10/><G67/><T42/><D42/><U91/><E91/><V111/><F111/><W130/><G130/><T87/><D87/><U81/><E81/><V84/><F98/><W7/><G7/><T121/><D121/><U90/><E90/><V12/><F12/><W36/><G36/><T26/><D26/><U107/><E107/><V113/><AGARI ba="0,0" hai="6,9,14,84,88,93,94,95,112,113,115" m="47658" machi="113" ten="40,5200,0" yaku="11,1,18,1,54,1" doraHai="24" who="2" fromWho="2" sc="237,-13,277,-26,243,52,243,-13" /><INIT seed="2,0,0,1,3,90" ten="224,251,295,230" oya="2" hai0="105,39,66,5,123,64,62,135,122,76,52,30,2" hai1="118,34,120,107,126,130,20,38,81,40,82,110,73" hai2="131,85,6,49,127,50,9,65,10,71,63,94,106" hai3="75,43,45,29,113,17,88,103,41,48,79,100,129"/><V97/><F131/><W86/><G129/><T36/><D105/><U14/><RYUUKYOKU type="yao9" ba="0,0" sc="224,0,251,0,295,0,230,0" hai1="14,20,34,38,40,73,81,82,107,110,118,120,126,130" /><INIT seed="2,1,0,2,3,28" ten="224,251,295,230" oya="2" hai0="106,47,75,45,24,2,99,10,90,3,70,25,31" hai1="91,48,125,116,89,81,37,67,97,135,1,65,114" hai2="129,30,121,39,60,19,120,122,86,77,93,132,53" hai3="88,112,18,118,66,36,113,85,58,117,40,124,33"/><V26/><F39/><W21/><G124/><T52/><D75/><U20/><E114/><N who="3" m="44138" /><G40/><T12/><D70/><U17/><E116/><V43/><F43/><W84/><G36/><T100/><D90/><U105/><E37/><V110/><F129/><W78/><G78/><T27/><D31/><U68/><E1/><V13/><F132/><W11/><G11/><T95/><D106/><U74/><E125/><V80/><F93/><N who="3" m="54407" /><G85/><T4/><REACH who="0" step="1"/><D45/><REACH who="0" ten="214,251,295,230" step="2"/><U49/><E68/><V79/><F122/><W127/><G127/><T130/><D130/><U71/><E71/><V35/><F79/><W115/><G115/><T55/><D55/><U109/><E74/><V98/><F121/><W54/><G66/><T29/><D29/><U9/><E105/><V63/><F120/><W56/><G56/><T5/><D5/><U16/><E135/><V104/><F53/><W44/><G44/><T83/><D83/><U107/><E107/><V96/><F104/><W61/><G33/><T102/><D102/><U42/><E91/><V62/><REACH who="2" step="1"/><F110/><REACH who="2" ten="214,251,285,230" step="2"/><W111/><G111/><T119/><D119/><U73/><E109/><V123/><F123/><W41/><G41/><T76/><D76/><U15/><E42/><V92/><F92/><W14/><AGARI ba="1,2" hai="14,18,21,54,58,61,117,118" m="54407,44138" machi="14" ten="30,2000,0" yaku="11,1,54,1" doraHai="28" who="3" fromWho="3" sc="214,-6,251,-6,285,-11,230,43" /><INIT seed="3,0,0,4,5,44" ten="208,245,274,273" oya="3" hai0="98,95,60,43,84,49,6,114,134,89,45,28,131" hai1="102,105,11,9,104,110,74,77,0,57,118,120,85" hai2="127,90,37,107,96,31,34,16,122,82,64,20,8" hai3="54,10,81,61,65,103,123,128,15,73,94,21,72"/><W100/><G123/><T86/><D131/><U115/><E120/><V14/><F37/><W48/><G128/><T25/><D134/><U52/><E115/><V133/><F127/><W83/><G21/><T70/><D114/><U5/><E110/><V132/><F122/><W126/><G126/><T109/><D109/><U18/><E118/><V130/><F130/><W87/><G72/><T68/><D6/><U39/><E39/><V12/><F64/><W41/><G41/><T99/><D60/><U24/><E74/><V88/><F34/><W129/><G73/><T55/><D43/><U101/><E104/><V33/><F33/><W92/><G129/><T78/><D70/><U17/><E105/><V50/><F31/><W69/><G92/><T51/><D68/><U116/><E116/><V80/><F50/><N who="0" m="18954" /><D55/><U121/><E5/><V1/><F1/><W38/><G38/><T117/><D45/><U91/><E0/><V46/><F46/><W113/><G113/><T76/><D117/><U2/><E2/><V30/><F133/><W75/><G75/><T97/><D84/><U71/><E71/><V93/><F132/><W29/><G54/><T106/><D106/><U3/><E3/><V112/><F107/><W35/><G65/><T42/><D42/><U7/><E7/><N who="2" m="3103" /><F112/><W4/><G4/><T53/><D53/><U63/><E121/><V67/><F67/><W125/><G69/><T108/><D108/><U62/><E62/><V59/><F59/><W23/><G61/><T36/><D36/><U22/><E63/><V79/><F96/><N who="0" m="24578" /><T19/><DORA hai="66" /><D28/><RYUUKYOKU ba="0,0" sc="208,30,245,-10,274,-10,273,-10" hai0="19,25,76,78,86,89,95" /><INIT seed="4,1,0,3,5,64" ten="238,235,264,263" oya="0" hai0="51,19,63,69,27,40,8,61,72,22,77,121,3" hai1="62,28,80,59,114,115,65,107,89,29,48,127,47" hai2="116,41,38,133,74,108,88,92,94,14,17,12,81" hai3="87,122,118,103,102,135,111,117,120,37,56,98,23"/><T70/><D121/><N who="3" m="46697" /><G37/><T82/><D51/><U0/><E107/><V15/><F108/><W91/><G56/><T7/><REACH who="0" step="1"/><D40/><REACH who="0" ten="228,235,264,263" step="2"/><U26/><E115/><V49/><F49/><W36/><G36/><T84/><D84/><N who="1" m="50311" /><E114/><V76/><F41/><W85/><G85/><T30/><D30/><N who="1" m="11883" /><E127/><V35/><F38/><W123/><G123/><T9/><D9/><U73/><E73/><V130/><F74/><W1/><G87/><T20/><D20/><U125/><E125/><V53/><F35/><W60/><G23/><T132/><D132/><U25/><E0/><V10/><F133/><W6/><G135/><T129/><D129/><U131/><E131/><V99/><F130/><W75/><G75/><T97/><D97/><U45/><E45/><V78/><F10/><W24/><G98/><T124/><D124/><U21/><E21/><V104/><F99/><W11/><G11/><T100/><D100/><U95/><E95/><V44/><F94/><W86/><G103/><T79/><D79/><U54/><AGARI ba="1,1" hai="25,26,47,48,54,59,62,65" m="11883,50311" machi="54" ten="30,1100,0" yaku="8,1" doraHai="64" who="1" fromWho="1" sc="228,-6,235,24,264,-4,263,-4" /><INIT seed="5,0,0,2,1,6" ten="222,259,260,259" oya="1" hai0="64,34,106,91,90,84,78,88,68,93,131,125,8" hai1="86,81,103,14,110,33,79,52,56,104,50,41,83" hai2="46,43,87,35,47,28,58,107,40,61,135,51,129" hai3="124,48,38,24,60,109,82,73,120,32,5,102,7"/><U117/><E117/><V92/><F135/><W42/><G38/><T123/><D34/><U57/><E110/><V15/><F129/><W53/><G109/><T127/><D64/><U22/><E33/><V49/><F107/><W75/><G120/><T30/><D30/><U76/><E41/><V80/><F35/><W111/><G111/><T3/><D68/><U77/><E104/><V115/><F115/><W69/><G42/><T130/><D106/><U13/><E103/><V12/><F92/><W55/><G102/><T85/><D123/><U17/><E83/><V98/><F98/><W128/><G82/><N who="0" m="47191" /><D8/><U71/><E71/><V118/><F28/><W101/><G101/><T27/><D27/><N who="1" m="14799" /><E57/><V114/><F114/><W132/><G69/><T21/><D21/><U122/><E122/><V70/><F118/><W26/><G32/><T116/><D3/><U25/><E25/><V97/><F97/><W63/><G26/><T108/><D108/><U134/><E134/><V133/><F133/><W19/><G24/><T45/><D45/><U113/><E113/><V39/><F39/><W23/><G132/><T62/><D62/><U4/><E13/><V112/><F112/><W11/><G63/><T18/><D18/><U96/><E96/><V54/><REACH who="2" step="1"/><F70/><REACH who="2" ten="222,259,250,259" step="2"/><W95/><G95/><T37/><D37/><U16/><E4/><V44/><F44/><W29/><G5/><T105/><D105/><U1/><E1/><V36/><F36/><W126/><G7/><T72/><D116/><U100/><E100/><V94/><F94/><W74/><G29/><T10/><D93/><RYUUKYOKU ba="0,1" sc="222,-15,259,15,250,15,259,-15" hai1="14,16,50,52,56,76,77,79,81,86" hai2="12,15,40,43,46,47,49,51,54,58,61,80,87" /><INIT seed="5,1,1,2,1,127" ten="207,274,265,244" oya="1" hai0="82,59,39,107,102,1,109,72,46,114,130,0,33" hai1="86,24,52,75,117,67,2,63,123,22,42,21,101" hai2="77,47,58,115,9,96,7,34,89,38,36,90,112" hai3="116,83,125,23,84,11,37,12,10,95,43,120,71"/><U106/><E75/><V132/><F34/><W62/><G120/><T108/><D59/><U26/><E2/><N who="0" m="1129" /><D33/><U30/><E117/><V51/><F58/><W70/><G125/><T16/><D16/><N who="1" m="12327" /><E106/><V28/><F28/><W93/><G62/><T61/><D61/><U20/><E123/><V124/><F77/><W97/><G23/><T49/><D49/><U3/><E3/><N who="2" m="255" /><F132/><W27/><G27/><T111/><D114/><N who="2" m="43562" /><F124/><W134/><G134/><T98/><D82/><U121/><E121/><V79/><F79/><W57/><G83/><T91/><D91/><N who="2" m="34826" /><F96/><W15/><G57/><T131/><D72/><U110/><E67/><V133/><F133/><W99/><G99/><T50/><D50/><U55/><E63/><V87/><F87/><W29/><G97/><T73/><D73/><U94/><E22/><V103/><F103/><W76/><G84/><T4/><D4/><U17/><E101/><V56/><F56/><W78/><G29/><T48/><D48/><U14/><E86/><V129/><F129/><N who="0" m="49162" /><D111/><U74/><E110/><V25/><F25/><W118/><G76/><T64/><D64/><U32/><E74/><V18/><F18/><W53/><G78/><T68/><D68/><U88/><E32/><V60/><F60/><W54/><G71/><T81/><D81/><U6/><E6/><V66/><F66/><W80/><G70/><T119/><D119/><U69/><E69/><V135/><F135/><W92/><G80/><T65/><D65/><U45/><E26/><V31/><F31/><W19/><G118/><T8/><D8/><N who="3" m="3113" /><G116/><T13/><D13/><RYUUKYOKU ba="1,1" sc="207,15,274,-15,265,15,244,-15" hai0="39,46,98,102,107,108,109" hai2="36,38,47,51" /><INIT seed="6,2,1,2,3,108" ten="222,259,280,229" oya="2" hai0="55,113,58,128,62,8,57,74,24,104,124,38,131" hai1="83,17,107,14,115,32,43,26,94,120,39,22,65" hai2="99,7,25,72,29,119,103,70,46,13,111,95,129" hai3="35,85,9,19,16,80,42,110,125,54,97,116,73"/><V67/><F119/><W52/><G116/><T68/><D74/><U96/><E115/><V63/><F129/><N who="0" m="49738" /><D104/><U101/><E120/><V135/><F111/><W15/><G110/><T112/><D38/><U49/><E65/><V51/><F135/><W132/><G73/><T11/><D68/><U45/><E83/><V20/><F72/><W117/><G117/><T130/><N who="0" m="49746" /><T37/><DORA hai="64" /><D37/><U59/><E107/><V86/><F86/><W88/><G35/><T12/><D124/><U133/><E133/><V23/><F7/><N who="3" m="3519" /><G132/><T30/><D58/><U134/><E134/><V122/><F122/><W1/><G1/><T44/><D44/><U21/><E32/><V6/><F6/><W92/><G42/><T118/><D118/><U40/><E59/><V90/><F90/><N who="3" m="55447" /><G125/><T102/><D102/><U27/><E39/><V76/><F76/><W100/><G100/><T50/><D62/><U78/><E78/><V123/><F123/><W77/><G77/><T56/><D56/><U82/><E43/><V121/><F121/><W126/><G126/><T3/><D3/><U2/><E2/><V114/><F13/><W105/><G105/><T75/><D75/><U98/><E14/><V84/><F84/><W127/><G127/><T34/><D8/><U61/><E98/><V47/><F47/><W4/><G4/><AGARI ba="2,1" hai="4,11,12,24,30,34,50,55,57,112,113" m="49746" machi="4" ten="40,5200,0" yaku="19,1,52,2" doraHai="108,64" who="0" fromWho="3" sc="222,68,259,0,280,0,229,-58" /><INIT seed="7,0,0,4,2,6" ten="290,259,280,171" oya="3" hai0="83,97,68,32,17,92,77,7,100,71,18,81,108" hai1="38,86,78,115,110,30,102,22,0,96,56,107,41" hai2="15,79,127,125,51,27,47,90,58,69,50,62,60" hai3="129,3,45,42,95,80,75,109,120,13,91,44,121"/><W37/><G129/><T74/><D108/><U82/><E110/><V57/><F79/><W126/><G109/><T2/><D32/><U85/><E0/><V66/><F90/><W122/><G126/><N who="2" m="48137" /><F15/><W135/><G135/><T24/><D83/><U12/><E115/><V20/><F69/><W14/><G3/><T8/><REACH who="0" step="1"/><D18/><REACH who="0" ten="280,259,280,171" step="2"/><U33/><E33/><V25/><F47/><W101/><G45/><T59/><D59/><U19/><E56/><V61/><F61/><W132/><G132/><T93/><D93/><U89/><E30/><N who="2" m="17703" /><F27/><W131/><G131/><T119/><D119/><U105/><E105/><V34/><F34/><W11/><G101/><T72/><D72/><U26/><E26/><V1/><F1/><W114/><G114/><T118/><D118/><U48/><E38/><V31/><F31/><W43/><G11/><T94/><D94/><U54/><E41/><V63/><F63/><W64/><G43/><T5/><D5/><U106/><E106/><V98/><F98/><N who="3" m="57727" /><G75/><T123/><D123/><N who="3" m="31489" /><W52/><DORA hai="73" /><G80/><T67/><D67/><AGARI ba="0,1" hai="50,51,57,58,60,62,66,67" m="17703,48137" machi="67" ten="30,1000,0" yaku="18,1" doraHai="6,73" who="2" fromWho="0" sc="280,-10,259,0,280,20,171,0" owari="270,7.0,259,-14.0,300,40.0,171,-33.0" /></mjloggm>