<mjloggm ver="2.3"><GO type="169" lobby="0"/><UN n0="%E8%A5%BF%E5%B2%A1%E8%82%B2%E6%9C%AA%E2%99%AA" n1="%74%65%63%68%74%6F" n2="%E3%81%8B%E3%81%A3%E9%A3%9B%E3%81%B0%E3%81%9B%E5%85%A8%E9%83%A8" n3="%61%6E%5F" dan="17,16,17,16" rate="2163.64,2040.15,2185.90,2097.13" sx="F,M,M,M"/><TAIKYOKU oya="0"/><INIT seed="0,0,0,4,1,65" ten="250,250,250,250" oya="0" hai0="58,132,131,3,13,0,114,10,18,102,17,69,104" hai1="26,77,60,56,89,91,88,130,133,22,71,83,53" hai2="75,110,105,92,63,121,67,7,38,123,49,79,97" hai3="107,90,125,55,84,61,108,73,9,62,98,134,95"/><T127/><D114/><U21/><E130/><V81/><F38/><W40/><G73/><T103/><D131/><U82/><E133/><V47/><F110/><W86/><G108/><T112/><D112/><U35/><E71/><V36/><F36/><W45/><G125/><T66/><D132/><U118/><E118/><V39/><F39/><W43/><G107/><T29/><D127/><U31/><REACH who="1" step="1"/><E83/><REACH who="1" ten="250,240,250,250" step="2"/><V12/><F81/><W116/><G116/><T100/><D69/><U32/><E32/><V24/><F123/><W109/><G134/><T115/><D115/><U72/><AGARI ba="0,1" hai="21,22,26,31,35,53,56,60,72,77,82,88,89,91" machi="72" ten="30,7900,0" yaku="1,1,0,1,54,1,53,1" doraHai="65" doraHaiUra="74" who="1" fromWho="1" sc="250,-39,240,89,250,-20,250,-20" /><INIT seed="1,0,0,2,3,80" ten="211,329,230,230" oya="1" hai0="82,31,117,129,2,37,98,49,90,20,22,86,46" hai1="101,28,73,112,16,97,33,71,34,81,57,26,124" hai2="103,59,13,99,14,128,23,102,52,67,0,44,118" hai3="65,3,56,70,127,75,107,113,74,54,134,69,55"/><U87/><E124/><V105/><F118/><W93/><G107/><T8/><D117/><U19/><E112/><V72/><F128/><W79/><G3/><T109/><D129/><U53/><E71/><V24/><F0/><W35/><G35/><T30/><D37/><U115/><E73/><V6/><F72/><W133/><G113/><T18/><D109/><U63/><E34/><V21/><F102/><W43/><G93/><T114/><D114/><U12/><E12/><V50/><F6/><W62/><G79/><T92/><D2/><U29/><E29/><V126/><F126/><W132/><G127/><T84/><D8/><U32/><E32/><V96/><F96/><W58/><G74/><T40/><D22/><U104/><REACH who="1" step="1"/><E115/><REACH who="1" ten="211,319,230,230" step="2"/><V121/><F13/><W135/><G75/><T116/><D116/><U66/><E66/><V60/><F14/><W45/><G135/><T100/><D18/><U41/><E41/><V4/><F4/><W125/><G125/><T64/><D64/><U120/><BYE who="0" /><E120/><V130/><F121/><W36/><G65/><T119/><D119/><U17/><E17/><V10/><F130/><W91/><REACH who="3" step="1"/><G91/><AGARI ba="0,1" hai="16,19,26,28,33,53,57,63,81,87,91,97,101,104" machi="91" ten="30,12000,1" yaku="1,1,7,1,52,1,54,1,53,1" doraHai="80" doraHaiUra="94" who="1" fromWho="3" sc="211,0,319,130,230,0,230,-120" /><INIT seed="1,1,0,4,1,13" ten="211,449,230,110" oya="1" hai0="75,79,41,96,66,94,126,67,89,11,106,76,48" hai1="32,59,39,98,124,73,123,63,99,43,57,53,82" hai2="101,70,93,128,117,131,21,28,10,84,121,125,23" hai3="49,116,110,92,16,27,29,135,0,86,83,78,9"/><U65/><E124/><UN n0="%E8%A5%BF%E5%B2%A1%E8%82%B2%E6%9C%AA%E2%99%AA" /><V104/><F117/><W108/><G135/><T60/><D126/><U81/><E32/><V68/><F121/><W58/><G116/><T8/><D106/><U109/><E123/><V100/><F125/><W118/><G118/><T7/><D11/><U33/><E33/><V64/><F10/><W25/><G92/><T107/><D107/><U72/><E39/><V56/><F104/><W91/><G78/><T105/><D105/><U62/><E43/><V90/><F56/><W103/><G103/><T38/><D38/><U71/><E71/><V44/><F44/><W1/><G58/><T54/><D41/><U12/><E12/><V111/><F111/><N who="3" m="42539" /><G49/><T45/><D75/><U113/><E109/><V40/><F40/><W3/><G29/><T88/><D89/><U37/><E37/><V30/><F93/><W46/><G46/><T119/><D119/><U6/><E65/><V115/><F90/><W87/><G86/><T2/><REACH who="0" step="1"/><D67/><REACH who="0" ten="201,449,230,110" step="2"/><U74/><E73/><V112/><F64/><W85/><G85/><AGARI ba="1,1" hai="21,23,28,30,68,70,84,85,100,101,112,115,128,131" machi="85" ten="25,1600,0" yaku="22,2" doraHai="13" who="2" fromWho="3" sc="201,0,449,0,230,29,110,-19" /><INIT seed="2,0,0,0,5,62" ten="201,449,259,91" oya="2" hai0="81,127,1,38,28,103,34,119,83,129,117,75,47" hai1="44,95,8,50,41,31,9,37,73,88,79,128,78" hai2="89,87,18,4,102,66,46,126,36,115,59,122,25" hai3="54,98,24,30,107,93,55,94,63,52,121,101,33"/><V6/><F115/><W100/><G121/><T116/><D129/><U15/><E128/><V26/><F122/><W134/><G134/><T71/><D127/><U21/><E37/><V20/><F126/><W132/><G132/><T5/><D71/><U53/><E41/><V43/><F102/><W133/><G133/><T11/><D103/><U45/><E44/><V61/><REACH who="2" step="1"/><F25/><REACH who="2" ten="201,449,249,91" step="2"/><W92/><REACH who="3" step="1"/><G101/><REACH who="3" ten="201,449,249,81" step="2"/><T32/><D117/><U74/><E74/><V64/><F64/><W105/><G105/><T17/><D116/><U99/><E73/><V106/><F106/><W84/><G84/><T19/><D119/><U67/><E67/><V131/><F131/><W111/><G111/><T135/><D135/><U56/><E99/><V80/><AGARI ba="0,2" hai="4,6,18,20,26,36,43,46,59,61,66,80,87,89" machi="80" ten="20,7800,0" yaku="1,1,0,1,7,1,52,1,53,0" doraHai="62" doraHaiUra="27" who="2" fromWho="2" sc="201,-26,449,-26,249,98,81,-26" /><INIT seed="2,1,0,0,1,63" ten="175,423,347,55" oya="2" hai0="86,18,36,123,25,111,44,89,4,134,33,78,20" hai1="96,28,127,41,0,118,48,56,124,74,109,23,126" hai2="115,119,122,46,31,6,34,128,103,120,2,108,7" hai3="71,116,61,95,99,14,135,5,76,131,37,114,49"/><V54/><F103/><W21/><G116/><T9/><D123/><N who="2" m="47146" /><F54/><W29/><G37/><T105/><D111/><U107/><E109/><V85/><F85/><W94/><G131/><T58/><D105/><U97/><E118/><V60/><F46/><W43/><G135/><T75/><D134/><U90/><E74/><V82/><F82/><W57/><G114/><T92/><D33/><U80/><E107/><V52/><F115/><W55/><G76/><T110/><D110/><U12/><E80/><V26/><F128/><W73/><G73/><T38/><D44/><N who="1" m="25615" /><E90/><V117/><F108/><W8/><G95/><T88/><D89/><U98/><E56/><V66/><F52/><W84/><G84/><T102/><D102/><U68/><E68/><N who="2" m="42055" /><F7/><W64/><G43/><T106/><D106/><U24/><E12/><V27/><F27/><N who="3" m="16623" /><G71/><T65/><D78/><U77/><E77/><V130/><F130/><W62/><G64/><T10/><D75/><U50/><E50/><V51/><F51/><W79/><G79/><T129/><D129/><U45/><E45/><V113/><F113/><W112/><G112/><T16/><D65/><U47/><E47/><V70/><F70/><W133/><G133/><T72/><D72/><U121/><E121/><V59/><F59/><W40/><G40/><T93/><D93/><U91/><E91/><AGARI ba="1,0" hai="5,8,14,49,55,57,61,62,91,94,99" m="16623" machi="91" ten="30,1000,0" yaku="8,1" doraHai="63" who="3" fromWho="1" sc="175,0,423,-13,347,0,55,13" /><INIT seed="3,0,0,1,0,20" ten="175,410,347,68" oya="3" hai0="30,34,105,26,98,1,94,122,101,84,116,15,113" hai1="44,22,12,49,62,129,115,89,123,117,38,4,81" hai2="31,95,107,120,32,102,33,130,64,42,48,121,50" hai3="9,125,119,131,19,93,66,73,7,65,104,85,88"/><W17/><G119/><T55/><D116/><U87/><E123/><V16/><F107/><W109/><G104/><T124/><D122/><U13/><E115/><V135/><F135/><W28/><G73/><T40/><D113/><U134/><E38/><V112/><F130/><W127/><G131/><T2/><D124/><N who="3" m="47689" /><G28/><T53/><D40/><U37/><E37/><V41/><F31/><W45/><G45/><T74/><D74/><U58/><E134/><V69/><F112/><W99/><G109/><T68/><D68/><U0/><E117/><V18/><F69/><W111/><G111/><T91/><REACH who="0" step="1"/><D15/><REACH who="0" ten="165,410,347,68" step="2"/><U21/><E129/><V14/><F14/><N who="3" m="5439" /><G99/><T57/><D57/><U100/><E58/><V5/><F120/><W97/><G97/><T86/><D86/><U46/><E87/><V75/><F121/><W71/><G71/><T96/><D96/><U128/><E128/><V79/><F75/><W70/><G70/><T35/><D35/><U82/><E13/><V29/><F33/><W106/><G106/><T59/><D59/><U47/><E12/><V77/><F32/><W63/><G63/><T11/><D11/><U61/><E62/><V78/><F41/><W39/><G39/><T24/><D24/><U83/><E61/><V36/><F42/><W133/><G133/><T114/><D114/><U60/><E60/><V54/><F36/><W51/><G51/><T56/><D56/><U10/><E49/><V43/><F50/><W108/><G108/><T8/><D8/><U80/><E100/><V23/><F102/><W110/><G110/><T52/><AGARI ba="0,1" hai="1,2,26,30,34,52,53,55,84,91,94,98,101,105" machi="52" ten="30,8000,1" yaku="1,1,5,1,0,1,52,1,54,1,53,0" doraHai="20" doraHaiUra="118" who="0" fromWho="0" sc="165,90,410,-20,347,-20,68,-40" /><INIT seed="4,0,0,4,3,121" ten="255,390,327,28" oya="0" hai0="8,80,52,38,102,109,98,110,28,0,2,129,81" hai1="111,101,97,122,37,113,66,84,48,7,24,33,23" hai2="108,15,51,67,9,59,21,42,131,103,55,13,87" hai3="106,134,107,89,93,4,71,10,96,61,77,135,78"/><T115/><D115/><U19/><E122/><V31/><F131/><W124/><G71/><T75/><D129/><U85/><E37/><V65/><F108/><N who="0" m="41578" /><D38/><U126/><E111/><V29/><F103/><W114/><G61/><T74/><D28/><N who="2" m="10826" /><F42/><W99/><G10/><T64/><D64/><U30/><E66/><V14/><F87/><N who="3" m="52415" /><G4/><N who="0" m="1031" /><D2/><U26/><E113/><V20/><F9/><W6/><G6/><T127/><D127/><U1/><E126/><V12/><F21/><W105/><G124/><T16/><D52/><U125/><E125/><V68/><F68/><W104/><G114/><T58/><D58/><U70/><E70/><V117/><F117/><W27/><G27/><T118/><D16/><AGARI ba="0,0" hai="12,13,14,15,16,20,51,55,59,65,67" m="10826" machi="16" ten="30,2000,0" yaku="8,1,54,1" doraHai="121" who="2" fromWho="0" sc="255,-20,390,0,327,20,28,0" /><INIT seed="5,0,0,0,0,78" ten="235,390,347,28" oya="1" hai0="55,113,36,0,19,125,79,42,3,126,111,81,7" hai1="2,103,117,121,89,101,18,10,124,107,127,133,32" hai2="31,128,74,9,45,77,118,65,130,71,25,58,115" hai3="56,67,91,51,106,28,6,69,85,43,120,119,123"/><U57/><E121/><V8/><F118/><W80/><G106/><T14/><D111/><U50/><E117/><V44/><F71/><W84/><G119/><T66/><D113/><U94/><E32/><V134/><F134/><W112/><G112/><T93/><D66/><U54/><E133/><V132/><F132/><W110/><G110/><T109/><D109/><U95/><E107/><V38/><F115/><W12/><G69/><T99/><D55/><U26/><E95/><V63/><F77/><W24/><G43/><T16/><D42/><U47/><E47/><N who="2" m="17995" /><F74/><W11/><G85/><T90/><D36/><U68/><E68/><V61/><F61/><W21/><REACH who="3" step="1"/><G51/><REACH who="3" ten="235,390,347,18" step="2"/><T59/><D125/><U76/><E127/><V97/><F38/><W108/><G108/><T82/><D126/><U129/><E124/><V98/><F128/><W131/><G131/><T60/><D0/><U114/><E129/><V104/><F130/><W20/><G20/><T105/><D3/><U17/><E114/><V22/><F104/><W83/><G83/><N who="0" m="31755" /><D105/><U135/><E135/><V29/><F22/><W4/><G4/><T102/><D7/><U48/><E2/><V53/><F8/><W5/><G5/><T15/><D59/><U122/><E10/><V1/><F9/><W40/><G40/><T64/><D79/><U39/><E76/><V62/><F1/><W35/><G35/><T41/><D41/><U30/><E39/><V37/><F37/><W88/><G88/><T33/><D33/><N who="1" m="20695" /><E122/><V100/><F58/><W75/><G75/><T52/><D90/><U49/><E89/><RYUUKYOKU ba="0,1" sc="235,-10,390,-10,347,-10,18,30" hai3="6,11,12,21,24,28,56,67,80,84,91,120,123" /><INIT seed="6,1,1,0,1,2" ten="225,380,337,48" oya="2" hai0="84,82,12,128,11,10,17,24,3,71,103,13,19" hai1="117,132,92,95,89,116,66,56,7,38,18,119,80" hai2="36,90,31,50,98,96,1,47,127,77,121,91,41" hai3="35,109,83,5,126,93,87,114,69,48,37,20,62"/><V111/><F121/><W115/><G109/><T65/><D128/><U32/><E38/><V8/><F111/><W131/><G37/><T72/><D72/><U110/><E32/><V105/><F127/><W75/><G35/><T61/><D103/><U42/><E42/><V135/><F135/><W102/><G131/><T94/><D3/><U73/><E18/><V130/><F130/><W112/><G126/><T64/><D64/><U6/><E110/><V79/><F36/><W30/><G48/><T67/><D67/><U23/><E23/><V49/><F1/><W9/><G75/><T27/><REACH who="0" step="1"/><D94/><REACH who="0" ten="215,380,337,48" step="2"/><U74/><E74/><V123/><F123/><W106/><G93/><T43/><D43/><U81/><E95/><V40/><F41/><W28/><G102/><T122/><D122/><U46/><E73/><V22/><F40/><W25/><G106/><T101/><D101/><U14/><E66/><V78/><F105/><W104/><G104/><T53/><D53/><U125/><E125/><V86/><F77/><AGARI ba="1,2" hai="10,11,12,13,17,19,24,27,61,65,71,77,82,84" machi="77" ten="30,3900,0" yaku="1,1,7,1,9,1,53,0" doraHai="2" doraHaiUra="88" who="0" fromWho="2" sc="215,62,380,0,337,-42,48,0" /><INIT seed="7,0,0,5,2,7" ten="277,380,295,48" oya="3" hai0="40,2,42,26,38,69,36,90,17,93,85,39,12" hai1="68,86,72,100,61,135,30,64,54,84,46,37,32" hai2="99,89,9,103,119,98,19,16,57,115,22,35,88" hai3="134,53,29,110,63,128,78,65,20,107,14,56,51"/><W47/><G107/><T3/><D69/><U124/><E72/><V11/><F119/><W132/><G78/><T121/><D121/><U126/><E100/><V112/><F35/><W33/><G33/><T87/><D26/><N who="1" m="18519" /><E135/><N who="3" m="51754" /><G29/><T130/><D130/><U127/><E37/><V15/><F57/><N who="3" m="37103" /><G20/><T92/><D2/><U50/><AGARI ba="0,0" hai="46,50,54,61,64,68,84,86,124,126,127" m="18519" machi="50" ten="40,1500,0" yaku="18,1" doraHai="7" who="1" fromWho="1" sc="277,-4,380,15,295,-4,48,-7" owari="273,-13.0,395,50.0,291,9.0,41,-46.0" /></mjloggm>