<mjloggm ver="2.3"><GO type="169" lobby="0"/><UN n0="%E3%82%A2%E3%83%95%E3%83%AA%E3%82%AB" n1="%E3%81%8B%E3%81%93%E3%81%A8%E3%82%93" n2="%74%61%6B%65%2D%79%6F%75" n3="%48%49%59%4F%4D%59" dan="16,17,17,16" rate="2191.48,2111.80,2203.07,2077.93" sx="M,M,M,F"/><TAIKYOKU oya="0"/><INIT seed="0,0,0,0,3,3" ten="250,250,250,250" oya="0" hai0="43,77,113,38,7,107,1,92,91,132,99,46,35" hai1="82,36,53,51,63,85,131,5,95,22,26,124,100" hai2="101,121,6,24,44,88,31,111,123,80,134,50,28" hai3="59,33,89,68,96,60,58,2,127,64,122,84,135"/><T130/><D35/><U105/><E131/><V133/><F111/><W37/><G127/><T8/><D130/><U19/><E124/><V57/><F101/><W20/><G33/><T70/><D70/><U34/><E36/><V90/><F57/><W11/><G135/><N who="2" m="51721" /><F31/><W0/><G37/><T39/><D39/><U86/><E105/><V10/><F80/><W120/><G96/><T32/><D32/><U21/><E34/><N who="2" m="20743" /><F123/><N who="3" m="47147" /><G20/><T17/><D132/><U129/><E129/><V79/><F79/><W74/><G74/><T13/><D107/><U119/><E82/><V94/><F94/><N who="3" m="54567" /><G11/><T109/><D109/><U14/><E95/><V71/><F71/><W98/><G98/><T61/><D77/><U125/><E125/><V97/><F97/><W62/><G68/><T93/><D93/><U12/><E22/><V83/><F83/><W112/><G112/><T9/><REACH who="0" step="1"/><D61/><REACH who="0" ten="240,250,250,250" step="2"/><U55/><E63/><V25/><F121/><W67/><AGARI ba="0,1" hai="0,2,58,59,60,62,64,67" m="54567,47147" machi="67" ten="30,1100,0" yaku="13,1" doraHai="3" who="3" fromWho="3" sc="240,-5,250,-3,250,-3,250,21" /><INIT seed="1,0,0,4,3,41" ten="235,247,247,271" oya="1" hai0="121,39,122,24,115,68,34,61,82,46,130,98,85" hai1="76,48,63,107,57,54,4,104,116,10,100,47,23" hai2="77,64,8,12,29,84,108,110,36,126,93,91,83" hai3="89,80,87,94,125,111,40,118,62,96,72,133,27"/><U43/><E116/><V31/><F126/><W97/><G125/><T114/><D98/><U14/><E100/><V49/><F36/><W51/><G118/><T19/><D19/><U28/><REACH who="1" step="1"/><E76/><REACH who="1" ten="235,237,247,271" step="2"/><V128/><F77/><W102/><G133/><T5/><D115/><U71/><E71/><V101/><F101/><W113/><G102/><T112/><D112/><U38/><E38/><V132/><F132/><W109/><G113/><T99/><D114/><U59/><E59/><V92/><F110/><W37/><G37/><T6/><D68/><U74/><E74/><V70/><F70/><W25/><G109/><T86/><D39/><U0/><E0/><V53/><F108/><W75/><G111/><T129/><D121/><U50/><E50/><V21/><F49/><W3/><G3/><T20/><D122/><U45/><E45/><V73/><F73/><W9/><G72/><T58/><D46/><U123/><E123/><V11/><F91/><W134/><G62/><T124/><D61/><U106/><E106/><V7/><F128/><W35/><G75/><T67/><D130/><U30/><E30/><V52/><F31/><W44/><G134/><T60/><D60/><U120/><E120/><V88/><F29/><W17/><G51/><T135/><D135/><U2/><E2/><V103/><F103/><W81/><G44/><T56/><D129/><U117/><E117/><V65/><F88/><W18/><G89/><T69/><D69/><U90/><E90/><V1/><F1/><W42/><G42/><T131/><D131/><U32/><E32/><V26/><F93/><RYUUKYOKU ba="0,1" sc="235,-10,237,30,247,-10,271,-10" hai1="4,10,14,23,28,43,47,48,54,57,63,104,107" /><INIT seed="1,1,1,0,3,81" ten="225,267,237,261" oya="1" hai0="42,51,17,53,95,0,102,48,104,79,8,36,27" hai1="118,31,113,123,83,85,47,76,55,99,10,34,84" hai2="21,18,77,54,105,20,110,4,96,5,62,61,132" hai3="101,92,24,78,128,66,82,52,86,80,71,112,91"/><U12/><E123/><V120/><F120/><W25/><G112/><T72/><D104/><U135/><E135/><V33/><F33/><W73/><G128/><T59/><D36/><U126/><E113/><V15/><F132/><W46/><G101/><T40/><D0/><U23/><E126/><V6/><F110/><W124/><G124/><T57/><D79/><U44/><E118/><V3/><F3/><W117/><G117/><T26/><D72/><U103/><E34/><V50/><F77/><W35/><G35/><T65/><D102/><U9/><E85/><V116/><F116/><W88/><G66/><T68/><D68/><U41/><E55/><V37/><F37/><W75/><G71/><T109/><D95/><U111/><E111/><V97/><F21/><W43/><G43/><T87/><D109/><U107/><E47/><V133/><F133/><W93/><G73/><T30/><D30/><U45/><E45/><V63/><REACH who="2" step="1"/><F105/><REACH who="2" ten="225,267,227,261" step="2"/><W67/><G78/><T70/><D70/><U13/><E23/><V98/><F98/><W29/><G75/><T114/><D114/><U16/><E31/><V11/><F11/><W28/><G29/><T100/><D8/><U14/><E9/><V134/><F134/><W32/><G28/><T130/><D130/><U19/><REACH who="1" step="1"/><E10/><REACH who="1" ten="225,257,227,261" step="2"/><V2/><F2/><W94/><G32/><T22/><D22/><U122/><E122/><V106/><F106/><W89/><G86/><T1/><D87/><U56/><E56/><AGARI ba="1,3" hai="4,5,6,15,18,20,50,54,56,61,62,63,96,97" machi="56" ten="40,2600,0" yaku="1,1,8,1,53,0" doraHai="81" doraHaiUra="39" who="2" fromWho="1" sc="225,0,257,-29,227,59,261,0" /><INIT seed="2,0,0,0,4,55" ten="225,228,286,261" oya="2" hai0="34,112,63,32,20,117,67,9,80,22,99,24,18" hai1="17,27,58,7,111,43,107,118,37,78,81,44,3" hai2="8,49,131,68,122,87,40,104,23,31,124,50,61" hai3="96,100,70,71,0,46,35,128,66,2,84,98,86"/><V73/><F122/><W42/><G35/><T97/><D112/><U93/><E111/><V41/><F73/><W123/><G123/><T15/><D117/><U26/><E107/><V65/><F104/><W36/><G128/><T53/><D34/><U59/><E118/><V76/><F131/><W89/><G86/><T19/><D32/><U4/><E93/><V16/><F124/><W28/><G28/><T83/><D53/><U94/><E94/><V135/><F135/><W51/><G36/><T39/><D39/><U85/><E3/><V60/><F31/><W115/><G115/><T88/><D9/><U130/><E130/><V126/><F126/><W56/><G71/><T52/><D67/><U105/><E105/><V6/><F61/><W79/><G70/><T110/><D110/><U33/><E33/><V29/><F29/><W109/><G79/><T101/><D101/><U82/><E82/><N who="0" m="31273" /><D88/><U54/><E54/><V106/><F106/><W129/><G89/><T62/><D62/><U30/><E30/><V108/><F108/><W74/><G74/><T90/><D90/><U5/><REACH who="1" step="1"/><E17/><REACH who="1" ten="225,218,286,261" step="2"/><V1/><F16/><W116/><G109/><T12/><D24/><AGARI ba="0,1" hai="4,5,7,24,26,27,37,43,44,58,59,78,81,85" machi="24" ten="40,8000,1" yaku="1,1,2,1,52,2,53,0" doraHai="55" doraHaiUra="102" who="1" fromWho="0" sc="225,-80,218,90,286,0,261,0" /><INIT seed="3,0,0,2,0,111" ten="145,308,286,261" oya="3" hai0="50,97,9,83,1,89,22,115,48,61,10,18,103" hai1="79,63,94,123,59,67,77,13,107,88,117,44,104" hai2="30,98,20,42,109,102,34,51,122,106,62,8,120" hai3="99,6,7,96,17,26,14,124,74,87,133,47,45"/><W100/><G74/><T93/><D1/><U80/><E123/><N who="2" m="47147" /><F34/><W71/><G124/><T75/><D61/><U29/><E117/><V58/><F109/><W73/><G73/><T110/><D110/><U16/><E29/><V84/><F8/><N who="0" m="3178" /><D75/><U15/><E15/><V119/><F119/><W25/><G133/><T55/><D55/><U72/><E79/><V32/><F32/><W0/><G71/><T112/><D83/><U28/><E44/><V68/><F68/><W40/><G87/><T91/><D48/><U134/><E28/><V27/><F84/><W11/><G47/><T2/><D50/><U81/><E81/><V135/><F135/><W5/><G45/><T38/><D2/><U92/><E92/><V12/><F51/><W35/><G40/><T118/><D118/><U4/><E4/><V66/><F12/><W114/><G35/><T86/><D86/><U49/><E49/><V31/><F31/><W39/><G39/><T116/><D116/><U46/><E46/><V43/><AGARI ba="0,0" hai="20,27,30,42,43,58,62,66,98,102,106" m="47147" machi="43" ten="30,1100,0" yaku="13,1" doraHai="111" who="2" fromWho="2" sc="145,-3,308,-3,286,11,261,-5" /><INIT seed="4,0,0,5,3,126" ten="142,305,297,256" oya="0" hai0="99,75,14,74,107,103,5,56,113,125,38,10,8" hai1="93,79,7,50,102,20,129,134,40,131,69,23,0" hai2="52,51,100,15,33,73,45,17,58,122,127,87,81" hai3="91,4,97,29,65,32,110,119,60,114,3,11,49"/><T28/><D38/><U133/><E69/><V64/><F122/><W111/><G119/><T37/><D37/><U106/><E106/><V19/><F73/><W46/><G114/><T108/><D125/><U98/><E79/><V67/><F127/><W63/><G32/><T92/><D113/><U36/><E36/><V34/><F100/><W41/><G29/><T76/><D108/><U61/><E61/><V83/><F34/><W53/><G53/><T84/><D28/><U86/><E86/><V31/><F33/><W66/><G91/><T59/><D10/><N who="1" m="2407" /><E50/><V68/><F68/><W44/><G97/><T57/><REACH who="0" step="1"/><D107/><REACH who="0" ten="132,305,297,256" step="2"/><U96/><E134/><V109/><F31/><W48/><G110/><T24/><D24/><U105/><E133/><V6/><F109/><W9/><G111/><T104/><D104/><U112/><E112/><V135/><F135/><W78/><G4/><T30/><D30/><U121/><E121/><V27/><F6/><W128/><G3/><T35/><D35/><U95/><E105/><V115/><F115/><W55/><G9/><T62/><D62/><N who="3" m="23593" /><G11/><T71/><D71/><U47/><E20/><V77/><F27/><W117/><G117/><T70/><D70/><U21/><E21/><N who="2" m="11455" /><F19/><W89/><G66/><N who="2" m="25129" /><F83/><AGARI ba="0,1" hai="5,8,14,56,57,59,74,75,76,83,84,92,99,103" machi="83" ten="40,2000,0" yaku="1,1,53,0" doraHai="126" doraHaiUra="123" who="0" fromWho="2" sc="132,30,305,0,297,-20,256,0" /><INIT seed="4,1,0,5,3,56" ten="162,305,277,256" oya="0" hai0="64,112,63,115,26,83,118,129,30,99,28,88,66" hai1="74,82,102,51,85,58,8,81,103,42,24,49,2" hai2="72,53,9,131,125,61,113,86,80,114,32,10,40" hai3="39,101,121,132,29,134,70,3,15,4,21,105,23"/><T104/><D118/><U127/><E127/><V0/><F32/><W128/><G39/><T110/><D66/><U31/><E74/><V62/><F72/><W36/><G36/><T108/><D129/><U96/><E42/><V55/><F125/><W37/><G37/><T79/><D79/><U41/><E41/><V60/><F131/><W11/><G70/><T126/><D126/><U54/><E51/><V44/><F40/><W14/><G105/><T45/><D45/><U27/><E31/><N who="0" m="11817" /><D26/><U119/><E119/><V107/><F107/><W68/><G68/><N who="0" m="42015" /><D104/><U122/><E122/><V135/><F135/><N who="3" m="51755" /><G101/><T98/><D98/><U12/><E24/><V93/><F44/><W1/><G128/><T111/><D83/><U20/><E82/><V91/><F80/><W35/><G121/><T57/><D57/><U19/><E96/><V123/><F123/><W120/><G120/><T65/><D65/><U89/><E2/><N who="3" m="522" /><G14/><T7/><D7/><U38/><E38/><V90/><F0/><W46/><G46/><T117/><D117/><U25/><E25/><AGARI ba="1,0" hai="4,11,15,21,23,25,29,35" m="522,51755" machi="25" ten="30,3900,0" yaku="20,1,34,2" doraHai="56" who="3" fromWho="1" sc="162,0,305,-42,277,0,256,42" /><INIT seed="5,0,0,3,1,62" ten="162,263,277,298" oya="1" hai0="74,50,61,131,109,134,14,11,21,2,104,80,119" hai1="88,66,133,18,7,135,91,112,39,73,93,17,64" hai2="15,24,97,123,46,113,25,40,30,45,55,3,68" hai3="78,103,6,0,19,69,87,27,57,111,65,102,110"/><U16/><E112/><V117/><F117/><W72/><G72/><T101/><D2/><U98/><E73/><V38/><F123/><W85/><G69/><T107/><D119/><U100/><E39/><V1/><F113/><W126/><G126/><T92/><D109/><U26/><E7/><V59/><F45/><W99/><G0/><T43/><D21/><U41/><E41/><V118/><F118/><W105/><G6/><T44/><D134/><N who="1" m="51211" /><E26/><V32/><F15/><W94/><G27/><T23/><D23/><U36/><E36/><V4/><F25/><W106/><G19/><T8/><D8/><U130/><E130/><V13/><F97/><W51/><G51/><T5/><D131/><U115/><E115/><V114/><F114/><W122/><G122/><T10/><D10/><U96/><E91/><V29/><F4/><W47/><G78/><T48/><D74/><U120/><E120/><V54/><F13/><W71/><G110/><T124/><D124/><U53/><E53/><V84/><F54/><W49/><G111/><T33/><D33/><U129/><E129/><V63/><F30/><W125/><G125/><T81/><D107/><AGARI ba="0,0" hai="16,17,18,64,66,88,93,96,98,100,107" m="51211" machi="107" ten="30,12000,1" yaku="20,1,52,2,54,2" doraHai="62" who="1" fromWho="0" sc="162,-120,263,120,277,0,298,0" /><INIT seed="5,1,0,5,4,124" ten="42,383,277,298" oya="1" hai0="83,59,117,74,106,81,86,57,27,113,23,82,49" hai1="53,75,43,26,88,85,41,125,18,80,50,62,48" hai2="114,103,79,64,29,128,107,126,37,38,93,123,33" hai3="91,131,100,14,77,24,67,13,135,32,16,65,109"/><U130/><E125/><V68/><F126/><W104/><G109/><T15/><D106/><U10/><E75/><V132/><F93/><W105/><G135/><T55/><D117/><U78/><E78/><V3/><F123/><W66/><G77/><T8/><D74/><U22/><E130/><V25/><F132/><W11/><G91/><T4/><D113/><U99/><E99/><N who="2" m="61951" /><F114/><W119/><G119/><T31/><REACH who="0" step="1"/><D59/><REACH who="0" ten="32,383,277,298" step="2"/><N who="1" m="35183" /><E10/><V110/><F68/><W1/><G105/><T45/><D45/><U20/><E22/><V102/><F33/><W90/><G104/><T30/><D30/><U111/><E111/><V17/><F110/><W35/><G32/><T56/><D56/><U28/><E28/><V95/><F29/><W7/><G35/><T97/><D97/><U58/><E58/><V116/><F116/><W98/><G98/><T51/><D51/><AGARI ba="1,1" hai="18,20,26,41,43,48,50,51,80,85,88" m="35183" machi="51" ten="30,2900,0" yaku="8,1,54,1" doraHai="124" who="1" fromWho="0" sc="32,-32,383,42,277,0,298,0" /><INIT seed="5,2,0,5,0,106" ten="0,425,277,298" oya="1" hai0="73,83,100,28,9,113,63,125,49,104,98,122,121" hai1="123,5,2,37,26,14,115,46,97,38,69,119,127" hai2="24,84,124,12,72,128,70,6,62,134,31,64,8" hai3="53,52,55,21,103,22,77,17,81,19,44,82,4"/><U34/><E123/><N who="0" m="47113" /><D28/><U107/><E119/><V95/><F128/><W79/><G103/><T11/><D49/><U80/><E127/><V94/><F124/><W33/><G33/><T59/><D125/><U116/><E116/><V109/><F109/><W76/><G44/><T42/><D42/><U39/><E115/><V65/><F134/><W130/><G4/><T117/><D113/><U16/><E69/><V25/><F65/><W71/><G130/><T90/><D117/><U7/><E2/><V61/><F61/><W48/><G48/><T29/><D29/><U50/><E26/><V91/><F72/><W110/><G110/><T120/><N who="0" m="47121" /><T101/><DORA hai="99" /><D101/><U18/><E34/><V43/><F43/><W57/><G57/><T3/><D3/><U74/><E39/><V131/><F131/><W67/><G67/><N who="0" m="39423" /><D90/><U20/><E38/><V92/><REACH who="2" step="1"/><F25/><REACH who="2" ten="0,425,267,298" step="2"/><W114/><G114/><T102/><D102/><U56/><E37/><V111/><F111/><W105/><G71/><T36/><D36/><U35/><E50/><V58/><F58/><W118/><G118/><T13/><D13/><U45/><E56/><V51/><F51/><W108/><G108/><T135/><D135/><U112/><E112/><V88/><F88/><W41/><G41/><T96/><D96/><U133/><E97/><V15/><F15/><W126/><G126/><T86/><D86/><U1/><E14/><V129/><F129/><W93/><G55/><T30/><D30/><U0/><E1/><V66/><F66/><W54/><G53/><T23/><D23/><AGARI ba="2,1" hai="6,8,12,23,24,31,62,64,70,84,91,92,94,95" machi="23" ten="30,12000,2" yaku="1,1,7,1,53,4" doraHai="106,99" doraHaiUra="89,85" who="2" fromWho="0" sc="0,-126,425,0,267,136,298,0" owari="-126,-63.0,425,53.0,403,20.0,298,-10.0" /></mjloggm>