<mjloggm ver="2.3"><GO type="169" lobby="0"/><UN n0="%E4%BE%8D" n1="%E6%96%87%E5%9B%9B%E9%83%8E" n2="%E5%87%BA%E3%82%8B%E3%83%94%E3%82%A8%E3%83%AD" n3="%E3%83%8F%E3%83%9E%E3%83%BB%E3%82%AA%E3%82%AB%E3%83%A2%E3%83%88" dan="17,17,16,16" rate="2172.47,2143.21,2190.08,2115.64" sx="M,M,M,M"/><TAIKYOKU oya="0"/><INIT seed="0,0,0,4,1,42" ten="250,250,250,250" oya="0" hai0="84,90,18,27,2,102,7,116,130,49,6,30,11" hai1="110,107,53,131,28,126,33,32,51,69,127,88,66" hai2="89,43,108,25,8,81,41,91,80,65,103,106,114" hai3="24,21,63,47,78,5,97,128,75,105,94,83,67"/><T79/><D130/><U52/><E107/><V132/><F65/><W96/><G128/><T129/><D129/><U112/><E131/><V29/><F8/><W56/><G5/><T133/><D133/><U57/><E110/><V61/><F108/><W55/><G105/><T99/><D116/><U35/><E112/><V123/><F114/><W44/><G96/><T1/><D79/><U23/><E53/><V117/><F132/><W37/><G37/><T104/><D18/><U122/><E122/><V70/><F70/><W121/><G121/><T72/><D72/><U119/><E119/><V86/><F61/><W40/><G40/><T36/><D36/><U87/><E66/><V77/><F106/><W22/><G22/><T3/><D49/><U20/><E69/><V68/><F68/><W48/><G48/><T50/><D50/><U85/><E85/><V38/><F103/><N who="3" m="60855" /><G55/><T9/><D1/><U45/><E57/><V15/><F43/><W135/><G135/><T92/><REACH who="0" step="1"/><D27/><REACH who="0" ten="240,250,250,250" step="2"/><U12/><E12/><V100/><F15/><W134/><G134/><T125/><D125/><N who="1" m="47627" /><E28/><AGARI ba="0,1" hai="21,24,28,44,47,56,63,67,75,78,83" m="60855" machi="28" ten="30,3900,0" yaku="25,1,52,2" doraHai="42" who="3" fromWho="1" sc="240,0,250,-39,250,0,250,49" /><AGARI ba="0,0" hai="2,3,6,7,9,11,28,30,84,90,92,99,102,104" machi="28" ten="40,3900,0" yaku="1,1,9,1,53,0" doraHai="42" doraHaiUra="39" who="0" fromWho="1" sc="240,39,211,-39,250,0,299,0" /><INIT seed="0,1,0,2,1,75" ten="279,172,250,299" oya="0" hai0="124,49,116,29,16,7,31,20,78,70,107,94,56" hai1="69,134,61,59,24,27,48,72,90,120,32,42,28" hai2="22,71,68,11,64,50,43,21,17,77,46,82,132" hai3="127,126,129,33,110,104,10,44,58,128,76,67,99"/><T74/><D116/><U23/><E120/><V15/><F132/><W119/><G119/><T2/><D107/><U133/><E72/><V97/><F97/><W92/><G33/><T117/><D70/><U111/><E69/><V36/><F64/><W55/><G110/><T96/><D117/><U14/><E111/><V41/><F41/><W39/><G104/><T101/><D124/><N who="3" m="47657" /><G10/><T6/><D74/><U131/><E14/><V5/><F22/><W130/><G67/><T30/><D2/><U35/><E131/><V85/><REACH who="2" step="1"/><F36/><REACH who="2" ten="279,172,240,299" step="2"/><W113/><G39/><T0/><D0/><AGARI ba="1,1" hai="0,5,11,15,17,21,43,46,50,68,71,77,82,85" machi="0" ten="30,7700,0" yaku="1,1,2,1,7,1,52,1,53,0" doraHai="75" doraHaiUra="109" who="2" fromWho="0" sc="279,-80,172,0,240,90,299,0" /><INIT seed="1,0,0,5,2,60" ten="199,172,330,299" oya="1" hai0="70,14,110,113,73,59,71,99,107,94,106,118,127" hai1="43,37,55,112,119,17,51,52,93,48,68,87,3" hai2="26,105,44,36,86,74,38,25,67,16,104,121,72" hai3="131,12,69,20,102,15,116,79,64,80,76,108,6"/><U7/><E112/><V62/><F121/><W65/><G108/><T114/><D118/><U117/><E68/><V47/><F86/><W84/><G69/><T21/><D73/><U111/><E111/><V77/><F77/><W13/><G131/><T42/><D110/><U58/><E17/><V134/><F134/><W91/><G116/><T133/><D42/><U81/><E93/><V49/><F49/><W88/><G102/><T124/><D59/><U24/><E24/><V89/><F89/><N who="3" m="34379" /><G79/><T27/><D14/><N who="3" m="5737" /><G20/><T35/><D35/><U40/><E37/><V135/><F16/><W101/><G101/><T28/><D133/><U122/><E122/><V9/><F9/><AGARI ba="0,0" hai="6,9,15,64,65,76,80,84" m="5737,34379" machi="9" ten="30,7700,0" yaku="8,1,52,2,54,1" doraHai="60" who="3" fromWho="2" sc="199,0,172,0,330,-77,299,77" /><INIT seed="2,0,0,5,5,99" ten="199,172,253,376" oya="2" hai0="28,74,27,29,95,44,50,59,4,115,7,68,134" hai1="14,98,129,2,26,32,121,54,0,125,23,133,126" hai2="63,135,92,123,55,56,124,89,19,42,97,80,73" hai3="20,100,10,76,85,30,21,118,51,43,12,64,39"/><V96/><F123/><W110/><G118/><T108/><D115/><U48/><E121/><V37/><F124/><N who="1" m="47721" /><E133/><V40/><F135/><W69/><G39/><T34/><D68/><U116/><E116/><V86/><F73/><W90/><G69/><T13/><D74/><U22/><E129/><V17/><F97/><W132/><G64/><T15/><D108/><U41/><E41/><V75/><F75/><W58/><G76/><T128/><D128/><U33/><E98/><V87/><F87/><W52/><G110/><T67/><D29/><N who="1" m="17631" /><E22/><V82/><F82/><W1/><G30/><T83/><D83/><U47/><E14/><V5/><F5/><W72/><G1/><AGARI ba="0,0" hai="0,1,2,32,33,47,48,54" m="17631,47721" machi="1" ten="30,1000,0" yaku="18,1" doraHai="99" who="1" fromWho="3" sc="199,0,172,10,253,0,376,-10" /><INIT seed="3,0,0,5,5,94" ten="199,182,253,366" oya="3" hai0="29,99,9,22,14,132,78,100,16,27,44,25,0" hai1="39,128,120,56,49,6,126,80,116,110,33,123,35" hai2="19,77,43,129,73,21,111,48,109,45,83,5,84" hai3="55,65,87,125,7,130,47,30,60,124,67,95,32"/><W86/><G130/><T8/><D132/><U50/><E39/><V59/><F5/><W41/><G7/><T88/><D78/><U113/><E113/><V102/><F129/><W93/><G30/><T68/><D68/><U106/><E128/><V38/><F73/><W92/><G32/><T72/><D72/><U20/><E6/><V28/><F28/><W61/><G55/><T36/><D27/><U18/><E106/><V2/><F2/><W46/><REACH who="3" step="1"/><G95/><REACH who="3" ten="199,182,253,356" step="2"/><T12/><D0/><U3/><E3/><V89/><F111/><W85/><G85/><T79/><D29/><U23/><E110/><V108/><F109/><W62/><G62/><T107/><D107/><U11/><E35/><V103/><F108/><W81/><G81/><T135/><D135/><U91/><E116/><V90/><F84/><W119/><G119/><T133/><D133/><U15/><E33/><V117/><F83/><W37/><G37/><T40/><D36/><U114/><E80/><V42/><F38/><W127/><G127/><T105/><D105/><U74/><E126/><V54/><F117/><W57/><G57/><T64/><D44/><U66/><E56/><V31/><F31/><W10/><G10/><T76/><D8/><U1/><E11/><V26/><F59/><W121/><G121/><T97/><D9/><U96/><E1/><V4/><F54/><W112/><G112/><T63/><D63/><U118/><E123/><V58/><F58/><W134/><G134/><T70/><D70/><U101/><E120/><V115/><F4/><W104/><G104/><T71/><D71/><RYUUKYOKU ba="0,1" sc="199,-10,182,-10,253,-10,356,30" hai3="41,46,47,60,61,65,67,86,87,92,93,124,125" /><INIT seed="3,1,1,0,4,66" ten="189,172,243,386" oya="3" hai0="46,49,106,85,68,84,54,2,110,78,107,113,8" hai1="125,65,5,29,6,108,132,77,104,114,11,48,26" hai2="119,4,60,0,111,102,93,13,135,24,89,121,95" hai3="79,91,83,80,94,63,58,116,105,55,97,33,74"/><W31/><G116/><T40/><D110/><U86/><E114/><V14/><F0/><W69/><G33/><T35/><D35/><U129/><E108/><V122/><F119/><W47/><G31/><T12/><D2/><U7/><E104/><V36/><F36/><W50/><G83/><T10/><D113/><U118/><E118/><V17/><F135/><W128/><G128/><T67/><D8/><U38/><E38/><V96/><F60/><W42/><G105/><T56/><D84/><U123/><E123/><N who="2" m="47115" /><F4/><W9/><G9/><T72/><D72/><U130/><E132/><V124/><F124/><W134/><G134/><T103/><D103/><U45/><E125/><V90/><F102/><W62/><G62/><T82/><D67/><U21/><E65/><V99/><F111/><W3/><G3/><T76/><D76/><U25/><E26/><V101/><F101/><W51/><G63/><T18/><REACH who="0" step="1"/><D68/><REACH who="0" ten="179,172,243,386" step="2"/><U19/><E77/><V23/><AGARI ba="1,2" hai="13,14,17,23,24,89,90,93,95,96,99" m="47115" machi="23" ten="30,1100,0" yaku="13,1" doraHai="66" who="2" fromWho="2" sc="179,-4,172,-4,243,34,386,-6" /><INIT seed="4,0,0,0,1,15" ten="175,168,277,380" oya="0" hai0="130,66,103,78,85,113,125,2,98,40,76,20,132" hai1="58,24,86,26,12,46,61,5,38,47,112,18,16" hai2="39,8,84,54,67,73,11,48,74,135,0,114,17" hai3="21,45,100,96,107,68,44,109,27,104,129,105,97"/><T118/><D2/><U62/><E112/><V42/><F67/><W90/><G109/><T22/><D118/><U59/><E38/><V80/><F114/><W30/><G68/><T124/><D113/><U92/><E5/><V32/><F32/><W33/><G129/><T94/><D130/><U88/><E12/><V35/><F35/><W4/><G4/><T110/><D110/><U51/><E51/><V131/><F135/><W63/><G63/><N who="1" m="24074" /><E26/><V93/><F93/><W99/><G33/><T122/><D122/><U111/><E111/><V75/><F0/><W43/><G90/><T115/><D115/><U53/><E53/><V101/><F101/><W95/><REACH who="3" step="1"/><G45/><REACH who="3" ten="175,168,277,370" step="2"/><N who="1" m="16906" /><E24/><V9/><F131/><W6/><G6/><T70/><D70/><U34/><E34/><V23/><F42/><W133/><G133/><T72/><D40/><U10/><E10/><V31/><F11/><W36/><AGARI ba="0,1" hai="21,27,30,36,43,44,95,96,97,99,100,104,105,107" machi="36" ten="30,2000,0" yaku="1,1,0,1,53,0" doraHai="15" doraHaiUra="116" who="3" fromWho="3" sc="175,-10,168,-5,277,-5,370,30" /><INIT seed="5,0,0,1,0,59" ten="165,163,272,400" oya="1" hai0="102,114,4,7,78,85,55,82,64,122,48,29,117" hai1="0,84,129,133,94,68,45,21,30,73,101,44,69" hai2="35,126,1,87,121,18,22,93,53,103,113,39,20" hai3="9,134,80,56,98,88,71,120,28,12,37,127,109"/><U65/><E73/><V27/><F35/><W115/><G71/><T62/><D117/><U11/><E129/><V61/><F39/><W100/><G37/><T16/><D114/><U14/><E0/><V74/><F74/><W36/><G28/><T67/><D122/><U70/><E65/><V83/><F1/><W50/><G36/><T86/><D29/><U5/><E133/><V38/><F38/><W32/><G88/><T81/><D102/><U90/><REACH who="1" step="1"/><E101/><REACH who="1" ten="165,153,272,400" step="2"/><V57/><F103/><W106/><G100/><T66/><D16/><U26/><AGARI ba="0,1" hai="5,11,14,21,26,30,44,45,68,69,70,84,90,94" machi="26" ten="40,12000,1" yaku="1,1,2,1,0,1,53,1" doraHai="59" doraHaiUra="3" who="1" fromWho="1" sc="165,-40,153,130,272,-40,400,-40" /><INIT seed="5,1,0,3,1,95" ten="125,283,232,360" oya="1" hai0="52,40,60,43,72,8,49,64,39,135,80,20,131" hai1="14,29,15,77,74,79,5,32,126,57,4,59,34" hai2="10,17,84,18,111,81,134,1,70,58,22,19,63" hai3="92,88,124,109,121,67,73,0,16,31,47,2,54"/><U125/><REACH who="1" step="1"/><E29/><REACH who="1" ten="125,273,232,360" step="2"/><V21/><F134/><W91/><G31/><T27/><D135/><U123/><E123/><V24/><F70/><W132/><G121/><T55/><D131/><U76/><E76/><V66/><F111/><W75/><G109/><T38/><D38/><U61/><E61/><V100/><F1/><W13/><G132/><T69/><D39/><U107/><E107/><V37/><F37/><W41/><G0/><T94/><D94/><U119/><E119/><V105/><F105/><W110/><G2/><T23/><D23/><U33/><E33/><V7/><F7/><W85/><G110/><T68/><D68/><U90/><E90/><V11/><F100/><W82/><G124/><T129/><D129/><U71/><E71/><V108/><F108/><W130/><G130/><T117/><D117/><U127/><E127/><V12/><REACH who="2" step="1"/><F19/><REACH who="2" ten="125,273,222,360" step="2"/><W103/><G103/><T42/><D69/><U48/><E48/><V133/><F133/><W128/><G128/><T62/><D49/><U36/><E36/><V87/><F87/><W45/><G85/><T35/><D72/><AGARI ba="1,2" hai="4,5,14,15,32,34,57,59,72,74,77,79,125,126" machi="72" ten="25,9600,0" yaku="21,2,22,2,53,0" doraHai="95" doraHaiUra="51" who="1" fromWho="0" sc="125,-99,273,119,222,0,360,0" /><INIT seed="5,2,0,0,3,60" ten="26,392,222,360" oya="1" hai0="21,16,82,22,38,92,103,27,44,54,131,37,9" hai1="129,90,4,36,23,109,84,29,28,116,15,85,88" hai2="2,55,47,49,105,81,5,134,128,53,130,61,98" hai3="17,6,122,11,114,123,40,70,31,52,113,35,68"/><U75/><E116/><V78/><F2/><W30/><G40/><T10/><D131/><N who="2" m="50218" /><F5/><W64/><G17/><T48/><D38/><U7/><E129/><V0/><F0/><W119/><G119/><T66/><D37/><U50/><E36/><V104/><F98/><W46/><G46/><T106/><D106/><U100/><E75/><N who="2" m="43231" /><F134/><W101/><G101/><T20/><D82/><N who="1" m="49175" /><E100/><V102/><F102/><W14/><G6/><N who="1" m="2090" /><E109/><V41/><F55/><W93/><G52/><T94/><D94/><N who="1" m="54607" /><E50/><V12/><F12/><W112/><G14/><T96/><REACH who="0" step="1"/><D66/><REACH who="0" ten="16,392,222,360" step="2"/><U71/><E71/><V110/><F104/><W79/><G64/><T108/><D108/><U76/><E76/><V107/><F110/><W3/><G79/><T26/><D26/><U89/><E89/><V97/><F107/><W19/><G70/><T120/><D120/><U132/><E132/><V57/><F105/><W87/><G68/><T8/><AGARI ba="2,1" hai="8,9,10,16,20,21,22,27,44,48,54,92,96,103" machi="8" ten="30,7900,0" yaku="1,1,0,1,8,1,54,1,53,0" doraHai="60" doraHaiUra="133" who="0" fromWho="0" sc="16,95,392,-41,222,-22,360,-22" /><INIT seed="6,0,0,2,5,38" ten="111,351,200,338" oya="2" hai0="28,89,17,15,66,47,61,132,112,57,20,45,116" hai1="113,131,124,88,70,129,71,114,35,105,117,36,34" hai2="126,102,21,72,110,24,46,58,22,79,78,96,64" hai3="0,16,122,41,107,73,29,54,99,55,27,119,40"/><V83/><F126/><W3/><G73/><T91/><D112/><N who="1" m="43115" /><E117/><V98/><F79/><W13/><G122/><T109/><D109/><U118/><E118/><V19/><F110/><W80/><G0/><T104/><D116/><U30/><E105/><V60/><F102/><W2/><G2/><T62/><D132/><U135/><E135/><V9/><F9/><N who="3" m="6191" /><G3/><T31/><D104/><U87/><E124/><V25/><REACH who="2" step="1"/><F46/><REACH who="2" ten="111,351,190,338" step="2"/><W65/><G119/><T125/><D125/><U130/><E130/><V59/><F59/><W127/><G127/><T43/><D47/><U100/><E100/><V74/><F74/><W134/><G134/><T120/><D120/><U69/><E131/><V51/><F51/><W37/><G37/><T53/><D91/><U6/><E36/><V133/><F133/><W77/><G77/><T11/><D89/><U33/><E129/><V95/><F95/><W42/><G107/><T7/><D11/><U81/><E70/><V84/><F84/><W12/><G80/><T52/><D7/><U86/><E6/><V111/><F111/><W68/><G68/><T4/><D4/><U82/><E71/><V18/><AGARI ba="0,1" hai="18,19,21,22,24,25,58,60,64,72,78,83,96,98" machi="18" ten="20,7800,0" yaku="1,1,0,1,7,1,9,1,53,0" doraHai="38" doraHaiUra="67" who="2" fromWho="2" sc="111,-26,351,-26,190,88,338,-26" /><INIT seed="6,1,0,2,1,57" ten="85,325,278,312" oya="2" hai0="85,102,93,40,20,87,21,63,110,41,22,11,123" hai1="97,128,43,35,29,111,109,4,56,71,92,58,89" hai2="17,117,45,59,64,65,24,23,37,12,36,18,69" hai3="50,54,80,51,8,3,108,53,131,78,30,31,26"/><V90/><F117/><W130/><G108/><T84/><D110/><U27/><E71/><V82/><F69/><W129/><G3/><T2/><D123/><U101/><E4/><V16/><F37/><W126/><G8/><T104/><D104/><U9/><E9/><N who="2" m="6159" /><F36/><W1/><G1/><T127/><D127/><U67/><E43/><V95/><F82/><W33/><G31/><T105/><D105/><U52/><E128/><V39/><F39/><W75/><G126/><T46/><D2/><U48/><REACH who="1" step="1"/><E101/><REACH who="1" ten="85,315,278,312" step="2"/><V28/><F45/><W83/><G130/><T68/><D11/><U79/><E79/><V134/><F134/><W91/><G129/><T44/><D68/><U121/><E121/><V107/><F107/><W74/><G131/><T112/><D112/><U73/><E73/><V15/><F28/><W25/><G78/><T32/><D32/><U76/><E76/><V19/><F24/><W47/><G30/><T115/><D115/><U120/><E120/><V98/><F65/><W132/><G47/><N who="0" m="17963" /><D102/><U119/><E119/><V10/><F10/><W7/><G33/><T96/><D93/><U6/><E6/><V113/><F113/><W42/><G7/><T114/><D114/><U14/><E14/><V38/><F38/><W60/><G74/><T116/><D116/><U94/><E94/><V88/><F90/><W66/><G75/><T103/><D40/><U70/><E70/><V106/><F106/><W122/><G42/><T118/><D41/><U133/><E133/><V62/><AGARI ba="1,1" hai="15,17,18,19,23,59,62,64,88,95,98" m="6159" machi="62" ten="30,11700,0" yaku="8,1,52,1,54,2" doraHai="57" who="2" fromWho="2" sc="85,-40,315,-40,278,130,312,-40" /><INIT seed="6,2,0,5,3,58" ten="45,275,408,272" oya="2" hai0="84,82,94,93,14,47,26,9,83,13,28,97,2" hai1="77,86,43,19,91,56,64,29,79,110,65,24,41" hai2="104,78,89,0,107,18,111,103,71,38,49,121,85" hai3="112,99,44,40,8,4,50,51,37,126,118,76,122"/><V75/><F38/><W68/><G118/><T116/><D116/><U46/><E110/><V95/><F0/><W22/><G122/><T62/><D2/><U54/><E19/><V36/><F36/><W69/><G126/><T127/><D127/><U23/><E65/><V63/><F121/><W81/><G112/><T134/><D134/><U73/><E64/><V120/><F120/><W61/><G99/><T92/><D47/><U88/><E73/><V15/><F71/><W66/><G22/><T20/><D14/><U133/><E133/><V55/><F103/><W53/><G53/><T72/><D72/><U90/><E86/><V117/><F111/><W119/><G68/><T45/><D45/><U106/><E106/><V113/><F113/><W35/><G35/><T42/><D42/><N who="1" m="15883" /><E46/><V1/><F49/><AGARI ba="2,0" hai="23,24,29,49,54,56,77,79,88,90,91" m="15883" machi="49" ten="30,2000,0" yaku="8,1,54,1" doraHai="58" who="1" fromWho="2" sc="45,0,275,26,408,-26,272,0" /><INIT seed="7,0,0,3,2,114" ten="45,301,382,272" oya="3" hai0="3,119,127,73,26,129,50,134,55,46,96,69,87" hai1="8,117,116,121,35,2,27,111,118,62,29,79,106" hai2="1,10,20,37,54,34,86,31,133,6,91,17,89" hai3="102,107,42,70,59,33,126,16,93,13,65,61,110"/><W30/><G126/><T132/><D87/><U40/><E106/><V74/><F74/><W19/><G110/><T98/><D73/><U15/><E79/><V100/><F37/><W5/><G93/><T108/><D26/><U64/><E40/><V95/><F31/><W48/><G42/><T97/><D3/><U71/><E111/><V99/><F34/><W32/><G32/><T11/><D11/><U24/><E27/><V76/><F133/><W53/><G5/><T120/><D108/><U92/><E92/><V7/><F7/><W45/><G13/><T77/><D77/><U94/><E94/><V68/><F68/><W124/><G59/><T60/><D120/><U83/><E83/><V122/><F122/><W52/><G53/><T112/><D127/><U123/><E2/><V115/><F115/><W14/><G14/><T12/><D112/><U41/><E41/><V67/><F67/><W4/><G4/><AGARI ba="0,0" hai="4,8,15,24,29,35,62,64,71,116,117,118,121,123" machi="4" ten="40,8000,1" yaku="12,1,52,3" doraHai="114" who="1" fromWho="3" sc="45,0,301,80,382,0,272,-80" owari="45,-45.0,381,18.0,382,48.0,192,-21.0" /></mjloggm>