<mjloggm ver="2.3"><GO type="169" lobby="0"/><UN n0="%52%42%31%30" n1="%E3%83%95%E3%83%BC%E3%82%AC" n2="%41%47%72%64%6E" n3="%41%6D%61%79%62%65" dan="17,18,16,16" rate="2159.21,2172.77,2118.03,2080.63" sx="M,M,M,M"/><TAIKYOKU oya="0"/><INIT seed="0,0,0,4,2,118" ten="250,250,250,250" oya="0" hai0="95,133,18,76,109,99,37,108,127,43,97,102,24" hai1="115,88,77,2,16,126,105,25,46,104,116,23,78" hai2="98,40,114,19,120,82,15,30,87,131,123,57,65" hai3="52,4,68,112,42,8,44,38,61,86,94,51,90"/><T72/><D37/><U21/><E116/><V13/><F114/><W31/><G112/><T70/><D70/><U71/><E115/><V14/><F131/><W9/><G31/><T117/><D43/><U66/><E126/><V17/><F30/><W103/><G103/><N who="0" m="60863" /><D117/><U96/><E2/><V60/><F98/><W89/><G4/><T26/><D18/><U85/><E46/><V62/><F40/><W106/><G106/><N who="0" m="63839" /><D24/><U101/><E105/><V3/><F3/><W100/><G100/><T48/><D48/><U113/><E113/><V54/><F19/><W53/><G89/><T63/><D26/><U1/><E1/><V73/><F73/><W11/><REACH who="3" step="1"/><G38/><REACH who="3" ten="250,250,250,240" step="2"/><T129/><D127/><U55/><E78/><V124/><F124/><W12/><G12/><T39/><D39/><U36/><E77/><V128/><F128/><W110/><G110/><N who="0" m="42603" /><D129/><U93/><E36/><V34/><F34/><W0/><G0/><T47/><D76/><U20/><REACH who="1" step="1"/><E55/><REACH who="1" ten="250,240,250,240" step="2"/><V29/><F54/><W83/><G83/><T6/><D72/><U75/><E75/><V69/><F82/><W107/><G107/><T67/><D133/><U64/><E64/><AGARI ba="0,2" hai="8,9,11,42,44,51,52,53,61,64,68,86,90,94" machi="64" ten="40,2600,0" yaku="1,1,54,1,53,0" doraHai="118" doraHaiUra="27" who="3" fromWho="1" sc="250,0,240,-26,250,0,240,46" /><INIT seed="1,0,0,3,2,105" ten="250,214,250,286" oya="1" hai0="56,117,70,120,43,12,26,20,96,41,47,86,134" hai1="98,133,9,30,19,129,131,35,104,106,113,115,22" hai2="107,128,77,29,38,5,46,49,0,68,130,21,31" hai3="99,127,111,39,59,121,66,93,25,65,54,69,8"/><U79/><E133/><V71/><F107/><W63/><G121/><T1/><D1/><U3/><E106/><V101/><F101/><W45/><G111/><T124/><D70/><U2/><E79/><V28/><F38/><W64/><G127/><T76/><D117/><U91/><E91/><V108/><F108/><W116/><G116/><T67/><D124/><U90/><E90/><V95/><F95/><W13/><G25/><T72/><D72/><U97/><E98/><V55/><F21/><W94/><G99/><T18/><D96/><U51/><E51/><V24/><F24/><W32/><G32/><T83/><D120/><U132/><E132/><V88/><F77/><W58/><G69/><T15/><D134/><U14/><E97/><V84/><F68/><W78/><G78/><T23/><D47/><U114/><E104/><V4/><F71/><W81/><G81/><T102/><D102/><U109/><E109/><V103/><F103/><W135/><G135/><T85/><D85/><U10/><E35/><V110/><F110/><W44/><G59/><T61/><REACH who="0" step="1"/><D12/><REACH who="0" ten="240,214,250,286" step="2"/><U40/><E40/><V33/><F0/><N who="1" m="41" /><E30/><AGARI ba="0,1" hai="15,18,20,23,26,30,41,43,56,61,67,76,83,86" machi="30" ten="30,3900,0" yaku="1,1,7,1,8,1,53,0" doraHai="105" doraHaiUra="48" who="0" fromWho="1" sc="240,49,214,-39,250,0,286,0" /><INIT seed="2,0,0,4,0,10" ten="289,175,250,286" oya="2" hai0="119,41,79,14,31,11,33,96,91,54,69,116,126" hai1="49,34,40,112,15,21,107,103,70,78,118,0,30" hai2="35,65,60,57,50,74,55,71,114,73,130,22,7" hai3="120,44,39,97,109,16,134,13,75,106,26,43,67"/><V89/><F114/><W8/><G120/><T28/><D69/><U100/><E112/><V5/><F35/><W3/><G109/><T113/><D113/><U48/><E0/><V68/><F130/><W64/><G134/><T86/><D41/><U93/><E118/><N who="0" m="45097" /><D33/><U85/><E70/><V135/><F68/><W36/><G36/><T9/><D126/><U38/><E38/><V25/><F135/><W115/><G115/><T95/><D54/><U51/><E107/><V108/><F108/><W56/><G75/><T82/><D9/><U12/><E34/><V6/><REACH who="2" step="1"/><F89/><REACH who="2" ten="289,175,240,286" step="2"/><W123/><G123/><T131/><D131/><U37/><E100/><V32/><F32/><W83/><G3/><T59/><D59/><U4/><E103/><V63/><F63/><W18/><G56/><T66/><D66/><U27/><E4/><AGARI ba="0,1" hai="4,11,14,28,31,79,82,86,91,95,96" m="45097" machi="4" ten="30,2000,0" yaku="12,1,52,1" doraHai="10" who="0" fromWho="1" sc="289,30,175,-20,240,0,286,0" /><INIT seed="3,0,0,4,5,15" ten="319,155,240,286" oya="3" hai0="33,8,20,74,17,102,52,105,65,111,81,84,112" hai1="109,104,44,19,110,92,18,117,39,24,94,43,97" hai2="56,103,57,11,80,127,48,116,100,131,69,119,135" hai3="14,91,134,34,3,4,10,85,114,6,107,30,99"/><W95/><G114/><T16/><D111/><N who="1" m="42507" /><E117/><V45/><F69/><W1/><G134/><T118/><D33/><U25/><E104/><V70/><F70/><W36/><G36/><T86/><D118/><U51/><E39/><V7/><F135/><W75/><G75/><T37/><D65/><U121/><E121/><V55/><F127/><W54/><G6/><T23/><D8/><U21/><E97/><V68/><F68/><W9/><G9/><T60/><D37/><U122/><E122/><V64/><F131/><W72/><G72/><T79/><D105/><U13/><E25/><V12/><F116/><W22/><G34/><T115/><D102/><U96/><E96/><V61/><F119/><W26/><REACH who="3" step="1"/><G54/><REACH who="3" ten="319,155,240,276" step="2"/><T89/><D52/><U129/><E129/><V90/><F57/><W123/><G123/><T32/><D32/><U132/><E132/><V106/><F106/><W31/><G31/><T78/><D115/><U82/><E82/><V28/><F28/><W59/><G59/><T108/><D112/><U124/><E124/><V29/><F29/><W98/><G98/><T41/><D74/><U120/><E120/><V113/><F113/><W101/><AGARI ba="0,1" hai="1,3,4,10,14,22,26,30,85,91,95,99,101,107" machi="101" ten="30,6000,0" yaku="1,1,0,1,53,1" doraHai="15" doraHaiUra="2" who="3" fromWho="3" sc="319,-20,155,-20,240,-20,276,70" /><INIT seed="3,1,0,4,0,69" ten="299,135,220,346" oya="3" hai0="135,68,127,93,111,129,11,15,50,33,59,80,2" hai1="134,106,88,10,54,0,31,42,97,133,99,17,103" hai2="65,92,124,38,121,62,48,131,90,128,13,85,123" hai3="70,36,46,67,34,116,75,87,28,86,89,24,96"/><W73/><G116/><T64/><D2/><U41/><E31/><V76/><F48/><W35/><G35/><T51/><D33/><U130/><E130/><N who="2" m="49707" /><F13/><W20/><G96/><T25/><D68/><U81/><E54/><V21/><F21/><W105/><G105/><T82/><D25/><U6/><E17/><V78/><F62/><W43/><G87/><T19/><D135/><N who="1" m="51723" /><E81/><N who="2" m="49455" /><F65/><W37/><G37/><T100/><D64/><U44/><E44/><V115/><F38/><W126/><G126/><T61/><D61/><U114/><E114/><V83/><F115/><W102/><G102/><T63/><D63/><U30/><E30/><V52/><F52/><W16/><G67/><T3/><D3/><U101/><E88/><V118/><F118/><W66/><G66/><T14/><D127/><U47/><E47/><V107/><F124/><W125/><G70/><T122/><D19/><U132/><N who="1" m="51731" /><U84/><DORA hai="53" /><E84/><N who="2" m="48231" /><F78/><W7/><G7/><T71/><D71/><U60/><E60/><V117/><F117/><W56/><G125/><T98/><D51/><U77/><E77/><V120/><F92/><AGARI ba="1,0" hai="0,6,10,41,42,92,97,99,101,103,106" m="51731" machi="92" ten="40,1300,0" yaku="20,1" doraHai="69,53" who="1" fromWho="2" sc="299,0,135,16,220,-16,346,0" /><INIT seed="4,0,0,3,1,109" ten="299,151,204,346" oya="0" hai0="27,96,117,51,70,80,71,102,115,18,69,76,11" hai1="25,125,34,108,74,17,19,68,99,94,22,45,87" hai2="42,112,92,107,129,111,110,67,114,131,78,113,83" hai3="132,98,14,52,41,40,20,63,6,49,26,15,128"/><T46/><D117/><U104/><E108/><N who="2" m="41515" /><F42/><W60/><G128/><N who="2" m="49225" /><F67/><W75/><G132/><T62/><D115/><U28/><E74/><N who="2" m="43479" /><F92/><W43/><G75/><T29/><D11/><U90/><E125/><V127/><F107/><W44/><G98/><T84/><D18/><U1/><E68/><V66/><F66/><W116/><G116/><T105/><D62/><N who="3" m="23593" /><G6/><T72/><D84/><U85/><E1/><V79/><F79/><W59/><G44/><T48/><REACH who="0" step="1"/><D46/><REACH who="0" ten="289,151,204,346" step="2"/><U82/><E45/><V88/><F88/><W8/><G8/><T30/><D30/><AGARI ba="0,1" hai="14,15,20,26,30,40,41,43,49,52,59" m="23593" machi="30" ten="30,2000,0" yaku="8,1,54,1" doraHai="109" who="3" fromWho="0" sc="289,-20,151,0,204,0,346,30" /><INIT seed="5,0,0,1,2,93" ten="269,151,204,376" oya="1" hai0="132,130,116,58,29,104,1,32,57,106,95,24,120" hai1="91,125,18,27,38,103,7,68,71,135,102,48,64" hai2="0,53,11,36,15,44,113,70,117,43,115,25,55" hai3="99,33,122,26,121,56,61,78,54,50,129,111,20"/><U100/><E38/><V31/><F0/><W67/><G111/><T75/><D116/><U123/><E123/><V59/><F70/><W92/><G33/><T119/><D119/><U37/><E37/><V96/><F117/><W128/><G78/><T17/><D75/><U107/><E107/><V88/><F15/><W131/><G20/><T126/><D1/><U82/><E125/><V124/><F11/><W23/><G23/><T65/><D65/><U13/><E135/><V10/><F10/><W83/><G83/><T127/><D130/><U101/><E64/><V8/><F8/><W16/><G16/><T51/><D132/><U97/><E7/><V69/><F69/><W112/><G26/><T133/><D133/><U9/><E27/><V110/><F110/><W76/><G76/><T105/><D120/><U47/><N who="1" m="25600" /><DORA hai="42" /><U80/><E80/><V118/><F118/><W34/><G34/><T90/><D17/><U3/><E3/><V94/><F124/><N who="0" m="47658" /><D51/><U28/><E28/><V73/><F73/><W12/><G12/><T60/><D60/><U30/><E30/><V81/><F81/><W109/><G109/><T108/><D108/><U134/><E134/><V45/><F45/><N who="3" m="27983" /><G112/><N who="2" m="43081" /><F59/><W14/><G14/><T52/><D58/><U35/><E35/><AGARI ba="0,0" hai="25,31,35,36,43,44,53,55,88,94,96" m="43081" machi="35" ten="30,8000,1" yaku="15,1,11,1,52,2,54,1" doraHai="93,42" who="2" fromWho="1" sc="269,0,151,-80,204,80,376,0" /><INIT seed="6,0,0,1,2,35" ten="269,71,284,376" oya="2" hai0="10,132,106,119,94,86,33,9,23,110,16,8,78" hai1="56,71,3,51,25,57,74,5,43,84,68,34,39" hai2="70,17,98,113,75,53,83,101,80,66,50,11,122" hai3="104,107,48,59,99,22,14,41,124,7,32,116,79"/><V115/><F122/><W28/><G124/><T27/><D110/><U49/><E74/><V97/><F66/><W82/><G32/><T6/><D132/><U60/><E84/><V102/><F70/><N who="1" m="26665" /><E25/><V13/><F98/><W134/><G134/><T69/><D69/><U123/><E5/><V88/><F80/><W100/><G59/><T126/><D106/><U45/><E3/><V18/><F18/><W0/><G0/><T103/><D126/><U21/><E21/><V127/><F127/><W125/><G116/><T109/><D109/><U36/><E34/><V64/><F64/><W30/><G107/><T65/><D33/><U15/><E15/><V105/><F101/><W114/><G114/><T67/><D119/><U93/><E93/><V76/><REACH who="2" step="1"/><F88/><REACH who="2" ten="269,71,274,376" step="2"/><W31/><G82/><N who="0" m="47447" /><D6/><U52/><E123/><V72/><F72/><W62/><G7/><T121/><D121/><U37/><E51/><V12/><F12/><W90/><G90/><T73/><D73/><U24/><E24/><V58/><AGARI ba="0,1" hai="11,13,17,50,53,58,75,76,83,97,102,105,113,115" machi="58" ten="30,3000,0" yaku="1,1,0,1,53,0" doraHai="35" doraHaiUra="91" who="2" fromWho="2" sc="269,-10,71,-10,274,40,376,-10" /><INIT seed="6,1,0,1,4,90" ten="259,61,314,366" oya="2" hai0="111,84,76,40,15,89,28,35,133,134,97,46,29" hai1="78,93,98,41,20,117,121,123,23,32,128,2,65" hai2="27,118,112,125,131,86,53,31,126,0,71,122,63" hai3="13,77,55,116,132,64,37,119,33,70,51,68,42"/><V22/><F118/><W110/><G110/><T114/><D111/><U104/><E117/><V113/><F71/><W100/><G33/><T57/><D35/><U96/><E32/><V62/><F122/><W54/><G100/><T91/><D114/><N who="2" m="44138" /><F53/><W74/><G132/><T47/><D57/><U127/><E127/><N who="2" m="48651" /><F86/><W7/><G54/><T17/><D133/><U79/><E41/><V14/><F63/><N who="3" m="39967" /><G70/><T3/><D3/><U80/><E2/><V36/><F62/><W56/><G77/><T34/><D76/><U49/><E49/><V19/><F36/><W43/><G43/><T60/><D60/><U75/><E65/><V103/><F103/><W45/><G74/><T16/><D40/><U52/><E52/><V66/><F66/><W87/><G87/><T30/><D34/><U73/><E80/><V9/><F0/><W11/><AGARI ba="1,0" hai="7,11,13,37,42,45,51,55,56,116,119" m="39967" machi="11" ten="30,1100,0" yaku="24,1" doraHai="90" who="3" fromWho="3" sc="259,-4,61,-4,314,-6,366,14" /><INIT seed="7,0,0,4,3,12" ten="255,57,308,380" oya="3" hai0="113,84,133,80,92,40,121,24,57,69,110,83,0" hai1="34,118,36,16,94,1,122,45,39,9,120,22,90" hai2="114,79,28,82,95,42,55,29,132,60,3,129,106" hai3="14,38,104,56,85,35,65,87,123,15,119,125,10"/><W13/><G35/><T97/><D69/><U6/><E118/><V105/><F3/><W124/><G38/><T61/><D0/><U44/><E39/><V47/><F114/><W128/><G104/><T30/><D110/><U59/><E36/><V7/><F7/><W126/><G123/><T101/><D133/><U98/><E120/><V116/><F116/><W134/><G128/><T130/><D121/><U46/><E122/><V96/><F106/><W109/><G134/><T21/><D130/><U81/><E34/><V70/><F105/><W111/><G119/><T73/><D73/><U117/><E117/><V72/><F129/><W4/><G85/><T48/><D113/><U99/><E81/><V43/><F43/><W53/><G65/><T107/><D107/><U76/><E76/><V2/><F2/><N who="3" m="279" /><G87/><T20/><D20/><U67/><E67/><V25/><F132/><W127/><G127/><T89/><D40/><U102/><E46/><V50/><F25/><W23/><G23/><T11/><D11/><U27/><E99/><V52/><F42/><W93/><G93/><T33/><D33/><U112/><E112/><V8/><F8/><W74/><G74/><T19/><D80/><U17/><E102/><V58/><REACH who="2" step="1"/><F70/><REACH who="2" ten="255,57,298,380" step="2"/><W108/><G108/><T41/><D41/><U68/><E68/><V100/><AGARI ba="0,1" hai="28,29,47,50,52,55,58,60,72,79,82,95,96,100" machi="100" ten="20,8000,1" yaku="1,1,2,1,0,1,7,1,54,1,53,0" doraHai="12" doraHaiUra="131" who="2" fromWho="2" sc="255,-20,57,-20,298,90,380,-40" owari="235,-16.0,37,-46.0,388,48.0,340,14.0" /></mjloggm>