<mjloggm ver="2.3"><GO type="225" lobby="0"/><UN n0="%E3%81%82%E3%82%84%E3%81%BA%E3%81%9F" n1="%E5%8F%A4%E6%98%8E%E5%9C%B0%E8%A6%9A" n2="%74%2E%6F%2E%6F%2E%73" n3="%E7%AB%8B%E7%9B%B4%E5%A5%BD%E6%A3%92%40%E5%BF%98" dan="17,16,18,17" rate="2140.80,2030.45,2261.52,2249.75" sx="M,M,M,M"/><TAIKYOKU oya="0"/><INIT seed="0,0,0,2,2,70" ten="250,250,250,250" oya="0" hai0="82,45,57,102,85,89,31,6,86,101,0,126,14" hai1="94,23,56,75,62,108,59,16,71,66,124,17,25" hai2="88,21,36,73,97,125,96,19,27,115,32,51,129" hai3="121,9,81,22,116,1,40,107,79,44,42,90,52"/><T135/><D0/><U93/><E108/><V132/><F115/><W133/><G116/><T38/><D135/><U48/><E75/><V43/><F73/><W99/><G121/><T2/><D2/><U26/><E124/><V118/><F32/><W106/><G133/><T54/><D31/><U130/><E130/><V119/><F132/><W34/><G34/><T95/><D126/><U131/><E131/><V105/><F125/><W8/><G1/><T114/><D114/><U111/><E111/><V134/><F134/><W87/><G106/><T74/><D74/><U83/><E83/><V72/><F72/><W127/><G127/><T100/><D38/><U58/><REACH who="1" step="1"/><E48/><REACH who="1" ten="250,240,250,250" step="2"/><V60/><F51/><N who="3" m="28775" /><G107/><T39/><D82/><U78/><E78/><V50/><F50/><W76/><G76/><T109/><D109/><U20/><AGARI ba="0,1" hai="16,17,20,23,25,26,56,58,59,62,66,71,93,94" machi="20" ten="30,7900,0" yaku="1,1,0,1,9,1,54,1,53,0" doraHai="70" doraHaiUra="77" who="1" fromWho="1" sc="250,-39,240,89,250,-20,250,-20" /><INIT seed="1,0,0,1,0,117" ten="211,329,230,230" oya="1" hai0="39,49,40,34,100,103,98,11,20,112,74,0,22" hai1="104,47,9,2,52,113,54,56,123,30,92,76,132" hai2="66,19,88,37,131,55,105,114,61,17,122,90,44" hai3="95,87,14,99,27,84,58,109,23,80,115,5,1"/><U85/><E113/><V6/><F105/><W21/><G1/><T3/><D34/><U41/><E104/><V51/><F37/><W102/><G115/><T91/><D74/><U127/><E132/><V68/><F114/><W79/><G109/><T108/><D108/><U121/><E127/><V64/><F122/><W82/><G58/><T43/><D39/><U69/><E69/><V42/><F131/><W75/><G75/><T129/><D112/><U16/><E30/><V25/><F66/><W38/><G38/><T35/><D35/><U59/><E2/><V57/><F6/><W73/><G73/><T111/><D111/><U97/><E56/><V8/><F19/><W134/><G134/><T50/><D91/><U45/><E54/><V125/><F125/><W36/><G36/><T124/><D11/><U78/><E41/><V31/><F68/><W28/><G5/><T12/><D12/><N who="1" m="7183" /><E123/><V10/><F42/><W119/><G119/><T46/><D46/><N who="1" m="17419" /><E85/><V65/><F65/><W106/><G106/><T135/><D135/><U29/><E29/><V32/><REACH who="2" step="1"/><F8/><REACH who="2" ten="211,329,220,230" step="2"/><W86/><G28/><T110/><D110/><U89/><E121/><V120/><F120/><W24/><G79/><T60/><D124/><U70/><E70/><V26/><F26/><W96/><G24/><T101/><D129/><U94/><E94/><V118/><F118/><W33/><G27/><T128/><D128/><U71/><E71/><V81/><F81/><W77/><G80/><T62/><D43/><U107/><E107/><V13/><AGARI ba="0,1" hai="10,13,17,25,31,32,44,51,55,57,61,64,88,90" machi="13" ten="30,7900,0" yaku="1,1,0,1,54,1,53,1" doraHai="117" doraHaiUra="15" who="2" fromWho="2" sc="211,-20,329,-39,220,89,230,-20" /><INIT seed="2,0,0,2,2,11" ten="191,290,309,210" oya="2" hai0="26,16,125,112,55,22,2,91,84,135,28,15,98" hai1="132,21,17,94,19,107,0,10,6,38,79,105,76" hai2="25,27,61,88,24,134,50,108,67,35,48,31,129" hai3="83,64,102,37,47,45,14,74,41,7,122,65,120"/><V42/><F129/><W124/><G102/><T54/><D112/><U70/><E132/><V77/><F134/><W60/><G124/><T82/><D135/><U18/><E38/><V113/><F113/><W81/><G47/><T97/><D2/><U8/><E70/><V49/><F77/><W39/><G39/><T66/><D66/><U59/><E21/><V44/><F108/><W32/><G32/><T23/><D125/><U63/><E94/><V104/><F104/><W3/><G65/><T106/><D106/><U109/><E109/><V114/><F114/><W20/><G83/><T43/><D43/><U121/><E121/><V46/><F88/><W90/><G90/><T73/><D73/><U85/><E76/><V78/><F78/><N who="3" m="44247" /><G20/><T72/><D72/><U118/><E118/><V133/><F133/><W126/><G126/><T52/><AGARI ba="0,0" hai="15,16,22,23,26,28,52,54,55,82,84,91,97,98" machi="52" ten="30,8000,1" yaku="0,1,8,1,52,1,54,2" doraHai="11" who="0" fromWho="0" sc="191,80,290,-20,309,-40,210,-20" /><INIT seed="3,0,0,5,0,65" ten="271,270,269,190" oya="3" hai0="124,5,42,107,45,44,95,117,77,113,114,18,82" hai1="115,110,57,10,86,66,34,38,13,46,100,17,94" hai2="1,73,22,25,81,103,0,123,69,23,20,54,130" hai3="41,71,9,68,40,58,135,92,128,2,98,56,97"/><W21/><G21/><T116/><D107/><U132/><E115/><N who="0" m="44041" /><D5/><U62/><E110/><V48/><F130/><W36/><G128/><T60/><D95/><U83/><E34/><V119/><F119/><W105/><G105/><T78/><D78/><U112/><E112/><V120/><F103/><W67/><G135/><T91/><D91/><U87/><E132/><V7/><F25/><W43/><G36/><T84/><D45/><U118/><E118/><V79/><F69/><N who="3" m="26699" /><G92/><T131/><D131/><U122/><E122/><N who="2" m="46635" /><F7/><W35/><G35/><T51/><D18/><U63/><E63/><V8/><F8/><W108/><G9/><T59/><D117/><U47/><E38/><V74/><F74/><W15/><G2/><T24/><D24/><U72/><E72/><V127/><F0/><W104/><G104/><T3/><D3/><U76/><REACH who="1" step="1"/><E100/><REACH who="1" ten="271,260,269,190" step="2"/><V53/><F73/><W125/><G108/><T12/><D116/><U30/><E30/><V29/><F29/><W11/><G67/><T126/><D12/><U50/><E50/><V33/><F33/><W133/><G133/><T52/><AGARI ba="0,1" hai="42,44,51,52,59,60,77,82,84,124,126" m="44041" machi="52" ten="30,2000,0" yaku="11,1,54,1" doraHai="65" who="0" fromWho="0" sc="271,30,260,-5,269,-5,190,-10" owari="301,40.0,255,-14.0,264,6.0,180,-32.0" /></mjloggm>