<mjloggm ver="2.3"><GO type="185" lobby="0"/><UN n0="%E8%B5%A4%E8%A3%8F%E3%83%9B%E3%82%B7%E3%83%BC%E3%83%8E" n1="%4E%45%47%49%54%53" n2="%E3%81%A0%E3%81%83" n3="" dan="16,17,16,0" rate="2146.16,2302.77,2145.70,1500.00" sx="M,F,M,C"/><TAIKYOKU oya="0"/><INIT seed="0,0,0,5,0,91" ten="350,350,350,0" oya="0" hai0="60,33,104,102,70,39,68,109,105,69,127,37,43" hai1="88,84,97,78,38,82,2,51,120,108,74,67,86" hai2="118,98,124,75,126,81,128,95,64,54,50,125,111" hai3=""/><T99/><D33/><U36/><N who="1" m="30752" /><U66/><E2/><V59/><F111/><T135/><D109/><U112/><E108/><V132/><F118/><T113/><D113/><U49/><E112/><V80/><F75/><T106/><D135/><U55/><E74/><V3/><F3/><T46/><D127/><U90/><E78/><V65/><F132/><T79/><D79/><U110/><E110/><V93/><F128/><T1/><D1/><U47/><E97/><V130/><F130/><T71/><REACH who="0" step="1"/><D37/><REACH who="0" ten="340,350,350,0" step="2"/><U35/><E35/><V72/><F72/><T117/><D117/><U32/><E32/><V115/><F115/><T77/><D77/><U48/><E36/><V57/><F125/><T134/><D134/><U131/><E131/><V0/><F0/><T40/><D40/><U114/><E114/><V123/><N who="2" m="31520" /><V133/><F133/><T53/><D53/><U96/><E38/><V100/><F124/><T89/><D89/><U73/><E73/><V116/><F126/><T42/><D42/><U56/><E86/><V119/><F116/><T101/><D101/><U58/><E55/><V83/><F119/><T85/><D85/><U92/><E84/><V107/><F65/><AGARI ba="0,1" hai="39,43,46,60,65,68,69,70,71,99,102,104,105,106" machi="65" ten="40,12000,1" yaku="1,1,33,3,53,0" doraHai="91" doraHaiUra="87" who="0" fromWho="2" sc="340,130,350,0,350,-120,0,0" /><INIT seed="0,1,0,5,4,105" ten="470,350,230,0" oya="0" hai0="77,111,51,82,124,66,65,76,68,46,45,120,62" hai1="84,80,91,42,86,112,69,94,131,88,37,33,38" hai2="70,74,110,133,130,103,79,106,43,127,107,129,100" hai3=""/><T121/><N who="0" m="30752" /><T116/><N who="0" m="31008" /><T44/><D116/><U72/><E33/><V104/><F70/><T3/><D3/><U75/><E69/><V117/><F117/><T95/><D124/><U90/><E131/><N who="2" m="50187" /><F43/><T57/><D77/><U39/><E112/><V96/><F127/><T135/><D135/><U36/><N who="1" m="9216" /><DORA hai="71" /><U47/><REACH who="1" step="1"/><E91/><REACH who="1" ten="470,340,230,0" step="2"/><V78/><F133/><T83/><D111/><U87/><E87/><V113/><F110/><T32/><D32/><U93/><E93/><V99/><F113/><T40/><D95/><U52/><E52/><V0/><F0/><T97/><D97/><N who="2" m="37450" /><F79/><T1/><D1/><U108/><E108/><V119/><F119/><T85/><D83/><AGARI ba="1,1" hai="74,78,83,100,103,104,106,107" m="37450,50187" machi="83" ten="40,8000,1" yaku="19,1,34,2,52,1" doraHai="105,71" who="2" fromWho="0" sc="470,-82,340,0,230,92,0,0" /><INIT seed="1,0,0,5,5,124" ten="388,340,322,0" oya="1" hai0="63,75,36,72,102,80,64,93,134,121,3,78,86" hai1="122,50,130,84,32,128,103,35,83,113,60,39,38" hai2="111,61,58,79,40,1,46,132,74,98,96,116,45" hai3=""/><U52/><N who="1" m="31264" /><U131/><E113/><V107/><F116/><T127/><N who="0" m="31008" /><T68/><D3/><U135/><E135/><V0/><F111/><T92/><D134/><U87/><E60/><V120/><N who="2" m="30752" /><V126/><F126/><T125/><D36/><N who="1" m="13867" /><E103/><V95/><F132/><T47/><D47/><U70/><E70/><V43/><F107/><T123/><N who="0" m="31520" /><T73/><D92/><U91/><E87/><V81/><F98/><T108/><D108/><U69/><E69/><V41/><F1/><T99/><AGARI ba="0,0" hai="63,64,68,72,73,75,78,80,86,93,99,102,125,127" m="31520,31008" machi="99" ten="40,3900,0" yaku="0,1,52,2" doraHai="124" who="0" fromWho="0" sc="388,39,340,-26,322,-13,0,0" /><INIT seed="2,0,0,3,2,64" ten="427,314,309,0" oya="2" hai0="37,97,124,117,76,53,54,3,95,58,63,42,125" hai1="107,93,121,77,33,126,55,66,108,131,94,72,103" hai2="128,60,127,84,118,102,133,85,45,104,75,79,34" hai3=""/><V73/><F118/><T91/><D117/><U123/><N who="1" m="31008" /><U116/><N who="1" m="31520" /><U81/><E33/><V98/><F34/><T99/><D3/><U130/><E116/><V38/><F128/><N who="1" m="49193" /><E126/><V113/><F127/><T87/><D42/><U80/><E108/><V106/><F113/><T43/><D43/><U82/><E66/><V74/><F133/><T67/><D37/><U134/><E134/><V111/><F111/><T61/><D125/><U0/><E0/><V71/><F45/><T32/><D32/><U52/><E107/><V135/><F38/><T56/><D124/><U65/><E65/><V2/><F2/><T109/><D109/><U120/><N who="1" m="30752" /><U57/><E55/><V49/><F135/><T35/><D35/><U129/><N who="1" m="49201" /><U132/><DORA hai="115" /><E132/><V46/><F104/><T48/><D67/><U88/><E103/><V100/><F100/><T92/><D54/><U62/><E94/><V68/><F102/><T83/><D95/><U59/><E57/><V90/><F106/><T51/><D58/><U44/><E44/><V47/><F46/><T110/><D110/><U96/><AGARI ba="0,0" hai="52,59,62,72,77,80,81,82,88,93,96" m="30752,49201,31520,31008" machi="96" ten="40,9000,2" yaku="19,1,52,3,54,2" doraHai="64,115" who="1" fromWho="1" sc="427,-30,314,90,309,-60,0,0" /><INIT seed="4,0,0,2,1,117" ten="397,404,249,0" oya="0" hai0="0,109,45,134,88,104,42,92,107,86,35,83,102" hai1="52,81,94,119,37,95,129,122,71,72,77,110,123" hai2="101,78,66,98,132,75,68,79,64,67,62,2,76" hai3=""/><T57/><D0/><U113/><N who="1" m="31264" /><U44/><N who="1" m="31520" /><U60/><E119/><V103/><F2/><T127/><D35/><U96/><E110/><V48/><F132/><T38/><D109/><U73/><E129/><V100/><F75/><T56/><D134/><U55/><E73/><V120/><N who="2" m="30752" /><V93/><F48/><T126/><D57/><U63/><E113/><V53/><F68/><T32/><D56/><AGARI ba="0,0" hai="53,56,62,64,66,67,76,78,79,93,98,100,101,103" m="30752" machi="56" ten="40,5200,0" yaku="8,1,52,2" doraHai="117" who="2" fromWho="0" sc="397,-52,404,0,249,52,0,0" /><INIT seed="5,0,0,4,3,126" ten="345,404,301,0" oya="1" hai0="70,96,39,69,71,82,95,89,57,75,134,41,105" hai1="83,66,47,78,35,59,43,113,49,61,60,118,2" hai2="91,90,124,37,120,36,56,97,3,129,64,106,0" hai3=""/><U77/><E35/><V99/><N who="2" m="30752" /><V103/><F124/><T33/><D33/><U122/><N who="1" m="31264" /><U127/><E118/><V104/><F64/><T42/><D134/><U110/><E127/><V94/><F56/><T76/><D39/><U119/><E113/><V52/><F103/><T128/><D128/><U88/><E119/><V86/><F86/><T46/><D46/><U81/><E2/><V50/><F50/><T65/><D105/><U114/><E114/><V40/><F40/><T117/><D117/><U58/><E110/><V72/><F72/><T102/><D102/><U38/><E38/><V115/><F115/><T130/><D130/><U48/><E48/><V53/><F94/><T107/><D107/><U44/><E44/><V55/><F55/><T133/><D133/><U34/><E34/><V80/><F80/><N who="1" m="30793" /><E88/><V62/><F62/><T135/><D135/><U45/><E45/><V112/><F112/><T121/><N who="0" m="31008" /><T54/><D65/><AGARI ba="0,0" hai="43,47,49,58,59,60,61,65,66,77,78" m="30793,31264" machi="65" ten="30,2900,0" yaku="8,1,52,1" doraHai="126" who="1" fromWho="0" sc="345,-29,404,29,301,0,0,0" /><INIT seed="5,1,0,4,3,81" ten="316,433,301,0" oya="1" hai0="74,124,116,109,86,64,92,88,44,65,134,113,126" hai1="60,3,131,49,104,37,41,97,117,102,106,47,70" hai2="52,72,34,33,39,0,54,42,129,77,67,36,93" hai3=""/><U62/><E3/><V95/><F67/><T58/><D74/><U91/><E117/><V56/><F129/><T110/><D116/><U107/><E131/><V79/><F42/><T90/><D44/><U46/><E91/><V69/><F56/><T125/><D113/><U119/><E119/><V1/><F72/><T98/><D134/><U38/><E38/><V63/><F63/><T83/><REACH who="0" step="1"/><D58/><REACH who="0" ten="306,433,301,0" step="2"/><U53/><REACH who="1" step="1"/><E70/><AGARI ba="1,1" hai="0,1,33,34,36,39,52,54,69,70,77,79,93,95" machi="70" ten="25,3200,0" yaku="22,2,54,1" doraHai="81" who="2" fromWho="1" sc="306,0,433,-34,301,44,0,0" /><INIT seed="6,0,0,4,1,91" ten="306,399,345,0" oya="2" hai0="135,76,42,54,108,119,103,34,109,65,134,114,75" hai1="95,67,49,127,78,43,51,82,107,118,52,96,45" hai2="56,44,122,61,70,99,111,102,48,104,110,129,106" hai3=""/><V62/><N who="2" m="31264" /><V116/><F116/><T35/><D65/><U83/><E118/><V86/><F129/><T47/><D54/><U89/><E127/><V97/><F70/><T53/><D53/><U77/><E107/><V58/><F86/><T85/><D85/><U3/><E3/><V41/><F99/><T92/><D119/><U120/><N who="1" m="30752" /><U112/><E67/><V74/><F74/><T59/><D59/><U68/><E112/><V55/><REACH who="2" step="1"/><F106/><REACH who="2" ten="306,399,335,0" step="2"/><T69/><D69/><U105/><E68/><V46/><F46/><T128/><D128/><U1/><E105/><V32/><F32/><T40/><D47/><U64/><E1/><V60/><F60/><T33/><D114/><U94/><E45/><V123/><N who="2" m="31520" /><V115/><F115/><T84/><D84/><U100/><E96/><V66/><AGARI ba="0,1" hai="41,44,48,55,56,58,61,62,66,97,102,104,110,111" m="31520,31264" machi="66" ten="30,7800,0" yaku="1,1,0,1,52,2,53,0" doraHai="91" doraHaiUra="131" who="2" fromWho="2" sc="306,-39,399,-39,335,88,0,0" owari="267,-33.0,360,-4.0,423,37.0,0,0.0" /></mjloggm>