<mjloggm ver="2.3"><GO type="169" lobby="0"/><UN n0="%66%69%63%74%69%6F%6E" n1="%E5%B7%A1%E5%9B%9E" n2="%E3%81%97%E3%81%BE%E3%81%98%E3%82%8D%E3%81%86%32%2E%30" n3="%33%30%63%6D%33%30%63%6D" dan="16,17,17,16" rate="2029.60,2272.09,2221.98,2100.89" sx="M,M,M,M"/><TAIKYOKU oya="0"/><INIT seed="0,0,0,3,0,32" ten="250,250,250,250" oya="0" hai0="103,81,19,99,51,14,65,15,125,101,129,42,37" hai1="33,102,39,86,43,5,49,48,8,112,96,90,91" hai2="107,76,64,119,34,80,126,12,6,4,56,134,85" hai3="70,100,41,45,98,9,23,20,115,71,89,29,95"/><T77/><D129/><U105/><E33/><V57/><F134/><W92/><G115/><T53/><D125/><U30/><E30/><V22/><F126/><W82/><G82/><T127/><D127/><U111/><E112/><V93/><F107/><W104/><G104/><T109/><D65/><U79/><E111/><V2/><F34/><W74/><G74/><T62/><D62/><U10/><E10/><V87/><F2/><W135/><G135/><T38/><D103/><U123/><E123/><V3/><F3/><W26/><G20/><T75/><D42/><U67/><E67/><V60/><F119/><W66/><G9/><T68/><D15/><U84/><E39/><V0/><F0/><W117/><G117/><T118/><D68/><U59/><E59/><V54/><F87/><W61/><G92/><T55/><D55/><U116/><E116/><V35/><F35/><W110/><G89/><T83/><D83/><N who="1" m="47231" /><E86/><V13/><F93/><W128/><G110/><T120/><D120/><U113/><E49/><N who="2" m="30799" /><F12/><W130/><G71/><T25/><D25/><U21/><E113/><V16/><AGARI ba="0,0" hai="4,6,13,16,22,57,60,64,76,80,85" m="30799" machi="16" ten="30,2000,0" yaku="8,1,54,1" doraHai="32" who="2" fromWho="2" sc="250,-10,250,-5,250,20,250,-5" /><INIT seed="1,0,0,2,5,98" ten="240,245,270,245" oya="1" hai0="80,3,0,132,104,133,50,127,92,59,56,128,67" hai1="18,113,85,65,39,134,45,6,105,52,95,79,35" hai2="30,34,49,120,89,66,69,74,28,42,15,14,131" hai3="123,47,118,114,53,73,16,64,70,125,82,43,116"/><U99/><E113/><V12/><F131/><W121/><G82/><T119/><D104/><U7/><E134/><V91/><F120/><W46/><G73/><T100/><D119/><N who="3" m="45609" /><G16/><T61/><D128/><U10/><E65/><V93/><F74/><W29/><G29/><T37/><D37/><U24/><E39/><V20/><F34/><W40/><G53/><N who="0" m="32183" /><D80/><N who="1" m="47263" /><E105/><V19/><F69/><W117/><N who="3" m="45617" /><W33/><DORA hai="11" /><G33/><T88/><D127/><U106/><E106/><V75/><F66/><W94/><G125/><T87/><D100/><N who="1" m="60543" /><E35/><V36/><F36/><N who="3" m="21767" /><G94/><T1/><D1/><U26/><E18/><V21/><F75/><W9/><G9/><T63/><D0/><U107/><E107/><V71/><F71/><W122/><G114/><T58/><D3/><U86/><E86/><N who="2" m="52407" /><F91/><W31/><G31/><N who="2" m="11817" /><F19/><W25/><G64/><N who="0" m="38951" /><D133/><U27/><E10/><V109/><F109/><W112/><G112/><T4/><D132/><U13/><E6/><AGARI ba="0,0" hai="4,6,58,63,67,87,88,92" m="38951,32183" machi="6" ten="30,2000,0" yaku="8,1,54,1" doraHai="98,11" who="0" fromWho="1" sc="240,20,245,-20,270,0,245,0" /><INIT seed="2,0,0,2,5,57" ten="260,225,270,245" oya="2" hai0="14,45,56,98,34,133,35,60,128,9,65,84,101" hai1="55,89,75,78,30,99,49,97,54,104,4,27,105" hai2="10,82,124,93,109,11,130,5,90,71,47,134,1" hai3="74,117,76,79,42,7,126,37,15,18,106,96,119"/><V69/><F130/><W39/><G7/><T2/><D133/><U29/><E4/><V33/><F134/><W46/><G106/><T68/><D2/><U95/><E78/><V77/><F124/><W22/><G39/><T108/><D108/><U107/><E75/><V118/><F118/><W38/><G37/><T51/><D84/><U19/><E19/><V59/><F33/><W113/><G126/><T135/><D68/><U70/><E70/><V81/><F11/><W88/><G113/><T73/><D73/><U43/><E43/><V132/><F132/><W12/><G15/><T62/><D62/><U121/><E121/><V36/><F59/><W32/><G32/><T23/><D23/><U21/><E30/><V20/><F20/><W3/><G3/><T6/><D128/><U66/><E66/><V25/><F25/><W115/><G115/><T85/><D85/><U8/><E8/><V24/><F24/><W28/><G28/><T26/><D26/><U41/><REACH who="1" step="1"/><E99/><REACH who="1" ten="260,215,270,245" step="2"/><N who="2" m="57783" /><F109/><W92/><G74/><T13/><D135/><U91/><E91/><V116/><F71/><W86/><G76/><T58/><D9/><U103/><E103/><V127/><F69/><W131/><G131/><T50/><D6/><U114/><E114/><V100/><F100/><W17/><G17/><T129/><D129/><U40/><E40/><N who="2" m="22919" /><F127/><W52/><G52/><N who="0" m="31775" /><D101/><U83/><E83/><N who="2" m="31755" /><F77/><W125/><G125/><T61/><D98/><U0/><E0/><V64/><F64/><W102/><G79/><T53/><D61/><U44/><AGARI ba="0,1" hai="21,27,29,41,44,49,54,55,89,95,97,104,105,107" machi="44" ten="40,2700,0" yaku="1,1,0,1,53,0" doraHai="57" doraHaiUra="67" who="1" fromWho="1" sc="260,-7,215,37,270,-13,245,-7" /><INIT seed="3,0,0,5,5,124" ten="253,252,257,238" oya="3" hai0="11,84,68,22,98,56,133,128,39,12,30,113,58" hai1="112,55,3,91,115,7,52,41,99,35,92,89,132" hai2="96,77,116,24,85,118,72,28,36,73,16,59,75" hai3="109,0,49,27,25,66,79,87,32,125,51,13,127"/><W9/><G0/><T42/><D68/><U104/><E132/><V6/><F36/><W86/><G66/><T60/><D133/><U103/><E35/><V119/><F6/><W17/><G79/><T90/><D113/><U108/><E108/><V29/><F59/><W88/><G87/><T62/><D98/><U93/><E41/><V67/><F67/><W38/><G38/><T126/><D126/><N who="3" m="48137" /><G109/><T120/><D120/><U23/><E104/><V78/><F96/><W105/><G105/><T111/><D111/><U110/><E110/><V70/><F70/><W107/><G107/><T80/><D42/><U34/><E34/><V43/><F43/><W57/><G32/><T97/><D97/><U81/><E99/><V129/><F85/><W15/><G15/><T114/><D39/><U33/><E33/><V19/><F24/><N who="3" m="9291" /><G57/><T54/><D114/><U134/><E3/><V5/><F5/><W100/><G100/><T45/><D56/><U14/><E7/><V4/><F4/><W122/><G122/><T47/><D58/><U18/><E103/><V131/><F78/><W69/><G69/><T2/><D2/><U40/><E134/><V83/><F83/><AGARI ba="0,0" hai="9,13,17,49,51,83,86,88" m="9291,48137" machi="83" ten="30,2900,0" yaku="18,1,54,1" doraHai="124" who="3" fromWho="2" sc="253,0,252,0,257,-29,238,29" /><INIT seed="3,1,0,1,4,4" ten="253,252,228,267" oya="3" hai0="107,7,12,62,85,16,26,11,86,103,57,31,78" hai1="66,88,130,40,54,104,118,63,47,50,124,28,17" hai2="53,74,93,96,84,114,64,99,101,49,90,83,8" hai3="13,58,41,55,9,61,2,52,29,121,1,72,111"/><W42/><G121/><T108/><D108/><U3/><E124/><V46/><F114/><W35/><G72/><T10/><D107/><U100/><E130/><V94/><F74/><W45/><G111/><T38/><D103/><U22/><E118/><V23/><F23/><W69/><G69/><T56/><D38/><U65/><E3/><V32/><F32/><W109/><G109/><T20/><D78/><U117/><E28/><V36/><F36/><W92/><G92/><T128/><D128/><U131/><E117/><V87/><F64/><W34/><G55/><T44/><D44/><U68/><E131/><V70/><F70/><W116/><G116/><T126/><D126/><U15/><E100/><V67/><F67/><W127/><G127/><T6/><D31/><U125/><E104/><V102/><REACH who="2" step="1"/><F87/><REACH who="2" ten="253,252,218,267" step="2"/><N who="0" m="33290" /><D62/><U98/><E125/><V97/><F97/><W95/><G35/><T77/><D77/><U133/><E68/><V27/><F27/><W39/><G41/><T25/><D26/><U91/><E98/><V76/><F76/><W110/><G110/><T24/><D24/><U75/><E75/><V89/><F89/><N who="1" m="34377" /><E133/><V120/><F120/><W5/><G95/><T115/><D115/><U129/><E129/><V106/><F106/><W14/><G34/><T48/><D48/><N who="1" m="26727" /><E63/><V80/><F80/><W19/><REACH who="3" step="1"/><G29/><REACH who="3" ten="253,252,218,257" step="2"/><T71/><D71/><U135/><E135/><V0/><F0/><W59/><G59/><AGARI ba="1,2" hai="15,17,22,50,54,59,65,66" m="26727,34377" machi="59" ten="30,2000,0" yaku="8,1,54,1" doraHai="4" who="1" fromWho="3" sc="253,0,252,43,218,0,257,-23" /><INIT seed="4,0,0,0,2,79" ten="253,295,218,234" oya="0" hai0="98,54,93,74,70,13,69,106,64,81,128,135,97" hai1="92,9,63,127,45,114,4,17,32,12,26,19,110" hai2="60,52,122,30,41,133,20,111,102,36,39,28,48" hai3="104,76,0,14,47,3,105,57,53,80,108,66,78"/><T50/><D106/><U38/><E110/><V24/><F111/><W109/><G47/><T86/><D74/><U55/><E127/><V77/><F133/><W129/><G14/><T62/><D135/><U72/><E72/><V8/><F122/><W11/><G11/><T56/><D128/><U59/><E114/><V42/><F102/><W95/><G95/><T40/><D40/><U124/><E124/><V18/><F60/><W6/><G6/><T67/><D13/><U134/><E134/><V31/><F77/><W58/><G53/><T131/><D131/><U115/><E115/><V71/><F71/><W35/><G35/><T85/><D85/><U51/><E38/><V68/><F68/><W94/><G94/><T75/><D75/><U46/><E46/><V10/><F39/><W27/><G27/><T7/><D7/><U132/><E132/><V5/><F36/><W29/><G29/><T44/><D67/><U123/><E123/><V99/><F99/><W121/><G121/><T34/><D34/><U88/><E26/><V22/><F22/><W37/><G37/><T23/><D23/><U2/><E2/><V130/><F130/><W61/><G129/><T87/><D87/><N who="1" m="52255" /><E32/><V113/><F113/><W112/><G112/><T16/><D98/><U116/><E116/><V107/><F107/><W84/><G84/><T96/><D96/><U103/><E103/><V33/><F33/><W21/><G21/><T83/><D97/><U118/><E118/><V100/><F100/><W82/><G66/><AGARI ba="0,0" hai="4,9,12,17,19,45,51,55,59,63,66" m="52255" machi="66" ten="30,2000,0" yaku="8,1,54,1" doraHai="79" who="1" fromWho="3" sc="253,0,295,20,218,0,234,-20" /><INIT seed="5,0,0,0,3,56" ten="253,315,218,214" oya="1" hai0="88,127,89,96,125,40,74,131,121,61,102,53,92" hai1="35,107,120,43,100,42,45,80,41,128,71,132,94" hai2="108,93,76,98,52,126,68,69,134,59,129,50,21" hai3="119,22,57,66,25,117,37,135,106,7,97,48,82"/><U105/><E120/><V65/><F126/><N who="0" m="48138" /><D40/><U30/><E132/><V11/><F134/><W14/><G37/><T54/><D131/><U64/><E128/><V67/><F108/><W3/><G3/><T10/><D121/><U8/><E80/><V115/><F129/><W12/><G135/><T23/><D74/><U103/><E8/><V87/><F115/><W81/><G97/><T112/><D112/><U60/><E94/><V34/><F34/><W83/><G106/><T1/><D23/><U99/><E103/><V58/><F69/><W118/><G7/><N who="0" m="1391" /><D54/><U16/><E16/><V17/><F68/><W31/><REACH who="3" step="1"/><G48/><REACH who="3" ten="253,315,218,204" step="2"/><T4/><D4/><U114/><E107/><V62/><F98/><W113/><G113/><T46/><D46/><U49/><E114/><V29/><F50/><W6/><G6/><T79/><D79/><U101/><E101/><V55/><F76/><W27/><G27/><AGARI ba="0,1" hai="27,30,35,41,42,43,45,49,60,64,71,99,100,105" machi="27" ten="40,7700,0" yaku="25,2,52,1" doraHai="56" who="1" fromWho="3" sc="253,0,315,87,218,0,204,-77" /><INIT seed="5,1,0,5,4,23" ten="253,402,218,127" oya="1" hai0="134,30,72,75,121,1,33,36,92,61,12,48,10" hai1="7,116,67,76,97,133,8,24,80,90,35,66,53" hai2="108,128,132,32,83,57,106,93,58,89,99,18,87" hai3="100,120,60,131,69,114,63,113,78,124,71,27,127"/><U101/><E116/><V6/><F128/><W70/><G100/><T54/><D36/><U74/><E133/><V85/><F132/><W112/><G78/><T88/><D134/><U110/><E110/><V94/><F108/><W13/><G13/><T82/><D1/><U37/><E37/><V105/><F32/><W62/><G27/><T3/><D3/><U28/><E53/><V65/><F6/><W130/><G120/><T17/><D121/><U46/><E46/><V84/><F65/><W95/><G95/><T122/><D122/><U16/><E90/><N who="2" m="55735" /><F58/><W34/><G34/><T125/><D61/><U123/><E123/><V41/><F57/><W15/><G15/><T126/><D30/><U4/><E4/><V55/><F55/><W104/><G104/><N who="2" m="40041" /><F18/><W20/><G20/><T64/><D64/><U117/><E16/><V81/><F41/><W56/><G56/><N who="0" m="32839" /><D82/><AGARI ba="1,0" hai="81,82,83,84,85,87,89,94" m="40041,55735" machi="82" ten="30,8000,1" yaku="35,5" doraHai="23" who="2" fromWho="0" sc="253,-83,402,0,218,83,127,0" /><INIT seed="6,0,0,2,1,97" ten="170,402,301,127" oya="2" hai0="76,117,54,125,15,29,56,28,1,111,89,20,98" hai1="36,64,48,75,118,41,60,113,11,87,109,70,96" hai2="92,63,130,10,16,43,26,44,102,134,80,115,83" hai3="94,49,58,79,40,116,126,34,101,108,27,132,95"/><V131/><F115/><W17/><G108/><T67/><D111/><U68/><E109/><V100/><F92/><W104/><G116/><T0/><D76/><U7/><E118/><V42/><F63/><W84/><G126/><T122/><D122/><U8/><E75/><V72/><F134/><W106/><G132/><T78/><D78/><U71/><E11/><V93/><F93/><W120/><G120/><T32/><D67/><U37/><E113/><V91/><F91/><W81/><G95/><N who="0" m="56687" /><D32/><U135/><E87/><V119/><F119/><W59/><G106/><T73/><D73/><U105/><E48/><N who="2" m="26647" /><F43/><W66/><G104/><T57/><D1/><N who="1" m="111" /><E135/><V47/><F47/><N who="3" m="25831" /><G34/><T25/><D0/><U39/><E41/><V18/><F72/><W6/><G6/><T128/><D125/><U112/><E112/><V55/><F55/><W62/><G66/><T99/><D128/><N who="2" m="49194" /><F18/><W45/><G45/><T33/><D54/><U38/><E38/><V53/><F53/><W127/><G127/><T69/><D117/><U65/><E65/><V107/><F107/><W77/><G77/><T103/><D69/><U4/><E4/><V52/><F52/><N who="3" m="34119" /><G59/><T61/><D57/><U2/><E2/><V13/><F26/><W110/><G110/><T23/><D56/><U3/><E3/><V14/><F14/><W85/><G85/><T9/><D61/><U22/><E105/><V21/><F10/><W24/><G17/><N who="0" m="8431" /><D29/><U123/><E123/><V46/><F46/><W31/><G31/><T74/><D74/><U82/><E37/><V19/><F19/><W133/><G133/><RYUUKYOKU ba="0,0" sc="170,10,402,-30,301,10,127,10" hai0="20,23,25,28,33,99,103" hai2="13,16,21,80,83,100,102" hai3="24,27,79,81,84,94,101" /><INIT seed="6,1,0,2,5,49" ten="180,372,311,137" oya="2" hai0="23,17,86,97,1,12,54,108,126,77,135,46,61" hai1="68,47,92,39,93,64,57,103,37,109,85,52,38" hai2="35,124,101,20,76,115,116,125,78,69,13,18,88" hai3="36,22,83,128,118,48,130,81,28,122,134,56,99"/><V31/><F115/><W44/><G122/><T63/><D108/><U27/><E109/><V70/><F116/><W62/><G36/><T53/><D1/><U11/><E103/><V50/><F101/><W90/><G118/><T120/><D120/><U129/><E129/><N who="3" m="49770" /><G134/><T100/><D135/><U24/><E47/><V102/><F102/><W60/><G60/><N who="0" m="23115" /><D126/><N who="2" m="48746" /><F50/><W8/><G8/><T9/><D46/><U30/><E64/><V10/><F35/><W34/><G34/><T25/><D97/><U107/><E68/><N who="2" m="26219" /><F88/><W66/><G90/><T0/><D0/><U16/><E107/><V96/><F96/><W95/><G99/><T14/><D100/><U75/><E39/><V42/><F42/><W21/><G95/><T98/><D98/><U71/><E71/><V133/><F133/><W15/><G81/><N who="0" m="47407" /><D14/><U7/><E93/><V110/><F110/><W80/><G83/><T113/><D113/><U58/><E92/><V40/><F40/><W105/><G80/><T119/><D119/><U127/><E127/><V67/><F67/><W84/><G84/><T117/><D117/><U91/><E38/><V33/><F33/><W29/><G105/><T43/><D43/><U112/><E37/><V114/><F114/><W45/><G15/><T65/><D65/><U94/><E112/><V59/><F59/><W19/><G45/><T4/><AGARI ba="1,0" hai="4,9,12,17,23,25,53,54" m="47407,23115" machi="4" ten="30,4000,0" yaku="8,1,52,2" doraHai="49" who="0" fromWho="0" sc="180,43,372,-11,311,-21,137,-11" /><INIT seed="7,0,0,2,2,21" ten="223,361,290,126" oya="3" hai0="66,20,4,87,54,62,18,107,89,126,70,109,60" hai1="1,44,59,41,9,75,32,111,88,55,64,132,39" hai2="37,58,28,11,102,36,110,71,47,57,92,23,114" hai3="83,112,43,96,113,53,34,118,14,6,133,117,51"/><W120/><G120/><T35/><D109/><U90/><E111/><V48/><F114/><N who="3" m="44139" /><G34/><T81/><D107/><U95/><E32/><V72/><F72/><W105/><G43/><T82/><D126/><U56/><E132/><V16/><F71/><W93/><G133/><T7/><D35/><U76/><E64/><V12/><F37/><W122/><G105/><T61/><D82/><N who="1" m="45343" /><E55/><V103/><F36/><W19/><G6/><T3/><D3/><U68/><E68/><V121/><F121/><W38/><G83/><T8/><D54/><U15/><E15/><V0/><F110/><W127/><G38/><T124/><D124/><U5/><E90/><V94/><F94/><W129/><G127/><T2/><REACH who="0" step="1"/><D7/><REACH who="0" ten="213,361,290,126" step="2"/><U65/><E65/><V85/><F0/><W50/><G122/><T67/><D67/><U115/><E115/><V52/><F102/><N who="3" m="60687" /><G129/><T10/><D10/><U25/><E9/><V24/><F103/><W86/><G86/><T119/><D119/><N who="3" m="45577" /><G53/><T116/><D116/><U45/><E5/><V42/><F42/><W131/><G131/><T99/><D99/><U79/><E41/><V77/><F77/><W97/><G97/><T30/><D30/><U27/><E79/><V123/><F123/><W17/><G17/><T69/><D69/><U63/><E1/><V108/><F108/><W100/><G100/><T128/><D128/><U31/><E31/><V130/><F130/><W29/><G29/><T22/><D22/><AGARI ba="0,1" hai="14,19,22,50,51" m="45577,60687,44139" machi="22" ten="30,1500,0" yaku="15,1" doraHai="21" who="3" fromWho="0" sc="213,-15,361,0,290,0,126,25" /><INIT seed="7,1,0,0,4,80" ten="198,361,290,151" oya="3" hai0="57,93,46,67,25,64,5,133,59,24,15,21,100" hai1="135,109,81,82,6,107,27,94,114,34,28,51,4" hai2="33,73,74,32,84,126,101,123,116,113,71,127,79" hai3="91,63,110,54,7,111,118,134,58,56,97,70,36"/><W60/><G36/><T92/><D133/><U18/><E107/><V69/><F101/><W61/><G7/><T31/><D25/><U29/><E109/><N who="3" m="41482" /><G70/><N who="2" m="26633" /><F79/><W131/><G134/><T105/><D105/><U13/><E29/><V41/><F84/><W53/><G118/><T20/><D46/><U38/><E82/><V125/><F41/><W119/><G119/><T55/><D59/><N who="3" m="22569" /><G131/><T78/><D78/><U47/><E6/><V8/><F8/><W96/><G91/><T65/><D100/><U83/><E4/><V49/><F49/><W16/><G16/><N who="0" m="10271" /><D5/><U88/><E51/><AGARI ba="1,0" hai="21,24,31,51,55,57,64,65,67,92,93" m="10271" machi="51" ten="30,2000,0" yaku="8,1,54,1" doraHai="80" who="0" fromWho="1" sc="198,23,361,-23,290,0,151,0" owari="221,-18.0,338,44.0,290,9.0,151,-35.0" /></mjloggm>