<mjloggm ver="2.3"><GO type="169" lobby="0"/><UN n0="%E7%81%BC%E7%9C%BC%E3%81%AE%E3%82%A4%E3%83%83%E3%82%B3%E3%82%A6" n1="%E7%94%9F%E7%B2%8B%E3%81%AE%E7%85%BD%E3%83%A9%E3%83%BC%E2%99%AA" n2="%64%75%72%72%72%72%72" n3="%E8%87%B3%E5%AE%9D%E3%81%99%E3%81%8E" dan="16,16,16,17" rate="2156.31,2136.61,2134.46,2193.44" sx="M,M,M,M"/><TAIKYOKU oya="0"/><INIT seed="0,0,0,4,5,8" ten="250,250,250,250" oya="0" hai0="36,114,115,44,65,84,38,62,42,45,39,20,63" hai1="51,67,40,13,131,129,91,64,6,79,125,52,95" hai2="60,12,70,54,78,21,37,85,105,107,92,59,9" hai3="118,55,112,121,74,53,7,31,88,108,27,2,22"/><T48/><D84/><N who="1" m="52711" /><E40/><V90/><F37/><N who="0" m="14442" /><D20/><U58/><E79/><V5/><F70/><W15/><G22/><T72/><D72/><U132/><E132/><V82/><REACH who="2" step="1"/><F21/><REACH who="2" ten="250,250,240,250" step="2"/><W135/><G135/><T119/><D119/><U23/><E125/><V1/><F1/><W4/><G2/><T17/><D17/><N who="1" m="10671" /><E6/><V47/><F47/><W68/><G7/><T16/><D16/><U57/><E57/><V75/><AGARI ba="0,1" hai="5,9,12,54,59,60,75,78,82,85,90,92,105,107" machi="75" ten="20,12000,2" yaku="1,1,0,1,7,1,52,1,53,2" doraHai="8" doraHaiUra="102" who="2" fromWho="2" sc="250,-60,250,-30,240,130,250,-30" /><INIT seed="1,0,0,3,2,112" ten="190,220,370,220" oya="1" hai0="34,72,16,132,3,95,89,20,115,121,101,124,113" hai1="83,59,12,106,2,79,123,122,93,92,50,52,56" hai2="15,87,28,63,104,85,9,84,58,0,96,57,68" hai3="77,19,8,107,99,11,73,38,127,78,76,130,14"/><U120/><E2/><V125/><F0/><W90/><G127/><T24/><D3/><U88/><E106/><V67/><F125/><W13/><G130/><T37/><D72/><U43/><E43/><V25/><F96/><W21/><G38/><T100/><D37/><U71/><E71/><V94/><F94/><N who="3" m="56791" /><G73/><T126/><D121/><U108/><E108/><V117/><F104/><W102/><G107/><T22/><D34/><U5/><E59/><V62/><F117/><W60/><G102/><T1/><D1/><U64/><E64/><V40/><F40/><W131/><G131/><T42/><D42/><U39/><E79/><V55/><F68/><W30/><G30/><T129/><D129/><U69/><E69/><V74/><F74/><W133/><G133/><T134/><D126/><U75/><E75/><V51/><F51/><W32/><G32/><T44/><D124/><U35/><E35/><V97/><F97/><W4/><G60/><T23/><D44/><U54/><E54/><V111/><F111/><W119/><G119/><T98/><D115/><U116/><E116/><V41/><F41/><W17/><G77/><T48/><D113/><U70/><E70/><V105/><F105/><W61/><G61/><T110/><D48/><U65/><E65/><V86/><N who="2" m="21504" /><DORA hai="118" /><V114/><F114/><W66/><G66/><T31/><D110/><U47/><E39/><V135/><F135/><N who="0" m="51754" /><D31/><U45/><E92/><V27/><F28/><W29/><G29/><T91/><D101/><U109/><E109/><V128/><F128/><W82/><G82/><T7/><D7/><AGARI ba="0,0" hai="7,9,15,25,27,55,57,58,62,63,67" m="21504" machi="7" ten="50,3200,0" yaku="6,1,8,1" doraHai="112,118" who="2" fromWho="0" sc="190,-32,220,0,370,32,220,0" /><INIT seed="2,0,0,4,5,45" ten="158,220,402,220" oya="2" hai0="19,70,85,8,10,7,108,90,42,69,5,133,0" hai1="60,26,23,37,16,119,132,97,21,123,121,56,78" hai2="58,34,77,86,9,2,20,55,14,76,79,25,32" hai3="117,126,120,127,62,100,130,51,30,112,128,63,131"/><V48/><F2/><W1/><G1/><T87/><D133/><U102/><E132/><V74/><F74/><W47/><G30/><T75/><D75/><U115/><E115/><V118/><F118/><W106/><G100/><T40/><D108/><U129/><E119/><V96/><F96/><W104/><G117/><T67/><D19/><U92/><E37/><V11/><F11/><W113/><G120/><T99/><D99/><U46/><E129/><V66/><F66/><W44/><G130/><T125/><D125/><U82/><E46/><V35/><F86/><W61/><G61/><T124/><D124/><U54/><REACH who="1" step="1"/><E23/><REACH who="1" ten="158,210,402,220" step="2"/><V12/><REACH who="2" step="1"/><F9/><REACH who="2" ten="158,210,392,220" step="2"/><W83/><REACH who="3" step="1"/><G83/><REACH who="3" ten="158,210,392,210" step="2"/><T13/><D0/><U59/><E59/><V49/><F49/><AGARI ba="0,3" hai="44,47,49,51,62,63,104,106,112,113,126,127,128,131" machi="49" ten="25,16000,3" yaku="1,1,2,1,22,2,52,2,53,2" doraHai="45" doraHaiUra="57" who="3" fromWho="2" sc="158,0,210,0,392,-160,210,190" /><INIT seed="3,0,0,3,0,66" ten="158,210,232,400" oya="3" hai0="132,52,133,82,5,123,38,49,17,59,18,113,100" hai1="81,73,131,48,83,130,44,74,65,70,117,120,90" hai2="43,114,86,135,22,62,85,134,37,2,4,47,88" hai3="36,122,15,98,96,99,33,16,14,108,8,89,106"/><W56/><G122/><T125/><D38/><U57/><E120/><V1/><F114/><W124/><G124/><T68/><D123/><U94/><E57/><V87/><F22/><N who="3" m="11543" /><G106/><T50/><D125/><U102/><E102/><V63/><F88/><W101/><G33/><T19/><D5/><U31/><E31/><V45/><F4/><N who="3" m="3463" /><G36/><T26/><D100/><U80/><E117/><V7/><F7/><W129/><G101/><T9/><D9/><U60/><E48/><V119/><F119/><W118/><G118/><T30/><D50/><U61/><E61/><N who="2" m="23051" /><F43/><W72/><G72/><T75/><D75/><U115/><E115/><V112/><F112/><W13/><G129/><N who="1" m="49162" /><E44/><N who="2" m="16971" /><F37/><W104/><G104/><T3/><D3/><AGARI ba="0,0" hai="1,2,3,85,86,87,134,135" m="16971,23051" machi="3" ten="40,2600,0" yaku="28,2" doraHai="66" who="2" fromWho="0" sc="158,-26,210,0,232,26,400,0" /><INIT seed="4,0,0,3,3,99" ten="132,210,258,400" oya="0" hai0="122,51,31,29,10,121,134,95,65,102,28,33,50" hai1="67,14,53,19,37,126,1,54,17,45,70,114,98" hai2="77,9,38,6,135,96,106,116,94,11,5,22,112" hai3="3,24,56,120,88,127,58,83,55,47,105,73,111"/><T21/><D33/><U25/><E1/><V4/><F106/><W43/><G127/><T81/><D134/><U103/><E126/><V76/><F38/><W130/><G130/><T132/><D132/><U13/><E25/><V66/><F135/><W131/><G131/><T115/><D115/><U12/><E114/><V118/><F66/><W86/><G111/><T128/><D128/><U57/><E70/><V108/><F112/><W42/><G3/><T87/><D65/><U41/><E67/><V18/><F108/><W82/><G105/><T61/><D61/><U44/><E44/><V0/><F22/><W133/><G133/><T89/><D10/><N who="2" m="3594" /><F18/><W48/><G120/><T64/><D64/><U75/><E75/><V27/><F27/><W129/><G129/><T72/><D21/><U71/><E71/><V80/><F80/><W74/><G24/><T23/><D23/><U39/><E39/><V36/><F36/><W119/><G119/><N who="2" m="45609" /><F0/><W59/><REACH who="3" step="1"/><G82/><REACH who="3" ten="132,210,258,390" step="2"/><T69/><D69/><U40/><E40/><AGARI ba="0,1" hai="40,42,43,47,48,55,56,58,59,73,74,83,86,88" machi="40" ten="40,5200,0" yaku="1,1,2,1,54,1,53,0" doraHai="99" doraHaiUra="2" who="3" fromWho="1" sc="132,0,210,-52,258,0,390,62" /><INIT seed="5,0,0,1,3,5" ten="132,158,258,452" oya="1" hai0="129,51,4,102,8,3,101,125,70,99,17,54,15" hai1="24,118,0,33,83,11,131,52,23,55,81,91,45" hai2="126,115,74,121,105,62,77,71,124,96,94,79,72" hai3="133,80,7,61,59,13,43,44,2,75,29,30,65"/><U18/><E118/><V1/><F1/><W63/><G133/><T22/><D70/><U27/><E131/><V34/><F34/><W38/><G13/><T36/><D36/><U46/><E91/><V97/><F62/><W92/><G92/><T134/><D125/><N who="2" m="48234" /><F71/><W32/><G32/><T42/><D134/><U73/><E33/><V14/><F14/><W89/><G61/><T16/><D42/><U56/><E55/><V93/><F105/><W20/><G20/><T64/><D64/><U106/><E24/><V111/><F111/><W47/><G47/><T119/><D119/><U95/><E95/><N who="2" m="36363" /><F115/><W67/><G67/><T31/><D129/><U68/><E68/><V114/><F121/><W135/><G135/><T37/><D37/><U108/><E106/><V58/><F58/><W103/><G103/><T104/><D102/><U12/><E0/><V48/><F48/><W123/><G123/><T128/><D128/><U109/><E109/><V10/><F10/><N who="3" m="2423" /><G89/><T9/><D31/><N who="1" m="17919" /><E108/><V41/><F41/><W26/><G26/><T88/><D88/><U84/><E73/><N who="2" m="28267" /><F114/><W35/><G35/><T112/><D112/><U86/><E83/><V132/><F132/><W19/><G19/><T49/><D54/><U82/><E81/><V127/><F127/><W57/><G59/><T107/><D107/><U21/><E11/><V120/><F120/><W98/><G30/><T116/><D116/><U53/><E53/><V130/><F130/><W60/><G29/><T25/><AGARI ba="0,0" hai="3,4,8,9,15,16,17,22,25,49,51,99,101,104" machi="25" ten="20,8000,1" yaku="0,1,7,1,52,2,54,1" doraHai="5" who="0" fromWho="0" sc="132,80,158,-40,258,-20,452,-20" /><INIT seed="6,0,0,0,1,56" ten="212,118,238,432" oya="2" hai0="42,93,54,125,72,105,129,63,69,58,89,104,23" hai1="1,119,107,91,98,41,38,108,97,130,6,100,126" hai2="15,133,8,94,13,35,61,30,22,50,95,46,90" hai3="40,7,26,114,48,78,67,25,79,83,103,5,111"/><V68/><F35/><W101/><G114/><T24/><D72/><U34/><E91/><V131/><F131/><W32/><G67/><T74/><D74/><U82/><E82/><V9/><F133/><W37/><G37/><T81/><D81/><U21/><E98/><V66/><F30/><W45/><G111/><T116/><D116/><U77/><E77/><N who="3" m="29194" /><G83/><T57/><D69/><U128/><E21/><V71/><F71/><W36/><G36/><T0/><D0/><U4/><E4/><N who="3" m="1610" /><G32/><T44/><D58/><U135/><E97/><V31/><F95/><W29/><G29/><T110/><D125/><U28/><E28/><V12/><F22/><W11/><G11/><T122/><D110/><U106/><E41/><V16/><F15/><W20/><G20/><T18/><D129/><U115/><E128/><V120/><F120/><W55/><G40/><T27/><D27/><AGARI ba="0,0" hai="25,26,27,45,48,55,101,103" m="1610,29194" machi="27" ten="30,1000,0" yaku="8,1" doraHai="56" who="3" fromWho="0" sc="212,-10,118,0,238,0,432,10" /><INIT seed="7,0,0,3,0,41" ten="202,118,238,442" oya="3" hai0="98,84,54,34,93,6,60,16,87,38,3,44,26" hai1="56,107,52,82,92,67,104,49,109,2,96,36,65" hai2="11,134,40,12,5,126,33,117,116,53,105,133,58" hai3="71,37,17,39,127,108,48,0,90,129,131,70,20"/><W122/><G127/><T24/><D3/><U120/><E109/><V15/><F105/><W85/><G108/><T103/><D6/><U50/><E120/><V63/><F126/><W64/><G48/><N who="0" m="28935" /><D34/><U14/><E2/><V121/><F121/><W89/><G0/><T30/><D38/><N who="3" m="14345" /><G122/><T18/><D60/><U114/><E114/><V10/><F40/><W28/><G28/><T97/><D97/><U119/><E36/><V123/><F33/><W112/><G112/><T118/><D118/><U73/><E119/><V106/><F106/><W42/><G42/><T74/><D74/><U46/><E104/><V31/><F31/><W43/><G43/><T101/><D101/><U76/><E107/><V27/><F27/><N who="0" m="10282" /><D30/><U9/><E50/><V125/><F125/><W111/><G111/><T113/><D113/><U25/><E56/><V59/><F123/><W32/><G32/><T68/><D68/><N who="3" m="26153" /><G64/><T78/><D78/><U19/><REACH who="1" step="1"/><E25/><REACH who="1" ten="202,108,238,442" step="2"/><V1/><F1/><W66/><G66/><T29/><D29/><U7/><E7/><N who="2" m="3167" /><F59/><W100/><G100/><T69/><D69/><U57/><E57/><V45/><F117/><W21/><G17/><AGARI ba="0,1" hai="16,17,18,84,87,93,98,103" m="10282,28935" machi="17" ten="30,3900,0" yaku="8,1,52,1,54,1" doraHai="41" who="0" fromWho="3" sc="202,49,108,0,238,0,442,-39" owari="251,5.0,108,-39.0,238,-16.0,403,50.0" /></mjloggm>