<mjloggm ver="2.3"><GO type="169" lobby="0"/><UN n0="%E9%95%B7%E5%B2%A1" n1="%E3%81%8A%E3%81%98%E3%81%95%E3%82%93" n2="%E3%82%A4%E3%83%8E%E3%82%A6%E3%82%A8%E3%82%AB%E3%82%BA%E3%83%9E" n3="%E3%82%AD%E3%83%8E%E3%83%83%E3%82%AF%E8%80%81%E5%B8%AB" dan="16,17,17,16" rate="2082.27,2215.08,2216.51,2120.28" sx="M,M,M,M"/><TAIKYOKU oya="0"/><INIT seed="0,0,0,3,1,13" ten="250,250,250,250" oya="0" hai0="7,103,98,61,101,32,95,70,125,119,80,120,50" hai1="55,117,115,134,38,88,91,46,118,10,111,132,69" hai2="82,68,20,108,107,79,4,2,52,16,56,73,24" hai3="36,133,94,105,122,23,33,27,67,39,110,19,124"/><T104/><D119/><N who="1" m="45579" /><E69/><V109/><F68/><W123/><G105/><T76/><D120/><N who="3" m="46121" /><G110/><N who="2" m="42601" /><F107/><W135/><G124/><T71/><D125/><U83/><E111/><V59/><F59/><W30/><G67/><T47/><D32/><U49/><E38/><N who="3" m="14378" /><G94/><T14/><D61/><U31/><E31/><V40/><F40/><W87/><G87/><N who="0" m="48519" /><D104/><U84/><E115/><V1/><F4/><W126/><G126/><T41/><D103/><U37/><E37/><V15/><F24/><AGARI ba="0,0" hai="19,23,24,27,30,33,133,135" m="14378,46121" machi="24" ten="40,2600,0" yaku="13,1,52,1" doraHai="13" who="3" fromWho="2" sc="250,0,250,0,250,-26,250,26" /><INIT seed="1,0,0,1,1,88" ten="250,250,224,276" oya="1" hai0="129,97,55,27,76,50,53,12,1,67,121,127,135" hai1="106,70,13,113,7,102,83,72,115,74,9,6,73" hai2="61,21,92,117,23,2,26,80,119,93,81,66,71" hai3="35,22,28,95,87,133,16,38,25,59,134,64,31"/><U65/><E83/><N who="2" m="31819" /><F119/><W100/><BYE who="2" /><G38/><T131/><D1/><U68/><E6/><V17/><F17/><W120/><G120/><T96/><D76/><U56/><E56/><V34/><F34/><W78/><G64/><T39/><D39/><U86/><E86/><V105/><F105/><W116/><G116/><T33/><D121/><U114/><REACH who="1" step="1"/><E65/><REACH who="1" ten="250,240,224,276" step="2"/><V126/><F126/><W60/><G87/><T54/><D127/><U84/><E84/><V62/><F62/><W29/><G59/><N who="0" m="33207" /><D67/><UN n2="%E3%82%A4%E3%83%8E%E3%82%A6%E3%82%A8%E3%82%AB%E3%82%BA%E3%83%9E" /><U11/><E11/><V130/><F2/><W44/><G60/><T19/><D135/><U51/><E51/><V40/><F117/><W4/><G134/><T47/><D47/><U107/><E107/><V69/><F66/><W82/><G44/><T123/><D123/><U46/><E46/><V94/><F61/><W18/><G82/><T128/><D55/><U125/><E125/><V104/><F104/><W90/><G133/><T112/><D54/><U30/><E30/><V10/><F69/><W77/><G4/><T32/><D112/><U98/><AGARI ba="0,1" hai="7,9,13,68,70,72,73,74,98,102,106,113,114,115" machi="98" ten="40,3900,0" yaku="1,1,0,1,53,0" doraHai="88" doraHaiUra="63" who="1" fromWho="1" sc="250,-13,240,49,224,-13,276,-13" /><INIT seed="1,1,0,4,3,87" ten="237,289,211,263" oya="1" hai0="65,10,70,8,31,100,89,43,20,50,5,69,62" hai1="19,115,47,86,51,91,117,29,126,0,105,46,110" hai2="95,109,74,23,15,1,78,134,98,116,4,90,120" hai3="54,22,35,118,13,68,41,66,11,53,9,57,44"/><U37/><E115/><V102/><F116/><W103/><G118/><T75/><D75/><U60/><E117/><V39/><F39/><W58/><G35/><T128/><D128/><U123/><E123/><V125/><F120/><W36/><G103/><T121/><D100/><U56/><E0/><V112/><F112/><W34/><BYE who="2" /><G34/><UN n2="%E3%82%A4%E3%83%8E%E3%82%A6%E3%82%A8%E3%82%AB%E3%82%BA%E3%83%9E" /><T3/><D121/><U17/><E105/><V106/><F1/><W101/><G101/><T84/><D70/><U94/><E126/><V113/><F113/><W111/><G111/><T108/><D108/><U33/><E110/><V82/><F109/><W61/><G22/><T12/><D20/><U67/><E37/><V71/><F71/><W79/><G79/><T85/><D31/><U26/><REACH who="1" step="1"/><E47/><REACH who="1" ten="237,279,211,263" step="2"/><V81/><F125/><W97/><G36/><T32/><D3/><U132/><E132/><V72/><F134/><W129/><G44/><T122/><D122/><U14/><E14/><V40/><F15/><W18/><G13/><T124/><D124/><U16/><E16/><V130/><F106/><W24/><G18/><T114/><D114/><U28/><E28/><V76/><F4/><W59/><G24/><T6/><D6/><U30/><E30/><V48/><F130/><W88/><G129/><T7/><D7/><U133/><E133/><V73/><F23/><W80/><G9/><N who="0" m="4143" /><D32/><U25/><E25/><V27/><F27/><W45/><G11/><T135/><D135/><U21/><E21/><V42/><F42/><AGARI ba="1,1" hai="17,19,26,29,33,42,46,51,56,60,67,86,91,94" machi="42" ten="30,5800,0" yaku="1,1,7,1,52,1,53,0" doraHai="87" doraHaiUra="96" who="1" fromWho="2" sc="237,0,279,71,211,-61,263,0" /><INIT seed="1,2,0,5,4,74" ten="237,350,150,263" oya="1" hai0="8,43,57,118,96,92,58,53,19,23,49,126,62" hai1="124,77,47,24,2,87,15,28,108,48,61,37,5" hai2="132,65,41,56,42,25,94,90,78,63,135,88,52" hai3="11,82,55,130,17,86,109,70,64,67,9,123,89"/><U72/><E124/><V107/><F107/><W91/><G123/><T45/><D126/><U26/><E2/><V85/><F25/><W128/><G109/><T102/><D118/><U93/><E37/><V6/><F6/><W30/><G30/><T50/><D8/><N who="1" m="4495" /><E72/><V95/><F65/><W99/><G55/><T68/><D68/><U125/><E125/><V119/><F119/><W0/><G70/><T38/><REACH who="0" step="1"/><D57/><REACH who="0" ten="227,350,150,263" step="2"/><U44/><E108/><V75/><F132/><W13/><G9/><T116/><D116/><U22/><E47/><V115/><F135/><W101/><G11/><T31/><D31/><U60/><E44/><V10/><F10/><N who="3" m="6327" /><G0/><T97/><D97/><U114/><E28/><V59/><F59/><W113/><G113/><T27/><AGARI ba="2,1" hai="19,23,27,38,43,45,49,50,53,58,62,92,96,102" machi="27" ten="20,2700,0" yaku="1,1,0,1,7,1,53,0" doraHai="74" doraHaiUra="66" who="0" fromWho="0" sc="227,43,350,-15,150,-9,263,-9" /><INIT seed="2,0,0,0,5,23" ten="270,335,141,254" oya="2" hai0="41,39,42,97,13,11,126,118,59,77,54,3,48" hai1="135,35,68,74,30,24,73,1,2,122,70,43,98" hai2="134,4,88,127,104,83,89,10,47,108,18,86,93" hai3="82,22,19,75,129,110,31,65,84,50,45,101,79"/><V14/><F104/><W133/><G110/><T106/><D126/><U17/><E17/><V102/><F127/><W15/><G129/><T56/><D118/><U63/><E135/><V116/><F116/><W85/><G133/><T128/><D3/><N who="1" m="1035" /><E122/><V49/><F134/><W52/><G65/><T120/><D120/><U71/><E43/><V69/><F69/><N who="1" m="26729" /><E98/><V8/><F108/><W105/><G105/><T25/><D128/><U103/><E103/><V99/><F10/><W123/><G123/><T114/><D114/><U12/><E12/><V51/><F51/><W60/><G101/><T37/><D42/><U36/><E36/><V57/><F57/><W33/><REACH who="3" step="1"/><G60/><REACH who="3" ten="270,335,141,244" step="2"/><T55/><D106/><U46/><E46/><V20/><F102/><W125/><G125/><T28/><D37/><U131/><E131/><V119/><F119/><W76/><G76/><T21/><D77/><U87/><E87/><V6/><REACH who="2" step="1"/><F20/><REACH who="2" ten="270,335,131,244" step="2"/><W78/><G78/><T81/><D39/><U16/><E63/><V92/><F92/><W53/><G53/><AGARI ba="0,2" hai="4,6,8,14,18,47,49,53,83,86,88,89,93,99" machi="53" ten="30,18000,2" yaku="1,1,7,1,25,2,8,1,54,1,53,1" doraHai="23" doraHaiUra="80" who="2" fromWho="3" sc="270,0,335,0,131,200,244,-180" /><INIT seed="2,1,0,0,1,0" ten="270,335,331,64" oya="2" hai0="49,71,94,54,3,93,34,80,25,27,120,42,46" hai1="15,58,39,122,110,127,74,72,55,44,20,132,91" hai2="14,61,67,134,70,88,96,89,60,105,57,23,35" hai3="8,5,124,38,43,62,86,33,64,123,97,47,135"/><V133/><F35/><W29/><G123/><T24/><D120/><U119/><E122/><V59/><F70/><W17/><G124/><T128/><D128/><U79/><E119/><V63/><F63/><W26/><G135/><N who="2" m="51721" /><F105/><W18/><G86/><T112/><D112/><U121/><E121/><V65/><F96/><W21/><G97/><T16/><D71/><U36/><E127/><V106/><F106/><W99/><G99/><T41/><D34/><U9/><E132/><V7/><F23/><W95/><G95/><N who="0" m="36363" /><D3/><U90/><E20/><V78/><F78/><W118/><G118/><T85/><D16/><U126/><E79/><AGARI ba="1,0" hai="24,25,27,41,42,46,49,54,79,80,85" m="36363" machi="79" ten="30,1000,0" yaku="8,1" doraHai="0" who="0" fromWho="1" sc="270,13,335,-13,331,0,64,0" /><INIT seed="3,0,0,3,4,57" ten="283,322,331,64" oya="3" hai0="28,89,0,87,78,60,48,95,63,38,19,44,88" hai1="107,12,14,114,74,99,100,39,11,23,17,27,125" hai2="101,46,106,45,32,36,108,112,13,97,110,26,33" hai3="79,30,40,72,8,75,123,50,52,118,85,20,10"/><W34/><G123/><T76/><D0/><U83/><E114/><V117/><F112/><W61/><G118/><T2/><D2/><U84/><E39/><V127/><F117/><W121/><G121/><T129/><D129/><U133/><E133/><V29/><F127/><W90/><G34/><T122/><D38/><U47/><E125/><V22/><F33/><W94/><G75/><T54/><D28/><U6/><E47/><V49/><F36/><W51/><G72/><T1/><D1/><U21/><E74/><V58/><F58/><N who="3" m="35015" /><G79/><N who="0" m="30251" /><D122/><U132/><E132/><V96/><F96/><W4/><G4/><T43/><D43/><U82/><REACH who="1" step="1"/><E84/><REACH who="1" ten="283,312,331,64" step="2"/><V7/><F46/><N who="3" m="25927" /><G51/><T105/><D105/><U66/><E66/><V120/><F120/><W42/><G42/><T59/><D44/><U25/><E25/><AGARI ba="0,1" hai="8,10,20,25,30,85,90,94" m="25927,35015" machi="25" ten="30,5800,0" yaku="8,1,52,1,54,1" doraHai="57" who="3" fromWho="1" sc="283,0,312,-58,331,0,64,68" /><INIT seed="3,1,0,5,5,69" ten="283,254,331,132" oya="3" hai0="89,68,59,56,92,102,54,97,113,123,71,58,99" hai1="34,114,35,4,120,13,88,24,61,53,131,60,112" hai2="46,62,98,125,51,103,23,12,14,3,39,95,0" hai3="135,117,110,38,27,78,134,16,8,41,37,1,111"/><W40/><G78/><T29/><D123/><U84/><E120/><V17/><F125/><W28/><G117/><T105/><D113/><U57/><E131/><V30/><F30/><W96/><G96/><T126/><D126/><U70/><E4/><V124/><F124/><W83/><G83/><T42/><D29/><U74/><E74/><V127/><F127/><W45/><G16/><T66/><D66/><U104/><E13/><V116/><F116/><W73/><G73/><T32/><D32/><U44/><E104/><V22/><F62/><W19/><G19/><T118/><D118/><U121/><E44/><V48/><F23/><W26/><G8/><T91/><D54/><U10/><E10/><V100/><F100/><W72/><G72/><T31/><D31/><U93/><E24/><V108/><F14/><W80/><G80/><T130/><D130/><U18/><E18/><V129/><F129/><W50/><G1/><T109/><D109/><N who="3" m="41481" /><G40/><T52/><D42/><U128/><E128/><V63/><F108/><W7/><G7/><T65/><D91/><U67/><E121/><V101/><F101/><W82/><G82/><T119/><D119/><U20/><E20/><V87/><F3/><W115/><G115/><N who="1" m="44074" /><E34/><V47/><F0/><W36/><G26/><T85/><D97/><U2/><E2/><V75/><F75/><W86/><G86/><T11/><D11/><U15/><E35/><AGARI ba="1,0" hai="27,28,35,36,37,38,41,45,50,134,135" m="41481" machi="35" ten="40,12000,1" yaku="14,1,10,1,52,3" doraHai="69" who="3" fromWho="1" sc="283,0,254,-123,331,0,132,123" /><INIT seed="3,2,0,5,4,55" ten="283,131,331,255" oya="3" hai0="9,128,62,130,107,38,78,100,69,74,68,124,29" hai1="40,19,104,7,77,80,54,10,121,25,44,50,89" hai2="109,79,37,125,101,66,96,103,59,81,13,72,20" hai3="16,36,117,35,52,51,0,133,32,127,42,41,99"/><W46/><G117/><T75/><D124/><U39/><E121/><V1/><F1/><W33/><G127/><T111/><D111/><U43/><E104/><V126/><F37/><W45/><G133/><T56/><D38/><U88/><E19/><V120/><F103/><W90/><G0/><T95/><D107/><U102/><E25/><V76/><F76/><W116/><G116/><T64/><D9/><U57/><E43/><V34/><F34/><W118/><G118/><T87/><D29/><U24/><E24/><V27/><F13/><W60/><G16/><T97/><D87/><U71/><E71/><V12/><F12/><W113/><G113/><T86/><D86/><U135/><E102/><V6/><F6/><W92/><G60/><T131/><REACH who="0" step="1"/><D74/><REACH who="0" ten="273,131,331,255" step="2"/><N who="1" m="43063" /><E135/><V58/><F125/><W22/><G22/><T119/><D119/><U65/><E65/><V48/><F126/><W98/><G98/><T134/><D134/><U132/><E132/><V18/><F120/><W106/><G106/><T84/><D84/><U70/><E70/><V83/><F66/><W4/><G4/><T105/><D105/><U91/><E10/><V67/><F67/><W73/><G73/><T82/><AGARI ba="2,1" hai="56,62,64,68,69,75,78,82,95,97,100,128,130,131" machi="82" ten="40,8000,1" yaku="1,1,0,1,19,1,52,1,53,0" doraHai="55" doraHaiUra="114" who="0" fromWho="0" sc="273,96,131,-22,331,-22,255,-42" /><INIT seed="4,0,0,1,5,41" ten="369,109,309,213" oya="0" hai0="122,114,33,55,63,44,129,87,103,39,69,59,36" hai1="84,120,118,133,49,101,97,35,30,113,96,2,47" hai2="83,78,43,72,104,132,53,18,64,28,68,79,95" hai3="115,128,3,117,109,62,76,106,134,86,111,75,105"/><T124/><D33/><U102/><E118/><V10/><F104/><W61/><G86/><T6/><D6/><U14/><E2/><V116/><F116/><W26/><G117/><T25/><D25/><U81/><E120/><V24/><F132/><W98/><G26/><T37/><D103/><U130/><E133/><V1/><F79/><W51/><G134/><T21/><D21/><U110/><E110/><V92/><F43/><W13/><G13/><T85/><D122/><U126/><E35/><V32/><F64/><W5/><G5/><T65/><D114/><U50/><E30/><V88/><F68/><W58/><G58/><T90/><D129/><U56/><E130/><V74/><F74/><W67/><G67/><T22/><D124/><U60/><E14/><V34/><F34/><W123/><G115/><T15/><D22/><U7/><E50/><V19/><F95/><W77/><G3/><T9/><D44/><U91/><E7/><V131/><F131/><W127/><G127/><T119/><D119/><U125/><E113/><V89/><F89/><W12/><G128/><T121/><D121/><U48/><E48/><V57/><F10/><W100/><G123/><T107/><D107/><U46/><E126/><V80/><F1/><W73/><G106/><T66/><D69/><U94/><E49/><N who="2" m="30895" /><F83/><W16/><G105/><T45/><D90/><U11/><E11/><V42/><F42/><W23/><G109/><T0/><D0/><U135/><E125/><V40/><F40/><W38/><G111/><T27/><D9/><U108/><E108/><V17/><F17/><RYUUKYOKU ba="0,0" sc="369,-10,109,-10,309,30,213,-10" hai2="18,19,24,28,32,72,78,80,88,92" /><INIT seed="5,1,0,3,2,21" ten="359,99,339,203" oya="1" hai0="71,118,117,54,104,9,69,123,83,122,75,3,5" hai1="127,42,105,85,60,36,31,89,7,22,76,48,135" hai2="97,68,37,26,17,134,78,109,115,56,131,95,93" hai3="10,6,121,67,27,82,4,80,77,125,14,55,11"/><U86/><E105/><V38/><F68/><N who="0" m="26186" /><D54/><U96/><E36/><V70/><F70/><W32/><G125/><T59/><D59/><U2/><E127/><V102/><F109/><W57/><G121/><N who="0" m="46091" /><D104/><U44/><E135/><V64/><F134/><W62/><G77/><AGARI ba="1,0" hai="3,5,9,75,77,83,117,118" m="46091,26186" machi="77" ten="30,2000,0" yaku="13,1,23,1" doraHai="21" who="0" fromWho="3" sc="359,23,99,0,339,0,203,-23" /><INIT seed="6,0,0,5,0,118" ten="382,99,339,180" oya="2" hai0="17,94,19,2,114,46,93,32,68,4,85,51,61" hai1="90,74,119,108,59,43,18,63,113,101,38,77,75" hai2="132,26,34,60,105,55,128,89,0,133,126,123,79" hai3="97,116,15,57,36,50,131,124,56,13,48,125,84"/><V102/><F0/><W14/><G36/><T91/><D32/><U1/><E119/><V9/><F79/><W72/><G72/><T83/><D114/><U27/><E108/><V67/><F9/><W11/><G11/><T73/><D2/><U106/><E1/><V64/><F128/><W49/><G97/><T41/><D4/><U92/><E113/><V42/><F42/><W29/><G29/><T78/><D68/><U112/><E112/><V45/><F126/><W30/><G30/><T5/><D5/><U20/><E77/><V87/><F26/><W122/><G116/><T3/><D3/><U103/><E43/><V10/><F10/><W31/><G31/><T81/><D61/><U40/><E40/><V35/><F102/><W37/><G37/><T8/><D8/><U120/><E38/><V58/><F105/><W66/><G131/><T109/><D109/><U76/><E120/><V39/><F123/><W23/><G23/><T52/><D41/><U33/><E33/><N who="2" m="12299" /><F45/><W121/><G84/><T21/><D19/><U22/><E22/><V44/><F44/><W82/><G82/><T135/><D135/><N who="2" m="51786" /><F39/><W99/><G99/><T96/><D96/><N who="1" m="57367" /><E106/><V98/><F98/><W130/><G130/><T100/><D100/><N who="1" m="38475" /><E76/><V6/><F6/><W80/><G80/><AGARI ba="0,0" hai="55,58,60,64,67,80,87,89" m="51786,12299" machi="80" ten="30,1500,0" yaku="20,1" doraHai="118" who="2" fromWho="3" sc="382,0,99,0,339,15,180,-15" /><INIT seed="6,1,0,5,1,91" ten="382,99,354,165" oya="2" hai0="105,96,26,40,121,51,81,57,53,75,130,111,127" hai1="115,97,10,27,37,60,9,131,104,6,124,70,28" hai2="83,38,35,80,52,109,119,135,12,8,3,110,133" hai3="25,22,19,39,43,2,67,106,82,120,123,59,87"/><V84/><F38/><W86/><G106/><T92/><D111/><N who="2" m="42506" /><F119/><W134/><G2/><T14/><D121/><U89/><E37/><V48/><F35/><W125/><G125/><T18/><D127/><U116/><E124/><V79/><F3/><W73/><G134/><N who="2" m="51209" /><F84/><W11/><G87/><T58/><D130/><U47/><E131/><V103/><F103/><W108/><G108/><T17/><D105/><U33/><E104/><V100/><F100/><W34/><G34/><T132/><D132/><U1/><E1/><V72/><F79/><N who="3" m="44399" /><G86/><T31/><D75/><U68/><E33/><V50/><F50/><W126/><G126/><T122/><D122/><U113/><E116/><V95/><F95/><W77/><G77/><T42/><D81/><U94/><E94/><V0/><F0/><W29/><G39/><T7/><D92/><U112/><E112/><V16/><F72/><W98/><G120/><T30/><D96/><U69/><E97/><V114/><F114/><W78/><G78/><T76/><D76/><U90/><E115/><V128/><F128/><W5/><G123/><T129/><D129/><U107/><E113/><V15/><F15/><N who="3" m="5615" /><G98/><T62/><D14/><U71/><E107/><V99/><F99/><W56/><G43/><T44/><D42/><U63/><E90/><V21/><F21/><W4/><G22/><T36/><D36/><U45/><E89/><V41/><F41/><W102/><G102/><T32/><D40/><U24/><E10/><V23/><F8/><W54/><G29/><N who="0" m="10763" /><D32/><U74/><E28/><V49/><F49/><W66/><G4/><RYUUKYOKU ba="1,0" sc="382,-10,99,-10,354,30,165,-10" hai2="12,16,23,48,52,80,83" /><INIT seed="6,2,0,1,1,118" ten="372,89,384,155" oya="2" hai0="87,33,7,96,84,89,111,129,47,59,107,9,36" hai1="97,67,95,38,54,92,64,100,98,20,65,127,30" hai2="126,14,51,79,85,0,45,52,130,72,104,76,31" hai3="53,69,50,133,55,88,86,19,114,15,35,63,110"/><V124/><F0/><W109/><G35/><T71/><D111/><U70/><E127/><V16/><F104/><W12/><G133/><T73/><D71/><U82/><E38/><V27/><F72/><W26/><G114/><T37/><D33/><U128/><E128/><V102/><F102/><W61/><G26/><T132/><D73/><U122/><E70/><V135/><F130/><W119/><G119/><T3/><D129/><U39/><E39/><V74/><F74/><W58/><G69/><T42/><D132/><U108/><E108/><V48/><F135/><W40/><G40/><T17/><D36/><U23/><E122/><V105/><F105/><W83/><G12/><T115/><D115/><U62/><E82/><V41/><F31/><W75/><G75/><T125/><D125/><N who="2" m="48234" /><F85/><W49/><G110/><T101/><D89/><U32/><E32/><V131/><F27/><W10/><REACH who="3" step="1"/><G109/><REACH who="3" ten="372,89,384,145" step="2"/><T81/><D3/><U91/><REACH who="1" step="1"/><E30/><REACH who="1" ten="372,79,384,145" step="2"/><V2/><F2/><W121/><G121/><T77/><D37/><U57/><AGARI ba="2,2" hai="20,23,54,57,62,64,65,67,91,92,95,97,98,100" machi="57" ten="30,7900,0" yaku="1,1,2,1,0,1,8,1,53,0" doraHai="118" doraHaiUra="44" who="1" fromWho="1" sc="372,-22,79,105,384,-41,145,-22" /><INIT seed="7,0,0,0,0,50" ten="350,184,343,123" oya="3" hai0="133,9,115,116,127,85,118,29,13,31,113,65,71" hai1="46,84,24,88,33,103,19,18,72,21,8,0,51" hai2="79,70,78,93,111,25,36,91,49,41,42,3,10" hai3="43,123,4,126,16,17,122,59,44,15,131,80,45"/><W86/><G126/><T34/><D127/><U60/><E72/><V63/><F111/><W104/><G104/><T135/><D85/><U94/><E33/><V101/><F101/><W130/><G4/><N who="0" m="3239" /><D65/><U30/><E103/><V26/><F36/><W37/><G44/><T114/><D71/><U92/><E0/><V54/><F70/><W96/><G96/><T119/><D34/><U124/><E124/><V55/><F3/><W73/><G73/><T28/><AGARI ba="0,0" hai="28,29,31,113,114,115,116,118,119,133,135" m="3239" machi="28" ten="50,12000,2" yaku="29,2,15,1,11,1,34,2" doraHai="50" who="0" fromWho="0" sc="350,120,184,-30,343,-30,123,-60" owari="470,58.0,154,-25.0,313,11.0,63,-44.0" /></mjloggm>