<mjloggm ver="2.3"><GO type="225" lobby="0"/><UN n0="%E5%A4%A7%E8%94%B5%E9%81%8A%E6%98%9F" n1="%6C%69%62%72%61%72%79" n2="%69%70%73%E6%88%A6%E5%A3%AB" n3="%E3%81%AA%E3%82%81%E3%81%93%E9%9B%80%E5%A3%AB" dan="16,16,16,18" rate="2132.06,2041.61,2132.16,2199.50" sx="F,M,M,M"/><TAIKYOKU oya="0"/><INIT seed="0,0,0,3,1,119" ten="250,250,250,250" oya="0" hai0="19,66,65,111,83,62,107,63,113,7,80,124,127" hai1="73,123,28,82,4,110,131,102,45,115,52,105,14" hai2="122,72,15,8,26,103,33,132,89,58,16,34,25" hai3="9,135,44,0,53,106,30,67,43,37,129,79,20"/><T84/><D107/><U49/><E110/><V64/><F72/><W99/><G135/><T47/><D7/><U71/><E71/><V38/><F103/><W100/><G67/><T126/><D111/><U130/><E115/><V125/><F38/><W13/><G129/><T35/><D35/><N who="2" m="13322" /><F89/><W112/><G112/><T87/><D47/><U31/><E123/><V86/><F86/><N who="0" m="32810" /><D19/><U90/><E102/><V101/><F58/><W60/><G79/><T128/><D113/><U133/><E105/><V57/><F57/><W5/><G60/><N who="0" m="23083" /><D128/><N who="1" m="49195" /><E133/><V41/><F101/><W46/><G46/><T18/><D18/><U29/><E90/><V121/><F41/><W36/><G53/><T59/><D59/><U6/><E14/><V3/><F64/><AGARI ba="0,0" hai="64,65,66,80,83,124,126,127" m="23083,32810" machi="64" ten="40,7700,0" yaku="28,2,18,1" doraHai="119" who="0" fromWho="2" sc="250,77,250,0,250,-77,250,0" /><INIT seed="0,1,0,4,1,32" ten="327,250,173,250" oya="0" hai0="66,76,45,41,62,38,24,78,109,46,135,73,99" hai1="85,37,70,33,51,134,44,53,116,93,106,112,118" hai2="103,11,28,61,17,92,113,68,133,15,122,19,114" hai3="67,3,87,29,4,120,110,31,128,16,91,21,35"/><T40/><D135/><U58/><E106/><V50/><F122/><W82/><G120/><T111/><D24/><U95/><E33/><V75/><F75/><W98/><G35/><T79/><D99/><U30/><E30/><V115/><F133/><W36/><G36/><T56/><REACH who="0" step="1"/><D73/><REACH who="0" ten="317,250,173,250" step="2"/><U71/><E134/><V104/><F115/><W108/><G98/><T54/><D54/><U27/><E53/><V86/><F114/><W23/><G128/><T10/><D10/><U39/><E112/><V14/><F113/><W90/><G67/><T0/><D0/><U119/><E119/><V102/><F11/><N who="3" m="2463" /><G23/><T125/><D125/><U5/><E116/><V22/><F22/><W64/><G64/><T43/><D43/><U34/><E118/><V1/><F1/><W74/><G74/><T77/><N who="0" m="19456" /><DORA hai="60" /><T65/><D65/><U6/><E34/><V59/><F28/><W8/><G8/><T63/><D63/><U84/><E27/><V123/><F61/><W129/><G129/><T9/><D9/><U127/><E127/><V130/><F123/><W83/><G31/><T117/><D117/><U42/><E42/><V88/><F130/><W131/><G131/><T124/><D124/><U94/><E5/><V101/><F15/><W48/><G29/><T96/><D96/><U89/><E6/><V69/><F14/><W126/><G126/><T105/><D105/><U72/><E72/><V12/><F104/><W121/><G121/><T80/><D80/><U26/><E26/><V100/><N who="2" m="25600" /><DORA hai="57" /><V107/><F107/><W20/><G20/><T7/><D7/><RYUUKYOKU ba="1,1" sc="317,30,250,-10,173,-10,250,-10" hai0="38,40,41,45,46,56,62,66,109,111" /><INIT seed="0,2,1,0,2,111" ten="347,240,163,240" oya="0" hai0="55,98,113,67,24,131,21,99,66,116,133,48,43" hai1="6,31,44,106,72,17,112,41,85,115,89,103,114" hai2="82,94,121,47,92,95,42,75,129,109,11,22,62" hai3="132,127,39,123,12,36,25,65,135,61,78,63,15"/><T100/><D116/><U5/><E72/><V54/><F121/><W10/><G123/><T68/><D131/><U77/><E77/><V105/><F129/><W73/><G127/><T35/><D35/><U26/><E17/><V38/><F109/><W28/><G78/><T8/><D43/><U34/><E103/><V107/><F22/><W87/><G87/><T86/><D98/><U53/><E53/><V130/><F130/><W14/><G73/><T18/><D68/><U46/><E106/><V120/><F120/><W52/><G10/><T76/><D113/><U2/><E2/><V51/><F62/><N who="3" m="23563" /><G52/><T128/><D128/><U101/><E101/><V126/><F126/><W60/><N who="3" m="23571" /><W49/><DORA hai="59" /><G49/><T19/><D86/><U27/><E27/><V7/><F82/><W57/><G57/><T23/><D8/><U3/><E3/><V88/><F75/><W91/><G91/><T79/><D79/><U56/><E56/><V71/><F71/><W64/><G25/><T37/><D76/><U104/><E104/><V80/><F80/><W134/><G28/><T74/><D74/><U125/><E125/><V81/><F81/><W50/><G50/><T97/><D37/><AGARI ba="2,1" hai="12,14,15,36,37,39,64,65,132,134,135" m="23571" machi="37" ten="50,12000,2" yaku="28,2,20,1,52,4" doraHai="111,59" who="3" fromWho="0" sc="347,-126,240,0,163,0,240,136" /><INIT seed="1,0,0,4,4,59" ten="221,240,163,376" oya="1" hai0="67,46,74,133,62,109,65,33,7,4,78,90,123" hai1="60,21,11,81,19,97,89,6,36,121,115,18,91" hai2="61,107,73,37,131,38,15,100,41,114,12,87,77" hai3="25,66,126,110,108,128,45,68,94,132,8,86,58"/><U53/><E115/><V5/><F114/><W27/><G68/><T26/><D74/><U1/><E121/><V101/><F131/><W30/><G128/><T118/><D78/><U2/><E36/><V47/><F37/><W111/><G132/><T71/><D133/><U125/><E125/><V17/><F73/><W56/><G126/><T9/><D7/><U76/><E1/><V23/><F107/><W84/><G45/><T113/><D113/><U57/><E97/><V104/><F104/><W49/><G58/><T134/><D134/><U122/><E122/><V35/><F35/><W24/><G8/><T117/><D123/><U63/><E63/><V44/><F44/><W95/><G30/><T127/><D127/><U119/><E119/><V20/><F61/><N who="3" m="38183" /><G49/><T31/><D109/><U88/><REACH who="1" step="1"/><E21/><REACH who="1" ten="221,230,163,376" step="2"/><V93/><F23/><W48/><G48/><T92/><D67/><U51/><E51/><V102/><F38/><W3/><G3/><T112/><D112/><U85/><AGARI ba="0,1" hai="2,6,11,18,19,53,57,60,76,81,85,88,89,91" machi="85" ten="30,11700,0" yaku="1,1,0,1,52,1,54,1,53,0" doraHai="59" doraHaiUra="39" who="1" fromWho="1" sc="221,-39,230,127,163,-39,376,-39" /><INIT seed="1,1,0,0,3,17" ten="182,357,124,337" oya="1" hai0="86,72,92,66,134,29,60,63,114,1,67,124,135" hai1="24,42,51,78,87,90,88,23,131,7,57,113,25" hai2="6,76,130,0,12,91,27,117,105,4,71,85,30" hai3="69,133,128,22,89,96,53,80,46,75,26,5,82"/><U61/><E113/><V132/><F117/><W68/><G128/><T62/><D72/><U3/><E131/><V97/><F130/><W83/><G5/><T100/><D1/><U107/><E107/><V102/><F132/><W103/><G133/><T109/><D67/><U15/><E3/><V35/><F76/><W13/><G13/><T19/><D19/><N who="1" m="10751" /><E7/><V59/><F0/><W77/><G53/><T121/><D92/><N who="1" m="54303" /><E78/><V119/><F119/><W123/><G123/><T39/><D39/><U14/><E14/><V44/><F44/><W73/><G46/><T54/><D121/><U48/><E90/><V10/><F59/><W43/><G89/><T40/><D114/><U118/><E118/><V36/><F36/><W125/><G77/><T126/><D135/><U93/><E93/><V65/><F12/><W112/><G112/><T81/><D134/><U2/><E2/><V56/><F56/><W11/><G73/><T108/><D81/><U79/><E79/><V55/><F55/><W127/><G75/><T34/><D54/><N who="1" m="33975" /><E42/><V38/><F38/><W129/><G43/><T104/><D40/><U58/><E58/><V37/><F37/><W111/><G129/><T98/><D104/><U94/><E94/><N who="2" m="54639" /><F10/><W20/><G11/><T70/><D34/><U49/><AGARI ba="1,0" hai="24,25,48,49,51" m="33975,54303,10751" machi="49" ten="30,6000,0" yaku="8,1,52,1,54,1" doraHai="17" who="1" fromWho="1" sc="182,-21,357,63,124,-21,337,-21" /><INIT seed="1,2,0,4,3,91" ten="161,420,103,316" oya="1" hai0="44,8,60,96,117,38,83,28,24,70,69,51,33" hai1="132,90,112,11,102,89,41,134,131,108,40,114,104" hai2="58,63,30,47,35,55,126,3,61,73,45,80,135" hai3="68,95,122,76,85,0,71,72,7,75,56,77,74"/><U14/><E131/><V113/><F3/><W57/><G122/><T27/><D38/><U125/><E125/><V66/><F35/><W4/><G0/><T111/><D117/><U106/><E14/><V129/><F30/><W98/><G85/><T5/><D111/><U6/><E11/><V18/><F18/><W110/><G110/><T87/><D27/><U25/><E25/><V59/><F73/><W115/><G115/><T37/><D37/><U107/><E107/><V52/><F80/><W23/><G23/><T100/><D60/><U105/><E105/><V119/><F119/><W88/><G57/><T17/><D17/><U43/><E43/><V53/><F126/><W20/><G56/><T13/><D87/><U118/><E102/><V50/><F129/><W78/><REACH who="3" step="1"/><G20/><REACH who="3" ten="161,420,103,306" step="2"/><T67/><D83/><U12/><E108/><V29/><F29/><W92/><G92/><T19/><D69/><AGARI ba="2,1" hai="4,7,68,69,71,72,74,75,76,77,78,88,95,98" machi="69" ten="50,6400,0" yaku="1,1,52,1,54,1,53,0" doraHai="91" doraHaiUra="48" who="3" fromWho="0" sc="161,-70,420,0,103,0,306,80" /><INIT seed="2,0,0,4,1,16" ten="91,420,103,386" oya="2" hai0="51,27,93,102,98,132,2,23,97,35,13,11,55" hai1="92,70,22,40,28,67,7,31,47,110,90,106,73" hai2="94,42,83,43,76,50,14,41,122,8,19,77,62" hai3="49,34,66,36,117,57,111,78,39,52,37,29,4"/><V17/><F122/><W69/><G117/><T80/><D132/><U99/><E73/><V20/><F62/><W74/><G4/><T121/><D121/><U85/><E110/><V46/><F94/><W101/><G101/><T0/><D35/><U38/><E7/><V129/><F129/><W58/><G78/><T113/><D113/><U65/><E70/><V109/><F109/><W81/><G81/><T108/><D108/><U82/><E106/><V88/><F88/><W44/><G29/><T127/><D127/><U95/><E95/><V75/><REACH who="2" step="1"/><F76/><REACH who="2" ten="91,420,93,386" step="2"/><W72/><G111/><T123/><D123/><U134/><E92/><V48/><F48/><W9/><G49/><T84/><D98/><U5/><E99/><V71/><F71/><W104/><G69/><T87/><D80/><U114/><E90/><V32/><F32/><W3/><G34/><T54/><D87/><U30/><E85/><V128/><F128/><W96/><G39/><T125/><D84/><U60/><E38/><V100/><F100/><W86/><G86/><T63/><D125/><U6/><E82/><V130/><F130/><W45/><G37/><T68/><D68/><U1/><E60/><V24/><AGARI ba="0,1" hai="8,14,17,19,20,24,41,42,43,46,50,75,77,83" machi="24" ten="20,7800,0" yaku="1,1,0,1,7,1,52,1,53,0" doraHai="16" doraHaiUra="133" who="2" fromWho="2" sc="91,-26,420,-26,93,88,386,-26" /><INIT seed="2,1,0,4,0,128" ten="65,394,181,360" oya="2" hai0="70,60,95,2,134,76,58,129,114,24,53,85,74" hai1="22,4,87,39,51,120,113,67,73,126,127,63,33" hai2="26,66,47,88,75,32,14,64,37,86,98,109,29" hai3="34,118,17,13,107,108,121,21,10,89,35,65,92"/><V43/><F75/><W124/><G107/><T80/><D129/><U111/><E39/><V19/><F98/><W110/><G118/><T31/><D2/><U82/><E33/><V132/><F132/><W100/><G100/><T56/><D114/><U49/><E73/><V71/><F71/><W28/><G65/><T38/><D38/><U48/><E113/><V0/><F0/><W106/><G106/><T45/><D70/><U25/><E4/><V12/><F109/><N who="3" m="42091" /><G124/><N who="1" m="47658" /><E120/><V23/><REACH who="2" step="1"/><F12/><REACH who="2" ten="65,394,171,360" step="2"/><W77/><G121/><T27/><D134/><U83/><E111/><V97/><F97/><N who="3" m="57487" /><G77/><T6/><D76/><U41/><E87/><V91/><F91/><W119/><G119/><T62/><D85/><U55/><E41/><V81/><AGARI ba="1,1" hai="14,19,23,26,29,32,37,43,47,64,66,81,86,88" machi="81" ten="20,7800,0" yaku="1,1,0,1,7,1,54,1,53,0" doraHai="128" doraHaiUra="117" who="2" fromWho="2" sc="65,-27,394,-27,171,91,360,-27" /><INIT seed="2,2,0,4,5,112" ten="38,367,262,333" oya="2" hai0="49,128,57,99,11,132,69,79,16,6,114,56,72" hai1="19,100,85,113,65,51,122,95,83,86,118,92,130" hai2="123,40,46,89,32,90,93,29,7,94,1,131,73" hai3="41,52,77,3,64,43,24,37,4,125,116,108,39"/><V18/><F123/><W84/><G64/><T44/><D69/><U127/><E113/><V50/><F73/><W124/><G24/><T109/><D114/><U74/><E118/><V13/><F131/><W15/><G3/><T104/><D128/><U22/><E130/><V71/><F71/><W87/><G108/><T80/><D109/><U91/><E65/><V129/><F129/><W62/><G116/><T60/><D132/><U97/><E127/><N who="3" m="48714" /><G15/><T14/><D104/><U76/><E122/><V101/><F1/><W61/><G4/><T135/><D135/><U28/><E51/><V12/><F7/><W105/><G105/><T27/><D99/><U67/><E67/><V53/><F101/><W120/><G120/><T82/><D82/><U134/><E134/><V48/><F29/><W26/><G26/><T66/><D57/><U102/><E28/><V5/><F5/><W88/><G77/><T20/><REACH who="0" step="1"/><D49/><REACH who="0" ten="28,367,262,333" step="2"/><U23/><E97/><N who="2" m="57519" /><F32/><W9/><G37/><T115/><D115/><U117/><E83/><V42/><F50/><W33/><G39/><T25/><D25/><U2/><E117/><V10/><F13/><W121/><G33/><T58/><D58/><U35/><E35/><V34/><F34/><W30/><G121/><T106/><D106/><U78/><E2/><V36/><F36/><W59/><G59/><T21/><D21/><U75/><E23/><V98/><AGARI ba="2,1" hai="10,12,18,40,42,46,48,53,90,94,98" m="57519" machi="98" ten="30,1500,0" yaku="8,1" doraHai="112" who="2" fromWho="2" sc="28,-7,367,-7,262,31,333,-7" /><INIT seed="2,3,0,4,1,16" ten="21,360,293,326" oya="2" hai0="30,43,33,109,12,61,96,51,75,101,69,27,95" hai1="38,76,122,67,62,57,21,15,9,129,133,102,80" hai2="6,78,98,32,7,119,45,53,28,37,46,4,84" hai3="89,18,35,48,105,55,59,121,123,120,85,20,74"/><V54/><F119/><W25/><G74/><T52/><D109/><U36/><E129/><V66/><F66/><W2/><G105/><T82/><D43/><U56/><E133/><V77/><F98/><W1/><REACH who="3" step="1"/><G35/><REACH who="3" ten="21,360,293,316" step="2"/><T13/><D75/><U79/><E122/><V132/><F132/><W91/><G91/><T94/><D82/><AGARI ba="3,1" hai="1,2,18,20,25,48,55,59,82,85,89,120,121,123" machi="82" ten="40,2600,0" yaku="1,1,52,1,53,0" doraHai="16" doraHaiUra="92" who="3" fromWho="0" sc="21,-35,360,0,293,0,316,45" owari="-14,-51.0,360,16.0,293,-11.0,361,46.0" /></mjloggm>