<mjloggm ver="2.3"><GO type="185" lobby="0"/><UN n0="%4E%45%4C%46" n1="%E3%81%91%E3%82%93%E3%81%97%E3%82%8D%E3%83%BC%E3%83%BC%E3%82%8D" n2="%E9%80%9F%E8%A6%8B%E5%B9%B8%E4%B8%80" n3="" dan="16,16,17,0" rate="2199.63,2047.76,2045.52,1500.00" sx="F,M,M,C"/><TAIKYOKU oya="0"/><INIT seed="0,0,0,2,2,92" ten="350,350,350,0" oya="0" hai0="82,115,33,119,42,89,53,50,51,126,118,43,58" hai1="67,48,77,83,39,133,123,114,97,135,117,34,110" hai2="109,68,84,125,107,131,37,52,62,1,134,99,96" hai3=""/><T95/><D33/><U102/><N who="1" m="31520" /><U112/><E117/><V93/><F1/><T88/><D126/><U80/><E110/><V44/><F109/><T120/><N who="0" m="30752" /><T49/><D115/><N who="1" m="44075" /><E39/><V60/><F134/><N who="1" m="51209" /><E34/><V40/><F125/><T129/><D129/><U35/><E35/><V38/><F38/><T101/><D101/><U113/><E113/><V105/><F131/><T121/><N who="0" m="31008" /><T128/><D128/><U2/><E2/><V64/><F107/><T91/><D95/><U104/><E67/><V72/><F105/><T87/><D118/><U76/><E48/><N who="0" m="18537" /><D119/><U75/><E75/><V71/><F72/><T108/><D108/><U116/><E116/><V47/><F71/><T81/><D81/><AGARI ba="0,0" hai="76,77,80,81,83,97,102,104" m="51209,44075,31520" machi="81" ten="30,12000,2" yaku="11,1,20,1,34,2,52,2" doraHai="92" who="1" fromWho="0" sc="350,-120,350,120,350,0,0,0" /><INIT seed="1,0,0,0,2,103" ten="230,470,350,0" oya="1" hai0="32,50,47,45,76,60,74,40,121,77,123,108,112" hai1="34,109,111,82,97,99,133,122,75,101,68,91,114" hai2="33,87,107,73,0,44,113,116,94,134,64,130,132" hai3=""/><U135/><N who="1" m="31264" /><U85/><E34/><V98/><F116/><T126/><N who="0" m="31008" /><T65/><N who="0" m="31520" /><T88/><D32/><U127/><E127/><V131/><F73/><T81/><D126/><U100/><E114/><V93/><F0/><T37/><D112/><U125/><E125/><V90/><F64/><T57/><D108/><N who="1" m="41547" /><E68/><V128/><F44/><T106/><D106/><U52/><E52/><V117/><F113/><T104/><D104/><U72/><E97/><V92/><F33/><T3/><D3/><U83/><E101/><V80/><F117/><T63/><D63/><U62/><E62/><V78/><F107/><T84/><REACH who="0" step="1"/><D74/><REACH who="0" ten="220,470,350,0" step="2"/><N who="1" m="28203" /><E82/><V41/><REACH who="2" step="1"/><F41/><AGARI ba="0,1" hai="37,40,41,45,47,50,57,60,65,76,77,81,84,88" m="31520,31008" machi="41" ten="30,12000,2" yaku="1,1,7,1,52,2,54,1,53,2" doraHai="103" doraHaiUra="39" who="0" fromWho="2" sc="220,130,470,0,350,-120,0,0" /><INIT seed="2,0,0,3,2,98" ten="350,470,230,0" oya="2" hai0="111,43,50,110,65,72,97,120,49,105,53,38,57" hai1="95,104,51,85,102,122,69,86,128,123,45,82,99" hai2="67,79,96,2,52,3,34,100,35,134,59,103,108" hai3=""/><V1/><F134/><T74/><N who="0" m="30752" /><T131/><D131/><U80/><N who="1" m="31264" /><U92/><N who="1" m="31520" /><U68/><E128/><V33/><F67/><T116/><D116/><U93/><E82/><V91/><F108/><N who="0" m="41514" /><D38/><U121/><N who="1" m="31008" /><U64/><E64/><V114/><F114/><T119/><D119/><U129/><E129/><V71/><F71/><T77/><D77/><U76/><REACH who="1" step="1"/><E85/><REACH who="1" ten="350,460,230,0" step="2"/><V46/><F79/><T115/><D65/><U127/><E127/><V44/><F91/><T75/><D115/><U107/><E107/><V54/><F96/><T63/><D105/><U117/><E117/><V37/><F37/><T70/><D97/><U113/><E113/><V66/><F66/><T109/><D109/><U133/><E133/><V55/><REACH who="2" step="1"/><F59/><REACH who="2" ten="350,460,220,0" step="2"/><T135/><D135/><U132/><E132/><V47/><AGARI ba="0,2" hai="1,2,3,33,34,35,44,46,47,52,54,55,100,103" machi="47" ten="50,32000,5" yakuman="40" doraHai="98" doraHaiUra="42" who="2" fromWho="2" sc="350,-160,460,-160,220,340,0,0" /><INIT seed="2,1,0,0,2,112" ten="190,300,560,0" oya="2" hai0="84,63,73,95,61,119,100,117,78,38,45,121,68" hai1="115,118,46,59,37,75,65,123,88,32,76,64,126" hai2="91,53,54,96,130,101,114,58,2,62,51,107,90" hai3=""/><V49/><F2/><T47/><N who="0" m="31008" /><T83/><D47/><U33/><N who="1" m="31520" /><U113/><E118/><V135/><F114/><T97/><D68/><U66/><E126/><V77/><F135/><T98/><D73/><U133/><E133/><V125/><F125/><T127/><D127/><U48/><E37/><V44/><F130/><T134/><D134/><U34/><E59/><V43/><F77/><T111/><D111/><U42/><REACH who="1" step="1"/><E88/><REACH who="1" ten="190,290,560,0" step="2"/><V67/><F54/><T102/><D38/><U103/><E103/><V122/><N who="2" m="31264" /><V105/><REACH who="2" step="1"/><F107/><REACH who="2" ten="190,290,550,0" step="2"/><T92/><D45/><AGARI ba="1,2" hai="43,44,45,49,51,53,58,62,67,90,91,96,101,105" m="31264" machi="45" ten="30,11600,0" yaku="1,1,2,1,7,1,52,1,53,0" doraHai="112" doraHaiUra="109" who="2" fromWho="0" sc="190,-118,290,0,550,138,0,0" /><INIT seed="2,2,0,4,2,68" ten="72,290,688,0" oya="2" hai0="3,99,104,103,32,34,91,115,88,129,110,64,81" hai1="127,43,122,0,124,119,116,72,58,108,33,85,2" hai2="111,84,38,60,52,114,75,126,41,53,54,94,82" hai3=""/><V101/><F114/><T92/><D3/><N who="1" m="1067" /><E33/><V128/><F128/><T86/><D115/><U131/><N who="1" m="31264" /><U55/><E72/><V120/><N who="2" m="30752" /><V135/><F135/><T118/><D129/><U125/><E131/><V95/><F75/><T132/><D132/><U35/><E35/><V49/><F60/><T39/><D64/><U77/><E43/><V133/><F49/><T50/><D39/><U44/><E44/><V78/><F41/><T74/><D50/><U80/><E108/><V121/><F38/><T46/><D110/><U134/><E134/><V112/><F112/><T113/><D113/><U97/><E97/><V98/><F98/><T90/><D46/><U65/><E65/><V102/><F133/><T100/><D32/><U89/><E77/><V69/><F78/><T130/><D34/><U1/><N who="1" m="1075" /><U123/><N who="1" m="31520" /><DORA hai="42" /><U106/><E106/><V56/><F111/><T45/><D130/><U73/><E73/><V117/><F121/><T37/><D37/><U71/><E71/><V67/><F69/><T105/><D45/><U47/><E47/><V59/><F67/><T96/><D118/><U40/><E40/><V51/><F117/><T61/><D61/><AGARI ba="2,0" hai="55,58,61,80,85,89,116,119,124,125,127" m="31520,31264,1075" machi="61" ten="50,6400,0" yaku="18,1,52,2" doraHai="68,42" who="1" fromWho="0" sc="72,-68,290,68,688,0,0,0" /><INIT seed="4,0,0,5,0,108" ten="4,358,688,0" oya="0" hai0="91,52,123,130,97,88,79,87,126,71,58,32,115" hai1="76,0,118,56,124,82,69,98,59,133,127,100,92" hai2="89,116,131,47,90,125,105,44,96,43,122,57,104" hai3=""/><T73/><N who="0" m="31520" /><T64/><D32/><U3/><E118/><V94/><N who="2" m="31264" /><V35/><F35/><T45/><D126/><N who="1" m="48171" /><E69/><V37/><F131/><T74/><D130/><U101/><E101/><V81/><F116/><T65/><D71/><U83/><E133/><V119/><F105/><T51/><D115/><U38/><E38/><V60/><F104/><T40/><D79/><U84/><E83/><V36/><F81/><T113/><D113/><U2/><AGARI ba="0,0" hai="0,2,3,56,59,76,82,84,92,98,100" m="48171" machi="2" ten="40,1100,0" yaku="18,1" doraHai="108" who="1" fromWho="1" sc="4,-7,358,11,688,-4,0,0" owari="-3,-60.0,369,-3.0,684,63.0,0,0.0" /></mjloggm>