<mjloggm ver="2.3"><GO type="169" lobby="0"/><UN n0="%E3%83%8A%E3%82%B4%E3%83%A0" n1="%E3%83%97%E3%83%AD%E3%83%86%E3%82%A4%E3%83%B3%E5%BE%97%E7%9B%9B" n2="%6B%6F%6B%6F%72%6F%6E%69" n3="%4D%41%4B%30%31%30%34" dan="16,18,16,16" rate="2164.97,2201.85,2140.77,2180.77" sx="M,M,M,M"/><TAIKYOKU oya="0"/><INIT seed="0,0,0,5,5,44" ten="250,250,250,250" oya="0" hai0="45,114,47,58,2,13,134,32,4,77,119,42,69" hai1="123,135,79,36,125,63,115,126,24,12,111,40,106" hai2="92,9,105,37,28,129,128,50,99,80,130,20,41" hai3="103,110,7,109,97,122,48,52,0,104,8,54,14"/><T112/><D119/><U43/><E106/><V59/><F105/><W94/><G122/><T84/><D69/><U132/><E79/><V67/><F80/><W73/><G73/><T51/><D2/><U83/><E83/><V86/><F9/><W101/><G54/><T33/><D134/><N who="1" m="51243" /><E12/><V15/><F86/><W91/><G0/><T89/><D32/><U78/><E78/><V25/><F15/><W49/><G49/><N who="0" m="26807" /><D33/><U1/><E24/><V96/><F37/><W118/><G118/><T87/><D58/><U55/><E1/><V124/><F124/><N who="1" m="47721" /><E123/><V30/><F30/><W117/><G117/><T29/><D29/><U3/><E3/><V21/><F21/><W60/><G60/><T75/><D75/><U22/><E22/><V120/><F120/><W38/><G38/><T74/><D74/><U57/><E111/><N who="3" m="42506" /><G104/><T72/><D72/><U34/><E34/><V35/><F35/><W6/><G7/><T127/><D127/><U18/><E18/><V116/><F116/><W66/><G66/><T98/><D77/><U17/><E17/><V64/><F96/><W100/><G103/><T85/><D4/><U131/><E115/><V46/><REACH who="2" step="1"/><F59/><AGARI ba="0,0" hai="6,8,14,48,52,59,91,94,97,100,101" m="42506" machi="59" ten="30,3900,0" yaku="14,1,52,1,54,1" doraHai="44" who="3" fromWho="2" sc="250,0,250,0,250,-39,250,39" /><INIT seed="1,0,0,5,0,134" ten="250,250,211,289" oya="1" hai0="113,73,8,100,132,96,105,94,58,21,108,13,112" hai1="38,70,97,5,26,16,107,114,61,91,68,19,30" hai2="75,2,9,35,79,63,18,120,87,72,71,28,116" hai3="34,57,27,43,76,12,29,44,47,48,77,99,53"/><U1/><E114/><V95/><F116/><W133/><G133/><T40/><D108/><U125/><E38/><V60/><F120/><W86/><G99/><T118/><D132/><U32/><E5/><V14/><F2/><W25/><G47/><T92/><D118/><U0/><E70/><V6/><F28/><W45/><G44/><T89/><D73/><U65/><E91/><V93/><F35/><W66/><G86/><T98/><D40/><U37/><E37/><V11/><F71/><W49/><G66/><T23/><D105/><U22/><E125/><V128/><F128/><W123/><G123/><T82/><D82/><U41/><E41/><V111/><F111/><W67/><G67/><T122/><D122/><U51/><E51/><V54/><F54/><W55/><G43/><T74/><D74/><U84/><E84/><V50/><F50/><W7/><G27/><T106/><D106/><U119/><E119/><V126/><F79/><W56/><G45/><T110/><D110/><U102/><E19/><V52/><F18/><W129/><G129/><T24/><D58/><U104/><E104/><V85/><F14/><AGARI ba="0,0" hai="0,1,14,16,22,26,30,32,61,65,68,97,102,107" machi="14" ten="30,11600,0" yaku="7,1,25,2,54,1" doraHai="134" who="1" fromWho="2" sc="250,0,250,116,211,-116,289,0" /><INIT seed="1,1,0,4,3,123" ten="250,366,95,289" oya="1" hai0="12,42,68,27,65,87,31,29,89,85,74,39,114" hai1="6,28,32,62,15,2,122,23,112,73,18,132,106" hai2="57,41,16,127,8,56,75,9,84,24,129,116,64" hai3="91,58,48,67,54,7,3,4,66,72,45,125,22"/><U71/><E73/><V133/><F75/><W30/><G72/><T17/><D114/><U121/><E106/><V117/><F133/><W82/><G125/><T35/><D31/><U88/><E71/><V79/><F127/><W60/><G3/><T44/><D74/><U70/><E70/><V92/><F129/><W119/><G119/><T19/><D87/><U55/><E62/><V49/><F41/><W20/><G67/><T128/><D128/><U101/><E101/><V69/><F69/><W86/><G22/><T109/><D109/><U130/><E55/><V102/><F102/><W108/><G108/><T10/><D68/><U46/><E46/><V131/><F131/><W51/><G48/><T36/><D65/><U118/><E130/><V34/><F34/><W33/><G33/><T100/><D100/><U37/><E37/><V25/><F64/><W40/><G66/><T43/><D43/><U110/><E110/><V78/><F49/><W113/><G113/><T83/><D39/><U53/><E53/><V47/><F47/><W120/><G120/><T1/><D1/><U38/><E38/><V115/><F84/><W52/><G54/><T94/><D83/><U11/><E112/><V93/><F115/><W135/><REACH who="3" step="1"/><G135/><REACH who="3" ten="250,366,95,279" step="2"/><T98/><D36/><U13/><E132/><V99/><F99/><W103/><G103/><T21/><D42/><U95/><E2/><V90/><F90/><W63/><G63/><T96/><D44/><U81/><E121/><V111/><F111/><W76/><G76/><T61/><D61/><U26/><E122/><V124/><F124/><RYUUKYOKU ba="1,1" sc="250,10,366,-30,95,10,279,10" hai0="10,12,17,19,21,27,29,35,85,89,94,96,98" hai2="8,9,16,24,25,56,57,78,79,92,93,116,117" hai3="4,7,20,30,40,45,51,52,58,60,82,86,91" /><INIT seed="2,2,1,3,5,41" ten="260,336,105,289" oya="2" hai0="53,124,104,126,96,86,103,58,120,123,32,59,116" hai1="5,3,69,26,130,56,82,33,127,76,67,101,22" hai2="85,23,60,97,94,79,73,25,30,49,42,1,6" hai3="29,65,24,20,11,21,45,92,61,8,64,114,13"/><V55/><F73/><W80/><G114/><T106/><D32/><U134/><E127/><N who="0" m="48681" /><D116/><U102/><E69/><V31/><F1/><W47/><G80/><T112/><D112/><U54/><E33/><V119/><F119/><W91/><G21/><T27/><D106/><U2/><E67/><N who="3" m="25674" /><G61/><N who="0" m="36047" /><D59/><U4/><E130/><V74/><F74/><W113/><G113/><T66/><D66/><U16/><E134/><V107/><F107/><W93/><G93/><T122/><D86/><N who="1" m="48455" /><E2/><V118/><F118/><W89/><G89/><T129/><D27/><U98/><E3/><V18/><F6/><N who="1" m="2665" /><E98/><V88/><F42/><W90/><G90/><T39/><D39/><U115/><E115/><V68/><F68/><W70/><G70/><T43/><D43/><U99/><E99/><V46/><F60/><AGARI ba="2,1" hai="16,22,26,54,56,60,101,102" m="2665,48455" machi="60" ten="30,2000,0" yaku="8,1,54,1" doraHai="41" who="1" fromWho="2" sc="260,0,336,36,105,-26,289,0" /><INIT seed="3,0,0,3,5,67" ten="260,372,79,289" oya="3" hai0="21,81,117,84,7,134,34,87,50,133,96,10,5" hai1="51,124,99,121,36,77,17,6,101,74,58,24,75" hai2="128,85,109,131,100,53,110,40,13,114,70,62,116" hai3="41,30,94,66,103,113,45,54,95,88,27,60,64"/><W125/><G113/><T25/><D117/><U83/><E121/><V63/><F100/><W59/><G125/><T22/><D34/><U130/><E36/><V79/><F13/><W86/><G95/><T56/><D96/><U47/><E130/><N who="2" m="49707" /><F116/><W106/><G106/><T32/><D32/><U61/><E6/><V78/><F114/><W16/><G103/><T65/><D50/><U89/><E89/><V97/><F97/><W57/><G57/><T44/><D44/><U90/><E90/><V12/><F12/><W132/><G132/><T127/><D56/><U104/><E124/><V19/><F19/><W3/><G3/><T52/><D65/><U26/><E74/><V68/><F40/><W122/><G122/><T135/><D127/><U33/><E17/><V2/><F2/><W14/><G27/><T71/><D52/><U102/><E33/><V11/><F11/><W105/><G105/><T120/><D120/><U23/><E23/><V92/><F92/><W123/><G30/><T28/><D28/><U129/><E102/><V39/><F39/><W126/><G123/><T98/><D98/><U0/><E0/><V55/><F85/><W31/><G31/><T8/><D135/><U111/><E129/><V119/><F119/><W42/><G126/><T72/><D81/><U93/><E104/><V76/><F63/><W73/><G73/><T37/><D37/><U1/><E61/><V115/><F115/><W46/><G41/><T38/><D38/><U112/><E75/><V107/><F107/><W20/><G42/><T29/><D72/><N who="1" m="43431" /><E112/><V82/><F62/><RYUUKYOKU ba="0,0" sc="260,-10,372,-10,79,-10,289,30" hai3="14,16,20,45,46,54,59,60,64,66,86,88,94" /><INIT seed="3,1,0,2,2,51" ten="250,362,69,319" oya="3" hai0="115,117,124,91,56,69,12,23,13,36,33,32,41" hai1="53,80,15,37,122,31,98,57,109,118,16,20,3" hai2="72,104,58,18,11,62,61,9,84,25,112,105,63" hai3="49,60,135,42,103,108,29,54,76,48,27,46,59"/><W106/><G135/><T100/><D117/><U110/><E122/><V114/><F72/><W86/><G108/><T39/><D69/><U127/><E118/><V34/><F84/><W102/><G106/><T82/><D100/><U5/><E37/><V26/><F34/><W87/><G87/><T44/><D124/><U14/><E127/><V1/><F1/><W77/><G49/><T92/><D39/><U132/><E132/><V17/><F63/><W65/><G42/><T121/><D82/><U73/><E31/><V45/><F58/><W7/><G7/><T107/><D107/><U74/><E3/><V94/><REACH who="2" step="1"/><F94/><REACH who="2" ten="250,362,59,319" step="2"/><W128/><G86/><T83/><D32/><U0/><E0/><V130/><F130/><W68/><G128/><T64/><D33/><U24/><E74/><V75/><F75/><W78/><G68/><T38/><D92/><U55/><E57/><V93/><F93/><W28/><REACH who="3" step="1"/><G28/><REACH who="3" ten="250,362,59,309" step="2"/><T52/><D121/><U134/><E134/><V2/><F2/><W35/><AGARI ba="1,2" hai="27,29,35,46,48,54,59,60,65,76,77,78,102,103" machi="35" ten="30,11700,0" yaku="1,1,2,1,0,1,52,1,53,0" doraHai="51" doraHaiUra="133" who="3" fromWho="3" sc="250,-40,362,-40,59,-40,309,140" /><INIT seed="3,2,0,1,5,121" ten="210,322,19,449" oya="3" hai0="39,110,33,102,28,90,10,0,45,114,49,44,82" hai1="108,119,92,51,116,57,66,75,93,64,105,117,31" hai2="23,19,74,4,55,13,95,34,81,128,27,104,43" hai3="130,24,89,30,48,8,3,118,126,115,5,69,63"/><W80/><G115/><T132/><D114/><U53/><E105/><V52/><F104/><W85/><G130/><T76/><D132/><U120/><E120/><V91/><F128/><W9/><G126/><T135/><D135/><U11/><E75/><V6/><F43/><W56/><G118/><T72/><D28/><U60/><E31/><V65/><F65/><N who="1" m="25193" /><E11/><V61/><F74/><W123/><G69/><T1/><D33/><U26/><E26/><V122/><F122/><W78/><G123/><T109/><D102/><U86/><E86/><V35/><F35/><W71/><G71/><T96/><D39/><U125/><E125/><V38/><F38/><W12/><G48/><T68/><D45/><N who="1" m="27887" /><E108/><N who="0" m="41577" /><D68/><U46/><E46/><V16/><F81/><W14/><G78/><T103/><D10/><U94/><E94/><V73/><F73/><W70/><G8/><T99/><D90/><U47/><E47/><V77/><F77/><W29/><G29/><T15/><D15/><U2/><E2/><N who="0" m="1129" /><D103/><U100/><E100/><V21/><F34/><W129/><G70/><T36/><D36/><U67/><AGARI ba="2,0" hai="57,60,67,92,93,116,117,119" m="27887,25193" machi="67" ten="40,1500,0" yaku="12,1" doraHai="121" who="1" fromWho="1" sc="210,-6,322,21,19,-6,449,-9" /><INIT seed="4,0,0,3,0,63" ten="204,343,13,440" oya="0" hai0="2,117,112,128,14,6,85,0,131,123,24,27,1" hai1="102,66,40,104,34,96,22,116,95,101,59,36,135" hai2="93,23,8,25,75,31,72,125,42,28,46,114,71" hai3="67,120,73,17,122,15,58,118,48,111,50,74,84"/><T90/><D117/><U83/><E116/><V9/><F71/><W70/><G70/><T47/><D123/><N who="3" m="47145" /><G84/><T41/><D112/><U92/><E34/><V5/><F125/><W57/><G111/><T7/><D41/><U35/><E35/><V121/><F28/><W115/><G115/><T45/><D90/><U51/><E135/><V77/><F8/><W119/><G58/><T61/><D61/><N who="1" m="38207" /><E104/><V100/><F77/><W3/><G3/><T64/><D85/><U86/><E36/><V38/><F114/><W99/><G99/><T109/><D64/><U60/><E60/><V55/><F55/><W4/><G57/><T65/><D65/><U107/><E107/><V13/><F121/><W12/><G67/><T44/><D109/><U39/><E39/><V89/><F100/><N who="1" m="38505" /><E22/><V87/><AGARI ba="0,0" hai="5,9,13,23,25,31,38,42,46,72,75,87,89,93" machi="87" ten="20,1500,0" yaku="0,1,7,1" doraHai="63" who="2" fromWho="2" sc="204,-7,343,-4,13,15,440,-4" /><INIT seed="5,0,0,1,5,23" ten="197,339,28,436" oya="1" hai0="108,17,7,52,68,62,4,100,0,94,93,40,81" hai1="105,77,73,113,74,63,28,114,53,9,102,79,3" hai2="84,19,83,24,98,33,117,21,133,10,32,26,99" hai3="36,126,37,64,42,104,54,67,31,120,56,15,86"/><U88/><E63/><V118/><F10/><W47/><G104/><T14/><D108/><U76/><E53/><V115/><F33/><W29/><G120/><T13/><D40/><U59/><E59/><V135/><F115/><N who="1" m="44041" /><E28/><N who="2" m="19463" /><F98/><W44/><G126/><T122/><D0/><U80/><E9/><V25/><F99/><W78/><G15/><T134/><D134/><N who="2" m="51210" /><F26/><W82/><G31/><T75/><D7/><U1/><E1/><V95/><F95/><W66/><G29/><T43/><D43/><U8/><E8/><V123/><F123/><W5/><G5/><T27/><D100/><U41/><E41/><V6/><F6/><W30/><G30/><T89/><D94/><U130/><E3/><V65/><F65/><W103/><G103/><T97/><D13/><U72/><E130/><V70/><F70/><W132/><G132/><T90/><D4/><U106/><E102/><V107/><F107/><N who="1" m="40969" /><E88/><AGARI ba="0,0" hai="19,21,25,83,84,88,117,118" m="51210,19463" machi="88" ten="30,7700,0" yaku="20,1,52,2,54,1" doraHai="23" who="2" fromWho="1" sc="197,0,339,-77,28,77,436,0" /><INIT seed="6,0,0,5,2,71" ten="197,262,105,436" oya="2" hai0="11,5,129,18,27,118,65,98,115,96,131,108,134" hai1="0,13,121,103,47,29,51,95,91,122,94,64,119" hai2="3,25,50,62,132,21,111,90,52,57,113,97,4" hai3="130,9,28,78,117,23,128,60,84,40,106,92,100"/><V107/><F111/><W7/><G40/><T31/><D108/><U59/><E0/><V53/><F113/><W41/><G41/><T37/><D115/><U112/><E119/><V81/><F132/><W87/><G106/><T46/><D134/><U61/><E112/><V36/><F3/><W120/><G120/><N who="1" m="46186" /><E29/><V82/><F4/><W75/><G60/><T88/><D65/><U1/><E1/><V48/><F36/><W101/><G75/><T124/><D18/><U109/><E109/><V102/><F90/><W67/><G67/><T70/><D70/><U56/><E13/><V63/><F63/><W83/><G117/><T72/><D72/><U99/><E59/><V6/><F6/><W33/><G33/><T104/><D88/><U89/><E95/><V22/><F62/><W126/><G101/><N who="0" m="62503" /><D98/><U105/><E105/><V114/><F114/><W49/><G92/><T35/><D124/><U69/><E69/><V38/><F38/><W43/><G126/><T19/><D19/><U86/><E86/><V42/><F42/><AGARI ba="0,0" hai="42,47,51,56,61,64,89,91,94,99,103" m="46186" machi="42" ten="30,1000,0" yaku="13,1" doraHai="71" who="1" fromWho="2" sc="197,0,262,10,105,-10,436,0" /><INIT seed="7,0,0,2,2,91" ten="197,272,95,436" oya="3" hai0="17,45,76,131,69,118,39,50,96,111,29,113,33" hai1="68,7,87,95,61,9,78,79,55,4,60,82,20" hai2="32,74,132,43,123,94,127,130,106,80,117,64,119" hai3="12,102,21,40,23,84,24,108,11,5,19,67,88"/><W16/><G102/><T31/><D111/><U59/><E78/><V18/><F32/><W49/><G67/><T46/><D118/><U120/><E120/><V30/><F30/><W44/><G108/><T14/><D131/><U6/><E20/><N who="3" m="7754" /><G24/><T28/><D69/><U134/><E134/><V116/><F64/><W54/><G54/><T58/><D33/><U109/><E109/><V135/><F18/><W86/><G86/><T36/><D76/><U121/><E121/><V100/><F43/><W26/><G26/><T98/><D58/><U77/><E77/><N who="2" m="44087" /><F123/><W52/><G40/><T81/><D81/><AGARI ba="0,0" hai="5,11,12,16,19,44,49,52,81,84,88" m="7754" machi="81" ten="30,11600,0" yaku="8,1,54,3" doraHai="91" who="3" fromWho="0" sc="197,-116,272,0,95,0,436,116" owari="81,-42.0,272,7.0,95,-30.0,552,65.0" /></mjloggm>