<mjloggm ver="2.3"><GO type="169" lobby="0"/><UN n0="%E3%82%A8%E3%82%B9%E3%82%BF%E3%83%BC" n1="%41%53%41%4B%41%57%41" n2="%67%75%73%68" n3="%E8%8B%B1%E5%9B%BD%E5%A3%B2%E5%8D%B4" dan="17,16,17,17" rate="2180.48,2154.49,2204.19,2136.24" sx="M,M,M,M"/><TAIKYOKU oya="0"/><INIT seed="0,0,0,1,5,64" ten="250,250,250,250" oya="0" hai0="8,106,93,135,19,3,68,122,133,44,103,72,53" hai1="86,2,12,31,54,48,26,130,97,94,109,35,92" hai2="73,81,95,129,70,85,13,87,83,28,77,25,111" hai3="80,60,9,124,90,119,65,82,117,127,29,5,1"/><T98/><D122/><U74/><E74/><V7/><F111/><W134/><G29/><T67/><D72/><U4/><E109/><V128/><F95/><W102/><G102/><T15/><D3/><U62/><E130/><N who="2" m="50283" /><F70/><N who="3" m="42279" /><G90/><T52/><D44/><U16/><E62/><V116/><F116/><N who="3" m="44619" /><G82/><T113/><D113/><U30/><E30/><V104/><F104/><W18/><G18/><T69/><D67/><U56/><E86/><V132/><F132/><N who="0" m="50762" /><D106/><U107/><E107/><V57/><F81/><W125/><G80/><T24/><D24/><U123/><E123/><V99/><F99/><W20/><G134/><T89/><D103/><U0/><E4/><V108/><F108/><W120/><G20/><T45/><D53/><U126/><E94/><V43/><F7/><W11/><G11/><T47/><D47/><U78/><E78/><V101/><F101/><W105/><G105/><T37/><D37/><U88/><REACH who="1" step="1"/><E126/><REACH who="1" ten="250,240,250,250" step="2"/><V32/><F73/><W58/><G58/><T66/><D66/><U121/><E121/><AGARI ba="0,1" hai="1,5,9,120,121,124,125,127" m="44619,42279" machi="121" ten="40,5200,0" yaku="18,1,23,1,52,1" doraHai="64" who="3" fromWho="1" sc="250,0,240,-52,250,0,250,62" /><INIT seed="1,0,0,4,1,28" ten="250,188,250,312" oya="1" hai0="111,57,105,6,91,32,58,0,14,133,24,34,11" hai1="89,123,69,40,56,2,42,86,47,97,87,67,114" hai2="76,127,71,44,115,132,68,39,15,27,113,10,128" hai3="9,117,73,80,135,59,92,52,50,49,99,121,77"/><U93/><E114/><N who="2" m="43531" /><F128/><W45/><G135/><T64/><D105/><U103/><E123/><V120/><F120/><W13/><G117/><T17/><D133/><U107/><E2/><V38/><F132/><W31/><G121/><T104/><D104/><U51/><E69/><N who="2" m="26699" /><F127/><W129/><G129/><T55/><D111/><U33/><E33/><V5/><F76/><W43/><G31/><T70/><D70/><U134/><E134/><V20/><F44/><W125/><G125/><T25/><D64/><U29/><E29/><AGARI ba="0,0" hai="5,10,15,20,27,29,38,39" m="26699,43531" machi="29" ten="30,1000,0" yaku="11,1" doraHai="28" who="2" fromWho="1" sc="250,0,188,-10,250,10,312,0" /><INIT seed="2,0,0,1,0,51" ten="250,178,260,312" oya="2" hai0="18,132,11,30,19,56,23,129,69,68,13,36,6" hai1="82,111,112,0,115,43,78,98,75,116,37,85,95" hai2="128,117,92,96,26,121,25,47,93,33,60,3,15" hai3="106,50,123,59,126,7,2,9,113,86,16,107,120"/><V48/><F3/><W97/><G126/><T35/><D36/><U46/><E116/><V105/><F117/><W103/><G113/><T42/><D129/><U54/><E111/><V99/><F121/><W40/><G107/><T20/><D42/><U87/><E0/><V55/><F128/><W102/><G102/><T104/><D104/><U80/><E75/><V34/><F105/><W135/><G135/><T44/><D44/><U21/><E21/><V72/><F72/><W57/><G57/><T64/><D132/><U29/><E29/><V90/><F15/><W79/><G79/><T124/><D124/><U91/><REACH who="1" step="1"/><E54/><REACH who="1" ten="250,168,260,312" step="2"/><V110/><F110/><W130/><G130/><T10/><D30/><U53/><E53/><N who="2" m="29855" /><F33/><W62/><G120/><T89/><D35/><U65/><E65/><V67/><F67/><W58/><G123/><T76/><D64/><U71/><E71/><V74/><F74/><W77/><G2/><T101/><D68/><U131/><E131/><V12/><F34/><W88/><G40/><T70/><D20/><U84/><E84/><V8/><F55/><W109/><G109/><T38/><D70/><U66/><E66/><V134/><F134/><W94/><G86/><T119/><D119/><U49/><E49/><V14/><F60/><W32/><G62/><T31/><D31/><U133/><E133/><V41/><F41/><W108/><G50/><T1/><D1/><U24/><E24/><N who="2" m="9323" /><F8/><W45/><G32/><T61/><D10/><U5/><E5/><V100/><AGARI ba="0,1" hai="12,14,90,92,93,96,99,100" m="9323,29855" machi="100" ten="30,3000,0" yaku="8,1,52,1" doraHai="51" who="2" fromWho="2" sc="250,-10,168,-10,260,40,312,-10" /><INIT seed="2,1,0,0,0,44" ten="240,158,300,302" oya="2" hai0="115,79,105,71,47,38,70,18,125,45,62,101,8" hai1="88,29,61,63,74,55,77,98,14,17,82,42,11" hai2="24,121,89,27,10,131,130,113,110,4,30,19,60" hai3="33,68,39,21,122,84,135,31,51,58,53,93,41"/><V86/><F113/><W13/><G122/><T87/><D115/><U0/><E0/><V104/><F104/><W23/><G68/><T99/><D125/><U119/><E119/><V2/><F121/><W75/><G75/><T112/><D112/><U102/><E42/><V123/><F123/><W95/><G135/><T22/><D8/><U124/><E124/><V54/><F19/><W3/><G3/><T117/><D117/><U94/><E29/><V106/><F106/><W128/><G128/><N who="2" m="49193" /><F110/><W111/><G111/><T91/><D79/><U25/><E25/><V50/><F60/><W34/><G23/><T67/><D70/><U36/><E36/><V81/><F30/><W52/><G39/><T66/><D67/><U134/><E134/><V6/><F4/><W32/><G41/><T90/><D90/><U26/><E26/><V107/><F107/><W28/><G53/><T1/><D38/><U56/><REACH who="1" step="1"/><E102/><REACH who="1" ten="240,148,300,302" step="2"/><V37/><F37/><W96/><G31/><T12/><REACH who="0" step="1"/><D1/><REACH who="0" ten="230,148,300,302" step="2"/><U103/><E103/><V83/><F81/><AGARI ba="1,2" hai="12,18,22,45,47,62,66,71,81,87,91,99,101,105" machi="81" ten="30,3900,0" yaku="1,1,2,1,7,1,53,0" doraHai="44" doraHaiUra="118" who="0" fromWho="2" sc="230,62,148,0,300,-42,302,0" /><INIT seed="3,0,0,5,0,89" ten="292,148,258,302" oya="3" hai0="54,59,7,47,65,14,122,94,57,96,12,99,15" hai1="42,23,116,133,18,75,67,38,80,73,25,108,95" hai2="58,110,83,70,10,104,48,93,55,43,106,91,134" hai3="45,78,46,4,90,39,86,40,109,1,126,36,33"/><W105/><G126/><T129/><D129/><U22/><E133/><V2/><F134/><W16/><G105/><T34/><D34/><U30/><E108/><V5/><F110/><W115/><G109/><T76/><D76/><U107/><E107/><V37/><F70/><W13/><G33/><T92/><D122/><U120/><E120/><V79/><F43/><W98/><G115/><T52/><D7/><U21/><E116/><V121/><F37/><W101/><G78/><T117/><D117/><U51/><E80/><V9/><F9/><W130/><G130/><T35/><D35/><U26/><E67/><V102/><F102/><W29/><G29/><T123/><D123/><U135/><E38/><V72/><REACH who="2" step="1"/><F121/><REACH who="2" ten="292,148,248,302" step="2"/><W87/><G39/><T68/><D68/><U27/><E135/><V53/><F53/><N who="0" m="20586" /><D47/><U128/><E128/><V112/><F112/><W118/><G46/><T61/><D59/><U81/><E42/><V66/><F66/><W131/><G101/><N who="0" m="60551" /><D14/><U97/><E51/><V119/><F119/><W60/><G118/><T50/><D50/><U11/><E11/><V69/><F69/><W132/><G132/><T24/><D24/><U82/><E75/><V114/><F114/><W49/><G131/><T85/><D85/><AGARI ba="0,1" hai="2,5,10,48,55,58,72,79,83,85,91,93,104,106" machi="85" ten="30,3900,0" yaku="1,1,7,1,52,1,53,0" doraHai="89" doraHaiUra="8" who="2" fromWho="0" sc="292,-39,148,0,248,49,302,0" /><INIT seed="4,0,0,0,5,58" ten="253,148,297,302" oya="0" hai0="2,105,127,83,73,34,130,35,82,114,104,124,128" hai1="41,70,111,17,49,52,1,60,33,102,15,56,63" hai2="97,19,78,123,99,103,32,64,25,94,48,8,45" hai3="18,55,72,67,86,132,129,59,125,76,20,79,40"/><T42/><D42/><U117/><E111/><V98/><F123/><W95/><G72/><T75/><REACH who="0" step="1"/><D2/><REACH who="0" ten="243,148,297,302" step="2"/><U12/><E117/><V66/><F78/><W14/><G40/><T80/><D80/><U131/><E1/><V87/><F32/><W22/><G79/><T65/><D65/><U116/><E33/><V122/><F122/><W43/><G67/><T44/><D44/><N who="1" m="25743" /><E116/><V134/><F66/><W54/><G43/><T16/><D16/><U37/><E131/><V23/><F64/><W84/><G18/><T27/><D27/><U119/><E37/><V24/><F24/><W112/><G76/><T26/><D26/><U38/><E38/><V3/><F134/><W6/><G129/><T50/><D50/><N who="1" m="30743" /><E119/><V21/><F3/><W11/><G132/><T118/><D118/><U133/><E133/><V108/><F108/><W0/><G0/><T30/><D30/><U93/><E70/><V53/><F8/><W69/><G11/><T96/><D96/><N who="1" m="59663" /><E12/><N who="2" m="9447" /><F87/><W13/><G86/><T113/><AGARI ba="0,1" hai="34,35,73,75,82,83,104,105,113,114,124,127,128,130" machi="113" ten="25,9600,0" yaku="1,1,0,1,22,2,53,0" doraHai="58" doraHaiUra="39" who="0" fromWho="0" sc="243,106,148,-32,297,-32,302,-32" /><INIT seed="4,1,0,1,5,62" ten="349,116,265,270" oya="0" hai0="128,75,130,72,45,51,117,0,74,24,84,54,100" hai1="131,10,27,2,64,46,86,20,104,50,17,133,85" hai2="13,1,49,39,30,132,113,78,42,126,63,12,59" hai3="23,127,95,81,119,53,92,29,22,123,14,65,107"/><T77/><D0/><U69/><E131/><N who="0" m="50217" /><D117/><U96/><E133/><V120/><F120/><W43/><G107/><T3/><D3/><U114/><E114/><V102/><F1/><W56/><G119/><T76/><D100/><U33/><E104/><V97/><F132/><W70/><G70/><T66/><D84/><U38/><E38/><V121/><F113/><W35/><G127/><T94/><D94/><U40/><E96/><V32/><F126/><W103/><G123/><T34/><D66/><U112/><E33/><V67/><F78/><W71/><G71/><T118/><D118/><U55/><E112/><V60/><F121/><W31/><G31/><AGARI ba="1,0" hai="24,31,34,45,51,54,72,74,75,76,77" m="50217" machi="31" ten="40,2000,0" yaku="19,1" doraHai="62" who="0" fromWho="3" sc="349,23,116,0,265,0,270,-23" /><INIT seed="4,2,0,3,5,56" ten="372,116,265,247" oya="0" hai0="3,83,13,28,129,91,78,135,66,98,33,100,105" hai1="123,117,51,86,8,0,90,7,113,122,2,46,35" hai2="39,107,32,38,45,93,22,60,71,125,87,82,67" hai3="69,59,37,94,19,84,40,96,70,79,97,42,64"/><T10/><D3/><U110/><E110/><V4/><F107/><W55/><G64/><T127/><D135/><U57/><E117/><V61/><F32/><W30/><G30/><T9/><D127/><U99/><E113/><V116/><F125/><W112/><G112/><T81/><D91/><U124/><E124/><V85/><F116/><W1/><G1/><T108/><D129/><U121/><E0/><V76/><F4/><W26/><G69/><T88/><D108/><U41/><E99/><V77/><F22/><N who="3" m="13663" /><G70/><T63/><D78/><U36/><E57/><V23/><F23/><W50/><G37/><T72/><D72/><U54/><E35/><V114/><F114/><W58/><G58/><T27/><D13/><U20/><E20/><V128/><F128/><W119/><G119/><T29/><D81/><U21/><E21/><V73/><F73/><W126/><G126/><T134/><D134/><U101/><E101/><V111/><F111/><W5/><G5/><T52/><D52/><U6/><E6/><V14/><F14/><W25/><G25/><T24/><D24/><U16/><E54/><V68/><F45/><W109/><G109/><T102/><D29/><U44/><E46/><V130/><F130/><W48/><G48/><T34/><D34/><U31/><E31/><V118/><F118/><W95/><G79/><T43/><D43/><N who="3" m="16425" /><G84/><N who="0" m="50207" /><D100/><U133/><E133/><V15/><F15/><W89/><G89/><T92/><D105/><U131/><E36/><V132/><F132/><W17/><G17/><T75/><D75/><U80/><E131/><V65/><F77/><RYUUKYOKU ba="2,0" sc="372,0,116,0,265,0,247,0" hai0="9,10,27,28,33,63,66,92,98,102" hai1="2,7,8,16,41,44,51,80,86,90,121,122,123" hai2="38,39,60,61,65,67,68,71,76,82,85,87,93" hai3="50,55,59,94,95,96,97" /><INIT seed="4,3,0,0,5,50" ten="372,116,265,247" oya="0" hai0="98,66,55,84,9,6,126,71,75,111,54,62,42" hai1="115,127,13,104,27,92,39,60,25,69,119,32,14" hai2="20,19,44,2,86,10,21,79,16,93,1,15,130" hai3="116,73,135,129,124,94,74,8,113,33,68,101,83"/><T88/><D75/><U128/><E104/><V58/><F130/><W70/><G8/><T34/><D34/><U17/><E39/><V102/><F44/><W118/><G33/><T64/><D98/><U53/><E119/><V97/><F10/><W91/><G70/><T131/><D131/><U85/><E115/><V105/><F58/><W48/><G48/><T120/><D120/><U26/><E69/><V134/><F134/><W65/><G65/><T31/><D31/><U63/><E32/><V43/><F43/><W122/><G68/><T12/><D66/><U106/><E106/><V40/><F40/><W46/><G46/><T49/><D126/><U35/><E35/><V0/><F79/><W114/><G124/><T47/><REACH who="0" step="1"/><D111/><REACH who="0" ten="362,116,265,247" step="2"/><U57/><E127/><V107/><REACH who="2" step="1"/><F86/><REACH who="2" ten="362,116,255,247" step="2"/><W5/><G129/><T72/><D72/><U22/><E128/><V29/><F29/><W132/><G74/><T37/><D37/><U87/><E87/><V51/><F51/><W89/><G73/><T7/><D7/><U45/><E63/><V82/><F82/><AGARI ba="3,2" hai="6,9,12,42,47,49,54,55,62,64,71,82,84,88" machi="82" ten="30,12000,1" yaku="1,1,7,1,52,2,54,1,53,0" doraHai="50" doraHaiUra="99" who="0" fromWho="2" sc="362,149,116,0,255,-129,247,0" /><INIT seed="4,4,0,2,0,51" ten="511,116,126,247" oya="0" hai0="87,47,133,52,34,128,115,93,121,75,88,84,18" hai1="91,114,2,30,86,56,14,118,31,59,122,127,123" hai2="125,61,76,13,109,5,48,36,0,119,46,107,92" hai3="16,22,3,69,120,65,94,64,23,81,21,20,11"/><T132/><D75/><U57/><E118/><V126/><F107/><W130/><G69/><T101/><D101/><U54/><E2/><V90/><F119/><W55/><G130/><T96/><D34/><U15/><E114/><V79/><F36/><W124/><G124/><N who="2" m="47721" /><F0/><W116/><G116/><T63/><D121/><U78/><E127/><V83/><F83/><W12/><G120/><T117/><D115/><U8/><E123/><V50/><F50/><W4/><G81/><T17/><D117/><U44/><E122/><V104/><F61/><W39/><G39/><T106/><D47/><U71/><E71/><V38/><F104/><W9/><N who="3" m="5120" /><DORA hai="1" /><W111/><G111/><T80/><D84/><U95/><E78/><V77/><F38/><W67/><G94/><T7/><D7/><N who="1" m="3359" /><E15/><V66/><F66/><W98/><G98/><T100/><D128/><U33/><E33/><V62/><F62/><W24/><REACH who="3" step="1"/><G55/><REACH who="3" ten="511,116,126,237" step="2"/><T108/><D108/><U32/><E32/><V85/><F109/><W35/><G35/><T113/><D113/><U131/><E131/><V135/><F79/><W82/><G82/><T89/><D80/><U134/><E134/><N who="0" m="51817" /><D89/><U105/><E105/><V41/><F135/><W45/><G45/><T26/><D26/><AGARI ba="4,1" hai="3,4,9,11,12,16,24,26,64,65,67" m="5120" machi="26" ten="60,7700,0" yaku="1,1,52,1,54,1,53,0" doraHai="51,1" doraHaiUra="99,28" who="3" fromWho="0" sc="511,-89,116,0,126,0,237,99" /><INIT seed="5,0,0,4,3,128" ten="422,116,126,336" oya="1" hai0="54,30,60,29,65,78,20,46,23,26,59,75,102" hai1="61,42,119,96,127,53,22,43,80,124,135,0,133" hai2="55,45,28,37,17,3,99,18,126,51,57,94,11" hai3="118,19,98,66,95,49,32,74,5,67,112,2,113"/><U129/><E119/><V9/><F126/><N who="1" m="48169" /><E0/><V71/><F71/><W39/><G118/><T63/><D102/><U16/><E129/><V83/><F83/><W27/><G74/><T114/><D114/><U13/><E80/><V4/><F28/><W24/><G39/><T36/><D75/><U72/><E72/><V123/><F123/><W115/><G32/><T25/><D78/><U87/><E87/><V132/><F132/><N who="1" m="50761" /><E96/><V33/><F33/><W92/><G98/><T116/><D116/><U109/><E109/><V110/><F110/><W70/><G2/><T84/><D84/><U120/><E120/><V105/><F105/><W34/><G113/><T125/><D125/><U62/><E53/><V101/><F9/><W56/><G112/><T93/><D93/><U88/><E88/><V8/><F8/><W48/><G92/><T85/><D85/><U111/><E111/><V82/><F82/><W64/><G95/><T89/><D89/><U10/><E10/><V47/><F11/><W52/><G52/><T7/><D54/><U100/><E100/><V131/><F131/><W79/><G79/><T1/><D1/><U106/><E106/><V73/><F73/><W103/><G103/><T41/><D63/><AGARI ba="0,0" hai="13,16,22,42,43,61,62,63" m="50761,48169" machi="63" ten="30,18000,2" yaku="18,1,20,1,52,3,54,1" doraHai="128" who="1" fromWho="0" sc="422,-180,116,180,126,0,336,0" /><INIT seed="5,1,0,1,2,60" ten="242,296,126,336" oya="1" hai0="133,100,46,125,89,9,97,82,102,110,21,76,79" hai1="3,68,0,13,43,134,45,74,5,104,34,87,103" hai2="29,12,70,15,81,93,113,71,11,47,22,109,80" hai3="121,57,78,124,112,42,101,30,65,120,77,63,114"/><U111/><E87/><V69/><F109/><W106/><G124/><T96/><D110/><U49/><E111/><V39/><F113/><N who="3" m="43627" /><G42/><T130/><D9/><U23/><E34/><V123/><F123/><N who="3" m="47179" /><G30/><T85/><D21/><U122/><E134/><V67/><F67/><W64/><G101/><N who="0" m="39019" /><D46/><U73/><E122/><V92/><F47/><W7/><G7/><T88/><D133/><U115/><E68/><V26/><F39/><W129/><G106/><T32/><D32/><U105/><E115/><V28/><F28/><W37/><G37/><T44/><D44/><U27/><E13/><V1/><F1/><W18/><G129/><T107/><D125/><U55/><E43/><V54/><F54/><N who="3" m="34231" /><G18/><T41/><D41/><U66/><E105/><V50/><F50/><W94/><G94/><N who="0" m="56391" /><D130/><U116/><E103/><AGARI ba="1,0" hai="76,79,82,85,89,97,103,107" m="56391,39019" machi="103" ten="30,12000,2" yaku="35,5,54,1" doraHai="60" who="0" fromWho="1" sc="242,123,296,-123,126,0,336,0" /><INIT seed="6,0,0,5,0,70" ten="365,173,126,336" oya="2" hai0="114,9,30,12,71,3,37,73,34,40,52,93,15" hai1="80,86,62,54,124,82,87,10,16,105,41,116,74" hai2="58,79,91,36,117,92,17,22,57,125,24,50,43" hai3="110,53,121,29,56,98,94,135,109,5,67,65,134"/><V32/><F117/><W23/><G121/><T45/><D71/><U113/><E105/><V19/><F32/><W132/><G5/><T103/><D114/><U112/><E116/><V64/><F79/><W13/><G29/><T59/><D73/><U42/><E124/><V39/><F125/><W96/><G96/><T60/><D3/><U118/><E118/><V131/><F131/><W102/><G23/><T108/><D108/><N who="3" m="41577" /><G13/><T77/><D77/><U76/><E74/><V69/><F69/><W31/><G31/><T127/><D127/><U72/><E72/><V122/><F122/><W6/><G6/><T83/><D83/><U95/><E95/><V81/><F81/><W111/><N who="3" m="41585" /><W123/><DORA hai="115" /><G123/><T119/><D119/><U55/><E76/><V88/><F17/><W11/><G11/><T89/><D103/><U4/><E62/><AGARI ba="0,0" hai="53,56,62,65,67,94,98,102,132,134,135" m="41585" machi="62" ten="50,1600,0" yaku="20,1" doraHai="70,115" who="3" fromWho="1" sc="365,0,173,-16,126,0,336,16" /><INIT seed="7,0,0,5,0,110" ten="365,157,126,352" oya="3" hai0="73,85,77,108,62,56,78,132,25,83,124,51,16" hai1="41,35,32,40,97,68,135,105,66,18,99,48,111" hai2="58,104,17,5,92,38,91,49,64,33,112,29,8" hai3="12,88,130,118,54,69,100,115,122,127,84,134,121"/><W24/><G118/><T98/><D108/><U13/><E111/><V0/><F104/><W10/><G69/><T102/><D124/><U89/><E135/><V59/><F38/><W123/><G115/><T79/><D132/><U125/><E125/><V93/><F93/><W96/><G134/><T30/><D51/><U94/><E35/><V1/><F1/><W113/><G113/><T101/><D73/><U19/><E32/><V26/><F112/><W28/><G127/><T36/><D36/><U103/><E18/><V119/><F119/><W82/><G54/><N who="0" m="34071" /><D30/><U107/><E107/><V63/><F49/><W57/><G57/><T44/><D44/><U22/><E48/><V53/><F53/><W80/><G130/><T67/><D67/><U106/><REACH who="1" step="1"/><E105/><REACH who="1" ten="365,147,126,352" step="2"/><V116/><F116/><W39/><G39/><T81/><D16/><U109/><E109/><V61/><F17/><W87/><G24/><T55/><D25/><U76/><E76/><V47/><F47/><W11/><G28/><T117/><D117/><U42/><E42/><V27/><F27/><W114/><G114/><T46/><D77/><U31/><E31/><V52/><F92/><N who="3" m="58375" /><G11/><T6/><D78/><U70/><E70/><V50/><F50/><W133/><G133/><T74/><D74/><U3/><E3/><V120/><REACH who="2" step="1"/><F91/><REACH who="2" ten="365,147,116,352" step="2"/><N who="3" m="51591" /><G12/><T34/><D79/><U60/><AGARI ba="0,2" hai="13,19,22,40,41,60,66,68,89,94,97,99,103,106" machi="60" ten="30,2000,0" yaku="1,1,0,1,53,0" doraHai="110" doraHaiUra="129" who="1" fromWho="1" sc="365,-5,147,40,116,-5,352,-10" owari="360,46.0,187,-21.0,111,-39.0,342,14.0" /></mjloggm>