<mjloggm ver="2.3"><GO type="185" lobby="0"/><UN n0="%E6%A8%BD%E3%81%AA%E3%81%AE%E5%A3%8A%E3%81%95%E3%81%AA%E3%81%84%E3%81%A7" n1="%E9%9B%AA%E6%9D%91%E5%8D%83%E7%B5%B5%E8%8E%89" n2="%E3%83%93%E3%83%83%E3%82%B0%E3%83%9E%E3%83%A1" n3="" dan="17,17,17,0" rate="2300.63,2254.60,2185.62,1500.00" sx="M,F,M,C"/><TAIKYOKU oya="0"/><INIT seed="0,0,0,4,3,33" ten="350,350,350,0" oya="0" hai0="40,129,102,44,116,134,84,39,3,58,90,50,117" hai1="92,57,99,62,110,87,120,82,2,108,36,107,123" hai2="72,101,118,63,56,73,86,126,46,125,37,106,121" hai3=""/><T135/><D102/><U71/><N who="1" m="30752" /><U76/><N who="1" m="31520" /><U61/><E36/><V112/><N who="2" m="31008" /><V83/><F106/><T68/><D68/><U42/><E42/><V109/><F101/><T65/><D129/><U32/><E32/><V34/><F112/><T1/><D65/><U51/><E107/><V131/><F118/><T98/><D98/><U70/><E51/><V55/><F109/><N who="1" m="42089" /><E2/><V89/><F131/><T94/><D117/><U130/><E130/><V111/><F111/><T67/><D116/><U103/><E62/><V69/><F69/><T64/><D39/><U95/><E95/><V49/><F37/><T115/><D115/><U52/><AGARI ba="0,0" hai="52,57,61,70,71,76,82,87,92,99,103" m="42089,31520,30752" machi="52" ten="30,5900,0" yaku="14,1,52,2,54,1" doraHai="33" who="1" fromWho="1" sc="350,-39,350,59,350,-20,0,0" /><INIT seed="1,0,0,4,2,108" ten="311,409,330,0" oya="1" hai0="116,63,118,100,132,86,67,34,52,84,134,38,120" hai1="73,60,45,36,33,50,133,128,131,64,47,37,126" hai2="51,93,68,83,95,129,72,66,32,99,81,135,113" hai3=""/><U111/><E33/><V0/><F0/><T78/><N who="0" m="30752" /><T42/><D34/><U119/><E73/><V2/><F2/><T82/><D100/><U122/><N who="1" m="31264" /><U106/><E106/><V103/><F66/><T110/><D110/><U115/><E111/><V70/><F72/><T58/><D86/><U94/><E94/><V59/><F59/><T107/><D107/><U43/><E119/><N who="0" m="45609" /><D38/><U79/><E79/><V44/><F83/><T62/><D42/><U74/><E74/><V85/><F81/><T75/><D75/><U61/><E133/><N who="0" m="51305" /><D67/><U53/><E64/><V54/><F135/><T124/><D124/><U102/><E102/><V65/><F103/><T57/><D57/><U121/><N who="1" m="31008" /><U39/><E126/><V96/><F95/><T90/><D62/><N who="1" m="24171" /><E115/><V69/><F113/><T130/><D78/><U48/><AGARI ba="0,0" hai="36,37,39,43,45,47,48,50,53,128,131" m="24171,31008,31264" machi="48" ten="40,8000,1" yaku="34,2,52,2" doraHai="108" who="1" fromWho="1" sc="311,-40,409,80,330,-40,0,0" /><INIT seed="1,1,0,1,2,132" ten="271,489,290,0" oya="1" hai0="63,50,74,76,0,125,69,81,94,44,88,99,61" hai1="118,123,2,60,135,45,91,89,3,122,84,32,112" hai2="107,133,72,58,68,102,108,114,71,111,46,80,49" hai3=""/><U79/><N who="1" m="31264" /><U128/><N who="1" m="31520" /><U42/><E32/><V70/><F114/><T48/><D0/><U120/><N who="1" m="30752" /><U77/><E118/><V126/><F133/><T117/><D117/><U53/><E112/><V64/><F102/><T39/><D39/><U65/><E128/><V73/><F107/><T129/><D129/><U100/><E100/><V127/><F80/><T55/><D69/><U34/><E34/><V116/><F116/><T93/><D125/><N who="2" m="47626" /><F58/><T83/><D81/><U124/><E124/><V105/><F64/><T90/><REACH who="0" step="1"/><D50/><REACH who="0" ten="261,489,290,0" step="2"/><U59/><E135/><V54/><F105/><T134/><D134/><U66/><E3/><V57/><F57/><T96/><AGARI ba="1,1" hai="44,48,55,61,63,74,76,83,88,90,93,94,96,99" machi="96" ten="20,6000,1" yaku="1,1,0,1,7,1,9,1,54,1,53,0" doraHai="132" doraHaiUra="52" who="0" fromWho="0" sc="261,72,489,-41,290,-21,0,0" /><INIT seed="2,0,0,1,0,89" ten="333,448,269,0" oya="2" hai0="77,111,103,91,37,124,97,116,58,117,74,66,68" hai1="94,135,122,102,82,87,129,107,43,71,60,54,81" hai2="3,123,76,78,131,48,112,115,106,52,113,67,99" hai3=""/><V65/><N who="2" m="31520" /><V47/><F3/><T92/><D37/><U101/><N who="1" m="31264" /><U130/><E43/><V121/><N who="2" m="31008" /><V114/><N who="2" m="29184" /><DORA hai="50" /><V125/><F125/><T46/><D68/><U84/><E71/><V134/><F134/><T39/><D74/><U128/><E135/><V32/><F32/><T85/><D77/><U40/><E40/><V100/><REACH who="2" step="1"/><F131/><REACH who="2" ten="333,448,259,0" step="2"/><T44/><D124/><U93/><E130/><V70/><F70/><T38/><D117/><U45/><E129/><V34/><F34/><T64/><D116/><U79/><E128/><V55/><F55/><T61/><D66/><AGARI ba="0,1" hai="47,48,52,65,66,67,76,78,99,100,106" m="29184,31008,31520" machi="66" ten="70,24000,3" yaku="1,1,52,3,54,1,53,3" doraHai="89,50" doraHaiUra="51,119" who="2" fromWho="0" sc="333,-240,448,0,259,250,0,0" /><INIT seed="2,1,0,5,3,129" ten="93,448,509,0" oya="2" hai0="56,67,45,120,71,42,40,48,124,96,98,81,130" hai1="82,132,1,122,51,54,86,103,117,77,119,93,52" hai2="32,35,89,41,50,121,109,53,43,101,118,105,133" hai3=""/><V58/><N who="2" m="31008" /><V83/><F118/><N who="1" m="45065" /><E1/><V3/><F3/><T49/><N who="0" m="30752" /><T64/><D130/><U91/><N who="1" m="31264" /><U134/><E103/><V92/><F43/><T79/><D71/><U80/><E80/><V104/><F104/><T65/><D124/><U84/><E51/><V88/><F89/><T95/><D56/><U100/><E100/><V69/><F69/><T68/><D68/><U0/><E0/><V37/><F83/><T46/><REACH who="0" step="1"/><D95/><REACH who="0" ten="83,448,509,0" step="2"/><U34/><E34/><V60/><F92/><T123/><N who="0" m="31520" /><T33/><D33/><U113/><E113/><V38/><F58/><T125/><D125/><U63/><E63/><V70/><F60/><T66/><N who="0" m="16384" /><DORA hai="61" /><T107/><D107/><U114/><E114/><V115/><F105/><T106/><D106/><U72/><E72/><AGARI ba="1,1" hai="40,42,45,46,48,49,72,79,81,96,98" m="16384,31520,30752" machi="72" ten="50,16000,3" yaku="1,1,9,1,52,6,53,0" doraHai="129,61" doraHaiUra="102,135" who="0" fromWho="1" sc="83,172,448,-162,509,0,0,0" /><INIT seed="4,0,0,1,1,126" ten="255,286,509,0" oya="0" hai0="62,108,72,75,107,68,32,82,46,119,61,35,48" hai1="73,40,132,81,127,44,47,67,118,78,87,99,51" hai2="59,0,90,102,69,96,100,93,97,1,101,42,52" hai3=""/><T117/><D107/><U110/><E127/><V91/><F69/><T86/><D108/><U54/><E110/><V98/><F42/><T113/><D113/><U106/><E118/><V120/><N who="2" m="30752" /><V50/><F1/><T39/><D39/><U36/><E132/><V43/><F0/><T71/><D86/><U128/><E67/><V41/><F41/><T64/><D48/><U134/><E134/><V77/><F43/><T53/><D46/><U65/><E65/><V63/><F77/><T95/><D95/><U114/><E114/><V49/><F91/><T58/><D82/><U38/><E38/><V56/><F50/><T88/><D88/><U103/><REACH who="1" step="1"/><E87/><REACH who="1" ten="255,276,509,0" step="2"/><V34/><F34/><T125/><D125/><U79/><E79/><V92/><F98/><T89/><D32/><U131/><AGARI ba="0,1" hai="36,40,44,47,51,54,73,78,81,99,103,106,128,131" machi="131" ten="30,5900,0" yaku="1,1,0,1,52,2,53,0" doraHai="126" doraHaiUra="60" who="1" fromWho="1" sc="255,-39,276,69,509,-20,0,0" /><INIT seed="5,0,0,3,1,80" ten="216,345,489,0" oya="1" hai0="58,67,40,106,83,42,66,56,125,84,90,59,93" hai1="89,92,63,44,109,129,77,57,135,126,96,69,87" hai2="41,53,34,35,118,117,94,32,133,120,124,74,68" hai3=""/><U88/><E129/><V36/><N who="2" m="30752" /><V45/><F74/><T76/><D106/><U46/><E135/><V102/><F68/><T78/><D125/><U85/><E126/><V48/><F124/><T128/><D128/><U101/><E109/><V62/><F133/><T127/><D127/><U71/><E69/><V116/><F62/><T3/><D3/><U122/><N who="1" m="31264" /><U55/><E71/><V123/><N who="2" m="31520" /><V49/><F53/><T0/><D0/><U112/><E112/><V119/><F119/><T2/><D2/><U75/><E77/><V1/><F1/><T97/><REACH who="0" step="1"/><D76/><REACH who="0" ten="206,345,489,0" step="2"/><U110/><E110/><V79/><F79/><T131/><D131/><U50/><E75/><V73/><F73/><T134/><D134/><U99/><E99/><V111/><F111/><T105/><D105/><U38/><E38/><V121/><N who="2" m="31008" /><V95/><F118/><T132/><D132/><U43/><E46/><V100/><F117/><T91/><D91/><AGARI ba="0,1" hai="43,44,50,55,57,63,85,87,88,89,91,92,96,101" m="31264" machi="91" ten="40,12000,1" yaku="8,1,52,3,54,1" doraHai="80" who="1" fromWho="0" sc="206,-120,345,130,489,0,0,0" /><INIT seed="5,1,0,0,0,58" ten="86,475,489,0" oya="1" hai0="96,107,116,88,34,53,57,67,114,51,111,59,87" hai1="69,128,124,63,41,3,50,122,83,113,70,71,91" hai2="60,134,110,131,77,81,135,126,49,93,36,65,52" hai3=""/><U48/><N who="1" m="31264" /><U101/><E3/><V43/><F110/><T100/><D111/><U56/><E113/><V73/><F131/><T98/><D114/><U129/><E101/><V132/><F126/><T133/><D133/><U42/><E124/><V37/><F43/><N who="1" m="16393" /><E91/><V84/><F73/><T89/><D116/><U97/><E97/><V104/><F93/><T85/><D34/><U80/><E80/><V0/><F104/><T40/><D40/><U94/><E94/><V123/><N who="2" m="31520" /><V99/><F99/><T108/><D108/><U47/><E47/><V72/><F72/><T109/><D109/><U105/><E83/><V92/><F92/><T86/><D98/><U45/><E45/><V46/><F0/><T117/><D117/><U1/><E1/><V66/><REACH who="2" step="1"/><F66/><REACH who="2" ten="86,475,479,0" step="2"/><T33/><D33/><U55/><E105/><V120/><N who="2" m="30752" /><V106/><F106/><T68/><D107/><U64/><E64/><V118/><F118/><T115/><D96/><U44/><E44/><V102/><F102/><T32/><D115/><U103/><E103/><V76/><F76/><T79/><D100/><U35/><E35/><V61/><F61/><T75/><D32/><U90/><E90/><V119/><F119/><T78/><D88/><RYUUKYOKU ba="1,1" sc="86,-20,475,10,479,10,0,0" hai1="48,50,55,56,63,69,70,71,128,129" hai2="36,37,46,49,52,60,65,77,81,84,132,134,135" /><INIT seed="5,2,1,3,4,33" ten="66,485,489,0" oya="1" hai0="81,46,110,88,84,122,83,117,96,118,134,91,111" hai1="86,48,1,113,51,120,123,102,50,56,101,45,114" hai2="64,125,80,108,58,98,66,95,55,41,68,78,75" hai3=""/><U124/><N who="1" m="30752" /><U47/><N who="1" m="31520" /><U43/><E124/><V65/><F125/><T57/><N who="0" m="31264" /><T100/><D57/><U105/><E1/><V53/><F108/><T35/><D46/><U34/><E34/><V126/><F126/><T119/><D35/><U133/><E133/><V32/><F32/><T74/><D134/><U107/><E86/><V69/><F41/><T135/><D135/><U87/><E87/><V62/><REACH who="2" step="1"/><F55/><REACH who="2" ten="66,485,479,0" step="2"/><T54/><D54/><U103/><E43/><V104/><F104/><N who="1" m="40009" /><E56/><V39/><F39/><T67/><D67/><U60/><E60/><V109/><F109/><T93/><REACH who="0" step="1"/><D100/><AGARI ba="2,2" hai="53,58,62,64,65,66,68,69,75,78,80,95,98,100" machi="100" ten="40,2600,0" yaku="1,1,53,1" doraHai="33" doraHaiUra="99" who="2" fromWho="0" sc="66,-30,485,0,479,50,0,0" /><INIT seed="6,0,0,1,4,106" ten="36,485,529,0" oya="2" hai0="65,66,114,67,0,120,47,43,123,75,127,32,133" hai1="85,95,101,87,56,105,52,1,64,37,71,128,60" hai2="135,92,112,49,116,79,57,102,81,41,63,46,126" hai3=""/><V83/><F116/><T69/><N who="0" m="30752" /><T50/><D66/><U94/><E1/><V59/><F135/><T89/><D65/><U98/><E128/><V121/><N who="2" m="31008" /><V36/><F126/><T44/><D67/><U108/><E108/><V107/><F107/><T34/><D47/><U82/><E37/><V73/><F112/><T70/><D44/><U124/><E124/><V86/><F36/><T131/><D50/><U129/><E129/><V88/><F63/><T3/><D43/><U125/><E125/><V110/><F110/><T53/><D53/><U58/><E71/><V104/><F83/><T74/><D89/><U68/><E68/><V35/><F35/><T77/><D77/><U62/><REACH who="1" step="1"/><E85/><REACH who="1" ten="36,475,529,0" step="2"/><V76/><F76/><AGARI ba="0,1" hai="52,56,58,60,62,64,76,82,87,94,95,98,101,105" machi="76" ten="30,7700,0" yaku="1,1,2,1,7,1,54,1,53,0" doraHai="106" doraHaiUra="45" who="1" fromWho="2" sc="36,0,475,87,529,-77,0,0" owari="36,-56.0,562,51.0,452,5.0,0,0.0" /></mjloggm>