<mjloggm ver="2.3"><GO type="169" lobby="0"/><UN n0="%E3%83%9C%E3%83%9E%E3%83%BC" n1="%6B%6F%69%74%74%65" n2="%E6%A1%83%E4%B8%B8%E3%81%AD%E3%81%8F%E3%81%A8" n3="%E3%83%90%E3%83%84%EF%BC%86%E3%83%86%E3%83%B3" dan="16,17,16,17" rate="2205.27,2208.39,2144.89,2217.87" sx="M,F,F,M"/><TAIKYOKU oya="0"/><INIT seed="0,0,0,4,1,0" ten="250,250,250,250" oya="0" hai0="117,105,31,100,112,13,30,51,70,72,26,53,3" hai1="128,8,39,52,119,44,14,73,88,135,48,4,47" hai2="126,97,86,36,89,90,101,125,18,131,115,45,25" hai3="1,40,121,107,93,66,68,21,43,108,98,64,95"/><T6/><D72/><U94/><E135/><V9/><F115/><W49/><G1/><T124/><D112/><U96/><E128/><V91/><F131/><W63/><G121/><T42/><D117/><U102/><E73/><V79/><F79/><W46/><G108/><T103/><D42/><U23/><E119/><V92/><F45/><W123/><G123/><T19/><D70/><U134/><E134/><V20/><F36/><W5/><G5/><T58/><D31/><U114/><E114/><V61/><F61/><W130/><G40/><T74/><D105/><U109/><E109/><V77/><F9/><W28/><G130/><T37/><D37/><U54/><E23/><V65/><F65/><W82/><G82/><T127/><D74/><U129/><E129/><V104/><REACH who="2" step="1"/><F77/><REACH who="2" ten="250,250,240,250" step="2"/><W15/><G66/><T41/><D124/><AGARI ba="0,1" hai="18,20,25,86,89,90,91,92,97,101,104,124,125,126" machi="124" ten="40,12000,2" yaku="1,1,2,1,18,1,53,3" doraHai="0" doraHaiUra="85" who="2" fromWho="0" sc="250,-120,250,0,240,130,250,0" /><INIT seed="1,0,0,3,0,70" ten="130,250,370,250" oya="1" hai0="24,76,6,107,97,32,55,47,74,103,113,88,35" hai1="78,93,119,22,52,26,114,128,45,34,37,15,27" hai2="105,1,12,127,71,50,58,14,21,120,68,4,5" hai3="81,90,125,9,89,54,117,131,30,116,57,28,124"/><U62/><E114/><V135/><F120/><W20/><G9/><T92/><D113/><U49/><E119/><N who="3" m="45642" /><G131/><T115/><D115/><U2/><E128/><V99/><F1/><W16/><G81/><T19/><D6/><U80/><E2/><V96/><F50/><N who="3" m="30935" /><G90/><T43/><D55/><U106/><E106/><V63/><F105/><W91/><G91/><T104/><D104/><U41/><E93/><V11/><F11/><W64/><G64/><T111/><D111/><U67/><E15/><V132/><F58/><W3/><G89/><T56/><D56/><U94/><E94/><V123/><F63/><W10/><G10/><T42/><D42/><U133/><E133/><V77/><F77/><W98/><G98/><T79/><D79/><U48/><E34/><V95/><F95/><W33/><G33/><T75/><D75/><U100/><E100/><V25/><F21/><W121/><G3/><T109/><D109/><U46/><E22/><V82/><F82/><W17/><G17/><T40/><D40/><U134/><E134/><V59/><F59/><W110/><G110/><T36/><D19/><U84/><E48/><V102/><F102/><W39/><G39/><T130/><D24/><U31/><E31/><N who="3" m="11818" /><G121/><T126/><D130/><U69/><AGARI ba="0,0" hai="26,27,37,41,45,46,49,52,62,67,69,78,80,84" machi="69" ten="20,7800,0" yaku="0,1,7,1,52,1,54,1" doraHai="70" who="1" fromWho="1" sc="130,-26,250,78,370,-26,250,-26" /><INIT seed="1,1,0,3,4,35" ten="104,328,344,224" oya="1" hai0="105,12,86,88,96,112,87,18,8,59,73,92,81" hai1="36,116,41,109,77,108,67,46,74,14,62,135,16" hai2="6,34,76,48,63,131,1,95,47,13,122,61,25" hai3="69,100,0,121,43,38,123,23,101,24,114,17,49"/><U72/><E135/><V78/><F122/><W56/><G69/><T120/><D112/><U98/><E116/><V103/><F13/><W64/><G114/><T5/><D120/><U20/><E98/><V111/><F111/><N who="1" m="42569" /><E77/><V128/><F34/><W7/><G38/><T19/><D105/><U89/><E89/><V118/><F25/><W84/><G84/><T97/><D73/><U124/><E124/><V117/><F103/><W94/><G123/><T26/><D59/><AGARI ba="1,0" hai="14,16,20,36,41,46,59,62,67,72,74" m="42569" machi="59" ten="30,5800,0" yaku="14,1,10,1,54,1" doraHai="35" who="1" fromWho="0" sc="104,-61,328,61,344,0,224,0" /><INIT seed="1,2,0,0,3,15" ten="43,389,344,224" oya="1" hai0="73,116,70,63,5,4,93,74,44,20,36,81,120" hai1="130,43,129,42,82,125,47,122,29,32,113,34,95" hai2="19,11,128,133,83,104,7,110,37,131,66,58,67" hai3="13,65,59,51,89,22,90,56,88,52,50,107,8"/><U24/><E113/><V0/><F37/><W77/><G107/><T9/><D120/><U114/><E122/><V84/><F110/><W54/><G77/><T40/><D116/><U41/><E114/><V25/><F104/><W78/><G65/><T12/><D93/><U28/><E125/><V132/><F66/><W21/><G78/><T100/><D100/><U94/><E82/><V97/><F97/><W72/><REACH who="3" step="1"/><G72/><REACH who="3" ten="43,389,344,214" step="2"/><T31/><D73/><U23/><E130/><V62/><F131/><W17/><AGARI ba="2,1" hai="8,13,17,21,22,50,51,52,54,56,59,88,89,90" machi="17" ten="30,16000,3" yaku="1,1,2,1,0,1,9,1,8,1,52,1,54,2,53,0" doraHai="15" doraHaiUra="30" who="3" fromWho="3" sc="43,-42,389,-82,344,-42,214,176" /><INIT seed="2,0,0,0,0,132" ten="1,307,302,390" oya="2" hai0="88,131,112,13,80,18,79,25,16,133,92,84,116" hai1="8,74,102,130,66,135,95,72,47,33,34,73,51" hai2="12,122,117,99,109,81,77,37,7,48,118,113,76" hai3="110,58,30,121,20,11,38,3,19,23,10,15,57"/><V46/><F113/><W119/><G110/><T40/><D133/><U14/><E135/><V9/><F122/><W55/><G121/><T98/><D112/><U67/><E130/><V2/><F109/><W45/><G119/><T91/><D116/><U1/><E1/><V123/><F123/><W103/><G103/><T106/><D106/><U100/><E95/><V21/><F77/><W61/><G3/><T120/><D120/><U29/><E29/><V96/><F96/><W83/><G83/><T126/><D126/><U28/><E28/><V85/><F37/><W6/><G6/><T71/><D71/><U4/><E102/><V44/><F44/><W35/><G35/><T111/><D131/><U65/><REACH who="1" step="1"/><E100/><REACH who="1" ten="1,297,302,390" step="2"/><V39/><F99/><W108/><G108/><T36/><D111/><U53/><AGARI ba="0,1" hai="4,8,14,33,34,47,51,53,65,66,67,72,73,74" machi="53" ten="40,12000,2" yaku="1,1,2,1,0,1,53,3" doraHai="132" doraHaiUra="105" who="1" fromWho="1" sc="1,-30,297,130,302,-60,390,-30" owari="-29,-53.0,427,53.0,242,-16.0,360,16.0" /></mjloggm>