<mjloggm ver="2.3"><GO type="169" lobby="0"/><UN n0="%E3%82%8B%E3%83%BC%E3%81%BF%E3%81%A3%E3%81%8F" n1="%E3%81%AF%E3%81%BF%E3%82%82%E3%82%93" n2="%E6%94%BE%E9%8A%83%E7%8E%8B%EF%BC%94" n3="%40%6B%6B%6B" dan="16,18,17,16" rate="2117.77,2225.41,2208.69,2145.13" sx="M,M,F,M"/><TAIKYOKU oya="0"/><INIT seed="0,0,0,3,5,12" ten="250,250,250,250" oya="0" hai0="7,1,89,68,70,114,44,122,81,129,52,66,13" hai1="21,132,99,24,9,123,51,46,33,49,22,37,54" hai2="32,45,47,79,112,6,117,120,55,82,80,73,105" hai3="25,28,50,92,87,18,36,94,133,31,131,130,3"/><T59/><D122/><U57/><E132/><V85/><F120/><W134/><G36/><T113/><D1/><U83/><E37/><V61/><F112/><W118/><G3/><T125/><D125/><U60/><E33/><V62/><F105/><W72/><G72/><T0/><D0/><U102/><E9/><V56/><F32/><W4/><G4/><T106/><D106/><U16/><E123/><V15/><F117/><W74/><G74/><T84/><D129/><N who="3" m="49161" /><G50/><T19/><D7/><U116/><E116/><V126/><F126/><W124/><G118/><T121/><D121/><U2/><E2/><V107/><F107/><W108/><G108/><T93/><D44/><U90/><E21/><V23/><F62/><W17/><G124/><T8/><D81/><U115/><E115/><V40/><F40/><W20/><G31/><T30/><D30/><U91/><E49/><V135/><F135/><N who="3" m="51723" /><G94/><T64/><D114/><U76/><E102/><V101/><F101/><W95/><G92/><T63/><REACH who="0" step="1"/><D113/><REACH who="0" ten="240,250,250,250" step="2"/><U98/><E98/><V127/><F127/><W128/><G128/><T69/><AGARI ba="0,1" hai="8,13,19,52,59,63,64,66,68,69,70,84,89,93" machi="69" ten="30,18000,2" yaku="1,1,2,1,0,1,52,1,54,1,53,1" doraHai="12" doraHaiUra="53" who="0" fromWho="0" sc="240,190,250,-60,250,-60,250,-60" /><INIT seed="0,1,0,1,4,6" ten="430,190,190,190" oya="0" hai0="16,73,112,76,29,50,53,10,109,17,94,133,114" hai1="22,104,91,119,116,98,134,54,78,8,84,105,36" hai2="28,132,80,129,41,45,47,25,121,103,124,100,97" hai3="75,71,135,5,126,56,59,111,4,30,14,48,90"/><T99/><D133/><U57/><E36/><V9/><F121/><W79/><G71/><T0/><D29/><U58/><E134/><V51/><F132/><W3/><G3/><T39/><D39/><U67/><E78/><V49/><F129/><W12/><G30/><T40/><D40/><U33/><E33/><V110/><F110/><W66/><G111/><T42/><D42/><U13/><E22/><V70/><F70/><W122/><G90/><T86/><D73/><U64/><E98/><V102/><F124/><W127/><G79/><T123/><D123/><U85/><E13/><V37/><F37/><W2/><G2/><T26/><D109/><U89/><REACH who="1" step="1"/><E54/><REACH who="1" ten="430,180,190,190" step="2"/><V125/><F125/><W68/><G135/><T23/><D0/><U81/><E81/><V38/><F80/><W61/><G122/><T92/><D76/><U65/><E65/><V46/><F38/><W18/><G66/><T15/><D86/><U82/><E82/><V63/><F41/><W20/><G20/><T55/><D53/><U32/><E32/><V21/><F97/><W60/><G75/><T93/><REACH who="0" step="1"/><D99/><REACH who="0" ten="420,180,190,190" step="2"/><U44/><E44/><AGARI ba="1,2" hai="10,15,16,17,23,26,44,50,55,92,93,94,112,114" machi="44" ten="40,12000,1" yaku="1,1,2,1,52,1,54,1,53,1" doraHai="6" doraHaiUra="11" who="0" fromWho="1" sc="420,143,180,-123,190,0,190,0" /><INIT seed="0,2,0,4,4,32" ten="563,57,190,190" oya="0" hai0="33,42,72,8,73,106,86,124,43,132,109,0,56" hai1="91,20,127,84,52,47,63,96,89,40,39,80,67" hai2="123,122,1,44,18,19,13,45,48,116,87,28,113" hai3="27,21,107,9,4,94,68,16,66,108,74,34,6"/><T100/><D33/><U22/><E127/><V41/><F113/><W97/><G74/><T117/><D124/><U10/><E10/><V111/><F111/><W95/><G108/><T57/><D117/><U93/><REACH who="1" step="1"/><E52/><REACH who="1" ten="563,47,190,190" step="2"/><V53/><F53/><W126/><G126/><T78/><D109/><U5/><E5/><V133/><F116/><W23/><G6/><T60/><D43/><U75/><E75/><V71/><F41/><W135/><G4/><T30/><D42/><U115/><E115/><V110/><F110/><W36/><G9/><T85/><D8/><U121/><E121/><V49/><F122/><W83/><G66/><T15/><D72/><U102/><E102/><V92/><F123/><W134/><G134/><T118/><D100/><U65/><E65/><V62/><F133/><W105/><G135/><T128/><D132/><U3/><E3/><V25/><F1/><W82/><G34/><T103/><D0/><U76/><E76/><V120/><F120/><W54/><G54/><T90/><D78/><U98/><E98/><V101/><F101/><W38/><G97/><T64/><D103/><U55/><E55/><V119/><F119/><W51/><G23/><T99/><D118/><U14/><E14/><V77/><F13/><W31/><G21/><T37/><D15/><U35/><E35/><N who="2" m="20879" /><F77/><W79/><G79/><T125/><D125/><U61/><E61/><V46/><F48/><W7/><G51/><T26/><D60/><U17/><E17/><V2/><F2/><W112/><G16/><T129/><D99/><U131/><E131/><V24/><F49/><RYUUKYOKU ba="2,1" sc="563,-10,47,30,190,-10,190,-10" hai1="20,22,39,40,47,63,67,80,84,89,91,93,96" /><INIT seed="1,3,1,2,2,130" ten="553,77,180,180" oya="1" hai0="77,27,123,93,127,29,28,40,84,124,89,102,101" hai1="25,72,18,38,22,49,59,43,114,0,74,105,73" hai2="9,109,20,115,125,78,35,82,134,104,61,4,58" hai3="41,133,39,34,1,10,45,66,68,90,48,121,92"/><U47/><E114/><V36/><F109/><W17/><G34/><T32/><D123/><U16/><E0/><V62/><F35/><W67/><G121/><T118/><D118/><U44/><E105/><V110/><F110/><W117/><G117/><T14/><D29/><U57/><REACH who="1" step="1"/><E18/><REACH who="1" ten="553,67,180,180" step="2"/><V135/><F104/><W31/><G1/><T46/><D127/><U75/><N who="1" m="18432" /><DORA hai="103" /><U54/><AGARI ba="3,2" hai="16,22,25,38,43,44,47,49,54,57,59" m="18432" machi="54" ten="60,12000,1" yaku="1,1,4,1,0,1,54,1,53,0" doraHai="130,103" doraHaiUra="87,56" who="1" fromWho="1" sc="553,-43,67,149,180,-43,180,-43" /><INIT seed="1,4,0,0,1,130" ten="510,216,137,137" oya="1" hai0="4,112,3,135,2,69,101,78,36,50,80,131,47" hai1="95,57,127,107,41,55,134,122,114,68,60,34,104" hai2="96,13,1,11,7,77,63,44,124,90,49,132,23" hai3="72,92,58,110,9,86,125,119,32,66,89,73,97"/><U5/><E114/><V48/><F124/><W102/><G32/><T67/><D112/><U29/><E122/><V46/><F77/><W22/><G125/><T16/><D131/><U20/><E34/><V37/><F37/><W33/><G33/><T81/><D101/><U64/><E5/><V108/><F108/><W0/><G110/><T99/><D99/><U121/><E121/><V53/><F63/><W61/><G119/><T14/><D36/><U35/><E35/><V106/><F132/><W27/><G9/><T28/><D135/><U88/><E41/><V39/><F39/><W6/><G6/><T83/><D28/><U85/><E127/><V71/><F71/><W42/><G42/><T82/><D4/><U74/><E74/><V111/><F111/><W31/><REACH who="3" step="1"/><G0/><REACH who="3" ten="510,216,137,127" step="2"/><T94/><D2/><U19/><E134/><V30/><F1/><W123/><G123/><T100/><D3/><U59/><E68/><V115/><F115/><W118/><G118/><T15/><D69/><U25/><REACH who="1" step="1"/><E29/><REACH who="1" ten="510,206,137,127" step="2"/><V24/><F30/><W43/><G43/><T126/><D126/><U129/><E129/><V93/><F7/><W133/><G133/><T65/><D78/><U84/><E84/><V87/><F87/><W120/><G120/><T128/><D128/><U75/><E75/><V117/><F117/><W45/><G45/><T79/><D79/><U62/><AGARI ba="4,2" hai="19,20,25,55,57,59,60,62,64,85,88,95,104,107" machi="62" ten="20,12000,1" yaku="1,1,0,1,7,1,54,1,53,1" doraHai="130" doraHaiUra="12" who="1" fromWho="1" sc="510,-44,206,152,137,-44,127,-44" /><INIT seed="1,5,0,3,3,101" ten="466,358,93,83" oya="1" hai0="111,7,5,130,100,34,72,103,88,110,75,96,56" hai1="119,84,24,43,50,39,8,33,134,94,112,123,106" hai2="113,13,86,48,32,124,47,132,38,57,28,82,58" hai3="99,18,36,51,31,65,10,55,42,109,97,120,16"/><U20/><E112/><V95/><F113/><W40/><G109/><N who="0" m="41483" /><D34/><U62/><E119/><V23/><F38/><W0/><G65/><T73/><D56/><U6/><E39/><V67/><F132/><W91/><G31/><T131/><D7/><U46/><E33/><V66/><F124/><W53/><G120/><T30/><D30/><U87/><E134/><V83/><F32/><W15/><G0/><T9/><D88/><U14/><E106/><V70/><F70/><W116/><G116/><T121/><D121/><U77/><E123/><V37/><F58/><N who="3" m="33087" /><G36/><T49/><D49/><U127/><E127/><V117/><F37/><W92/><G99/><T27/><D27/><U61/><E84/><V52/><F117/><W60/><G18/><T21/><D21/><U98/><E98/><V41/><F67/><W81/><G81/><T126/><D126/><U128/><E128/><N who="0" m="49193" /><D96/><U26/><E26/><N who="2" m="16479" /><F13/><AGARI ba="5,0" hai="5,9,13,72,73,75,100,103" m="49193,41483" machi="13" ten="40,2600,0" yaku="14,1,19,1" doraHai="101" who="0" fromWho="2" sc="466,41,358,0,93,-41,83,0" /><INIT seed="2,0,0,5,3,119" ten="507,358,52,83" oya="2" hai0="94,80,31,65,20,134,127,10,113,81,130,73,129" hai1="14,54,13,5,56,87,55,116,33,9,97,21,0" hai2="115,32,93,133,8,24,125,109,132,61,36,15,124" hai3="41,3,17,63,48,100,114,16,101,28,51,4,1"/><V72/><F115/><W47/><G28/><T131/><D113/><U128/><E33/><V2/><F36/><W53/><G114/><T110/><D65/><U85/><E116/><V68/><F72/><W12/><G63/><T106/><D106/><U123/><E0/><V102/><F93/><W49/><G4/><T25/><D134/><N who="2" m="51818" /><F102/><W89/><G17/><T98/><D127/><N who="2" m="48714" /><F109/><W45/><G51/><T71/><D71/><U6/><E87/><V104/><F104/><W39/><G39/><T108/><D10/><U66/><E85/><V42/><F42/><W120/><G120/><T40/><D40/><U57/><E123/><V43/><F43/><W58/><G47/><T29/><D29/><U60/><E9/><V99/><F99/><W105/><G105/><T83/><D73/><U27/><E97/><V46/><F46/><W90/><G101/><AGARI ba="0,0" hai="20,25,31,80,81,83,94,98,101,108,110,129,130,131" machi="101" ten="50,1600,0" yaku="19,1" doraHai="119" who="0" fromWho="3" sc="507,16,358,0,52,0,83,-16" /><INIT seed="3,0,0,2,4,53" ten="523,358,52,67" oya="3" hai0="73,100,50,117,103,8,118,59,90,129,107,106,6" hai1="77,94,5,14,9,17,127,54,120,36,66,46,108" hai2="16,70,68,49,112,1,69,33,95,124,71,72,43" hai3="109,11,76,55,39,57,121,87,122,19,99,30,102"/><W79/><G39/><T85/><D73/><U52/><E120/><V135/><N who="2" m="17920" /><DORA hai="104" /><V0/><F112/><W25/><G19/><T13/><D129/><U60/><E108/><V110/><F33/><W2/><G109/><T35/><D35/><U20/><E127/><V98/><F110/><W131/><G131/><T27/><D27/><U82/><E94/><V23/><F124/><W10/><G2/><T111/><D111/><U4/><E4/><V116/><F72/><W91/><G122/><T29/><D29/><U32/><E32/><V65/><F65/><W41/><G41/><T119/><D107/><U113/><E113/><V21/><F21/><N who="3" m="15663" /><G99/><T93/><D106/><U62/><E62/><V22/><F22/><W88/><G102/><T64/><D103/><U81/><E81/><V34/><F34/><W130/><G121/><T47/><D100/><U61/><E61/><V44/><F116/><W128/><G128/><T75/><D75/><N who="1" m="43327" /><E60/><V114/><F114/><W92/><G91/><T97/><D64/><U126/><E66/><V125/><F125/><W78/><G130/><T24/><D119/><U83/><E83/><V115/><F115/><W58/><G55/><T89/><D118/><U40/><E126/><V28/><F28/><W56/><AGARI ba="0,0" hai="10,11,56,57,58,76,78,79,87,88,92" m="15663" machi="56" ten="30,12000,1" yaku="8,1,52,3,54,1" doraHai="53,104" who="3" fromWho="3" sc="523,-40,358,-40,52,-40,67,120" /><INIT seed="3,1,0,1,4,30" ten="483,318,12,187" oya="3" hai0="49,38,131,32,29,46,52,87,105,41,90,120,4" hai1="92,124,53,100,85,123,113,129,17,34,86,69,54" hai2="51,101,27,115,20,44,5,71,14,66,0,130,102" hai3="65,88,56,98,35,109,47,96,28,58,61,42,104"/><W55/><G109/><T74/><D74/><U15/><E69/><V132/><F0/><W18/><G104/><T33/><D120/><U118/><E34/><V76/><F115/><W106/><G106/><T93/><D105/><U99/><E124/><V70/><F130/><W3/><G3/><T12/><D29/><U94/><E113/><V67/><F76/><W81/><G18/><T63/><D131/><U10/><E118/><V77/><F77/><W128/><G128/><T7/><D63/><U91/><E123/><V133/><F71/><W60/><G28/><T119/><D119/><U11/><E129/><V116/><F116/><W26/><G26/><T40/><D40/><U73/><E73/><V135/><F14/><W9/><G9/><T68/><D68/><U2/><E2/><V79/><F79/><W8/><G8/><T126/><D12/><N who="1" m="7319" /><E86/><V23/><F5/><AGARI ba="1,0" hai="5,11,15,53,54,85,91,92,94,99,100" m="7319" machi="5" ten="30,1000,0" yaku="8,1" doraHai="30" who="1" fromWho="2" sc="483,0,318,13,12,-13,187,0" owari="483,58.0,331,13.0,-1,-50.0,187,-21.0" /></mjloggm>