<mjloggm ver="2.3"><GO type="169" lobby="0"/><UN n0="%E7%AD%89%E3%80%85%E5%8A%9B%E5%8A%87%E5%A0%B4" n1="%73%7A%2E%64%31" n2="%74%6F%72%69%30%36%31%32" n3="%E7%89%87%E5%B2%A1%E7%AF%A4%E5%8F%B2" dan="16,16,17,17" rate="2070.65,2091.66,2202.57,2152.84" sx="M,M,M,M"/><TAIKYOKU oya="0"/><INIT seed="0,0,0,3,0,65" ten="250,250,250,250" oya="0" hai0="2,101,15,78,3,70,119,4,33,83,64,102,81" hai1="11,100,18,69,13,1,107,94,34,110,113,0,49" hai2="131,134,57,5,17,108,98,93,68,111,28,80,44" hai3="20,115,85,45,51,21,46,25,99,75,62,130,23"/><T32/><D15/><U84/><E110/><N who="2" m="42027" /><F131/><W125/><G75/><T72/><D119/><U47/><E113/><V77/><F5/><W24/><G115/><T97/><D83/><U54/><E34/><V86/><F28/><W106/><G125/><T114/><D114/><U9/><E107/><V66/><F57/><W27/><G130/><T127/><D102/><U126/><E126/><V52/><F17/><W123/><G123/><T50/><D50/><U128/><E128/><V112/><F134/><W41/><G85/><T8/><D2/><U87/><E69/><V30/><F30/><W26/><G106/><N who="0" m="63791" /><D127/><U105/><E105/><V103/><F112/><W135/><G99/><T55/><D55/><U36/><E36/><V109/><F109/><W71/><G135/><T6/><D4/><U42/><E1/><V76/><F76/><W117/><G117/><T73/><D73/><U43/><E0/><V118/><F118/><W92/><G45/><T67/><D67/><U116/><E116/><V12/><F12/><W59/><G71/><T95/><D95/><U40/><E11/><V14/><F14/><W19/><REACH who="3" step="1"/><G92/><REACH who="3" ten="250,250,250,240" step="2"/><T22/><D70/><U120/><E120/><V122/><F122/><W31/><G31/><T37/><D72/><U56/><E47/><V129/><F129/><W74/><G74/><T82/><D82/><U104/><E104/><V58/><F44/><W96/><G96/><AGARI ba="0,1" hai="9,13,18,40,42,43,49,54,56,84,87,94,96,100" machi="96" ten="40,1300,0" yaku="8,1" doraHai="65" who="1" fromWho="3" sc="250,0,250,23,250,0,240,-13" /><INIT seed="1,0,0,5,1,31" ten="250,273,250,227" oya="1" hai0="14,25,56,5,49,57,84,116,127,12,75,115,121" hai1="17,51,0,64,107,27,36,28,11,131,106,109,44" hai2="60,81,72,87,4,89,8,24,129,80,88,10,35" hai3="104,46,128,91,78,38,30,45,130,103,16,98,135"/><U39/><E131/><N who="3" m="50218" /><G38/><T62/><D75/><U37/><E64/><V2/><F129/><W3/><G3/><T83/><D116/><U43/><E109/><V133/><F133/><W61/><G78/><T101/><D115/><U120/><E120/><V42/><F42/><W29/><G91/><T70/><D70/><U50/><E50/><V114/><F114/><W7/><G7/><T108/><D127/><U67/><E67/><V82/><F8/><W69/><G16/><T73/><D73/><U102/><E17/><V92/><F60/><W19/><G19/><T132/><D132/><U112/><E112/><V118/><F118/><W74/><G74/><T13/><D108/><U100/><E100/><V48/><F48/><W134/><G29/><T41/><D121/><U15/><E15/><V53/><F53/><W96/><G30/><T26/><D5/><U9/><E9/><V33/><F72/><W77/><G77/><T124/><D124/><U23/><REACH who="1" step="1"/><E102/><REACH who="1" ten="250,263,250,227" step="2"/><V66/><F66/><N who="3" m="41167" /><G134/><T40/><D101/><U34/><E34/><V59/><F24/><W111/><G111/><T94/><D26/><U47/><E47/><V97/><REACH who="2" step="1"/><F59/><REACH who="2" ten="250,263,240,227" step="2"/><W71/><G135/><T95/><D57/><U32/><E32/><AGARI ba="0,2" hai="2,4,10,32,33,35,80,81,82,87,88,89,92,97" machi="32" ten="40,12000,2" yaku="1,1,2,1,52,3,54,1,53,0" doraHai="31" doraHaiUra="105" who="2" fromWho="1" sc="250,0,263,-120,240,140,227,0" /><INIT seed="2,0,0,3,5,74" ten="250,143,380,227" oya="2" hai0="33,105,50,4,91,2,25,47,28,112,72,123,79" hai1="1,135,18,40,113,117,69,85,0,106,61,127,32" hai2="20,88,48,96,109,124,15,24,110,132,101,108,121" hai3="60,129,131,22,14,8,7,43,92,30,76,119,86"/><V90/><F121/><W56/><G119/><T5/><D112/><U17/><E113/><V75/><F75/><W65/><G43/><T52/><D123/><U122/><E117/><V63/><F124/><W114/><G114/><T49/><D105/><U10/><E122/><V37/><F37/><W35/><G35/><T80/><D2/><U102/><E127/><V118/><F118/><W16/><G30/><T83/><D91/><U44/><E135/><V57/><F48/><W51/><G92/><T107/><D107/><U45/><E45/><V99/><F15/><W73/><G73/><T89/><REACH who="0" step="1"/><D49/><REACH who="0" ten="240,143,380,227" step="2"/><U55/><E1/><V3/><F3/><W39/><G51/><T38/><D38/><U97/><E0/><V23/><F132/><W66/><G39/><T21/><D21/><N who="2" m="8266" /><F24/><W53/><G131/><T34/><D34/><U62/><E32/><V104/><F96/><W58/><G129/><T70/><D70/><U46/><E69/><V6/><F90/><W125/><G125/><T19/><D19/><U115/><E18/><V133/><F133/><W27/><REACH who="3" step="1"/><G58/><REACH who="3" ten="240,143,380,217" step="2"/><T31/><D31/><U82/><E115/><V94/><F104/><W128/><G128/><T42/><D42/><U78/><E40/><V29/><F29/><W9/><G9/><T93/><D93/><U130/><E130/><V11/><F57/><W116/><G116/><T95/><D95/><U120/><E120/><V12/><F101/><W36/><G36/><T134/><D134/><U68/><E68/><V77/><F11/><W67/><G67/><T98/><D98/><U126/><E126/><RYUUKYOKU ba="0,2" sc="240,15,143,-15,380,-15,217,15" hai0="4,5,25,28,33,47,50,52,72,79,80,83,89" hai3="7,8,14,16,22,27,53,56,60,65,66,76,86" /><INIT seed="3,1,2,1,5,25" ten="255,128,365,232" oya="3" hai0="98,114,91,71,22,79,36,20,124,0,60,92,70" hai1="78,120,122,103,117,107,7,46,116,115,135,1,34" hai2="106,42,61,113,5,13,77,56,8,48,53,83,118" hai3="52,93,24,128,16,40,57,72,43,37,108,66,49"/><W67/><G72/><T29/><D0/><U41/><E78/><V119/><F106/><W74/><G74/><T99/><D36/><U132/><E103/><V55/><F113/><W17/><G128/><T26/><D124/><U86/><E107/><V27/><F27/><W73/><G73/><T68/><D114/><U105/><E86/><N who="2" m="48495" /><F55/><W85/><G37/><T11/><D79/><U21/><E105/><V104/><F104/><W18/><G108/><T64/><D22/><U28/><E21/><V88/><F88/><N who="3" m="53391" /><G24/><T94/><REACH who="0" step="1"/><D11/><REACH who="0" ten="245,128,365,232" step="2"/><N who="1" m="2543" /><E115/><V127/><F127/><W47/><G47/><AGARI ba="1,3" hai="5,8,13,42,47,48,53,56,61,118,119" m="48495" machi="47" ten="30,1000,0" yaku="25,1" doraHai="25" who="2" fromWho="3" sc="245,0,128,0,365,43,232,-13" /><INIT seed="4,0,0,3,1,49" ten="245,128,408,219" oya="0" hai0="16,95,85,59,74,67,24,34,96,15,105,118,57" hai1="90,51,93,104,66,28,114,64,133,111,7,68,107" hai2="78,113,21,38,62,23,121,131,103,39,52,32,13" hai3="2,8,14,77,119,53,17,19,102,48,98,87,76"/><T94/><D74/><U124/><E111/><V91/><F121/><W9/><G119/><T6/><D118/><U12/><E114/><V71/><F32/><W116/><G116/><T120/><D120/><U134/><E28/><V86/><F78/><W110/><G110/><T63/><D6/><U4/><E51/><V80/><F71/><W44/><G87/><T128/><D128/><U122/><E12/><V18/><F113/><W84/><G84/><T40/><D105/><U73/><E73/><V101/><F131/><W60/><G2/><T35/><D40/><U54/><E90/><V3/><F3/><W50/><G60/><T0/><D0/><U27/><E93/><V127/><F127/><W55/><G17/><T20/><D15/><U129/><E27/><V99/><F23/><W81/><G81/><T31/><D31/><U72/><E72/><V100/><F99/><W58/><REACH who="3" step="1"/><G8/><REACH who="3" ten="245,128,408,209" step="2"/><T106/><D85/><U10/><E10/><V5/><F5/><W36/><G36/><T112/><D112/><U41/><E129/><V123/><F123/><W132/><G132/><T45/><D63/><U83/><E83/><V115/><F115/><W25/><G25/><T109/><D24/><U92/><E7/><V47/><F62/><W75/><G75/><T65/><D16/><U108/><E4/><V130/><F130/><W97/><G97/><T61/><D96/><U88/><E134/><V29/><F29/><W33/><G33/><T26/><D35/><U46/><E133/><V70/><F70/><W11/><G11/><T43/><D34/><U56/><E68/><RYUUKYOKU ba="0,1" sc="245,-15,128,-15,408,15,209,15" hai2="13,18,21,38,39,47,52,80,86,91,100,101,103" hai3="9,14,19,44,48,50,53,55,58,76,77,98,102" /><INIT seed="5,1,1,2,4,23" ten="230,113,423,224" oya="1" hai0="122,51,65,6,120,54,100,39,16,81,37,4,85" hai1="11,38,75,59,25,89,1,48,68,106,131,58,34" hai2="129,29,36,12,119,47,66,103,31,102,2,5,14" hai3="107,127,42,104,46,40,72,97,130,35,64,77,123"/><U21/><E106/><V56/><F119/><W108/><G64/><T124/><D65/><U82/><E75/><V128/><F2/><W28/><G42/><T10/><D100/><N who="2" m="38442" /><F47/><W90/><G90/><T15/><D124/><U13/><E68/><V41/><F41/><W109/><G97/><T84/><D84/><U114/><E38/><V62/><F36/><N who="3" m="21767" /><G130/><N who="2" m="50281" /><F5/><W24/><G123/><N who="0" m="47147" /><D4/><U52/><E131/><V45/><F45/><W80/><G127/><T27/><D51/><U0/><E0/><V50/><F50/><W93/><G93/><T135/><D54/><U110/><E110/><AGARI ba="1,1" hai="24,28,35,72,77,80,104,107,108,109,110" m="21767" machi="110" ten="30,2000,0" yaku="23,1,52,1" doraHai="23" who="3" fromWho="1" sc="230,0,113,-23,423,0,224,33" /><INIT seed="6,0,0,0,0,58" ten="230,90,423,257" oya="2" hai0="57,125,65,77,69,80,104,135,115,102,68,13,114" hai1="108,106,43,128,95,91,23,127,103,82,24,113,72" hai2="54,60,17,11,10,25,122,134,49,62,74,63,109" hai3="12,45,116,101,121,6,86,79,20,2,67,99,112"/><V31/><F122/><W55/><G116/><T35/><D35/><U96/><E108/><V120/><F120/><W4/><G2/><T46/><D135/><U26/><E113/><N who="0" m="43017" /><D125/><U129/><E127/><V110/><F74/><W98/><G121/><T30/><D30/><U61/><E43/><V18/><F134/><W32/><G32/><T89/><D89/><U48/><E48/><V14/><F17/><N who="3" m="10279" /><G67/><T53/><D65/><U33/><E33/><V133/><F11/><W37/><G37/><T119/><D46/><U39/><E39/><V0/><F0/><W93/><G99/><N who="0" m="61535" /><D13/><U1/><E1/><V76/><F76/><W36/><G36/><T8/><D8/><U21/><E21/><V124/><F133/><W22/><G22/><T64/><D64/><U100/><E100/><V40/><F40/><W38/><G38/><T81/><D119/><U44/><E44/><N who="2" m="27943" /><F124/><W5/><G112/><T87/><D81/><U29/><E24/><V16/><F18/><W56/><G45/><T107/><D107/><U123/><E123/><V75/><F75/><W50/><G4/><T132/><D132/><U105/><E105/><V94/><F25/><W118/><G118/><T52/><D53/><U90/><E90/><V130/><F31/><W51/><G5/><T9/><D9/><U92/><E106/><V85/><F110/><W41/><G6/><T78/><D77/><N who="1" m="44327" /><E61/><AGARI ba="0,0" hai="52,57,61,68,69,78,80,87" m="61535,43017" machi="61" ten="30,3900,0" yaku="15,1,52,1,54,1" doraHai="58" who="0" fromWho="1" sc="230,39,90,-39,423,0,257,0" /><INIT seed="7,0,0,4,0,35" ten="269,51,423,257" oya="3" hai0="79,20,81,11,128,55,106,23,7,93,75,132,121" hai1="49,120,108,104,101,69,9,40,100,17,129,65,1" hai2="71,27,18,66,118,103,67,88,68,26,37,130,59" hai3="78,13,95,36,86,64,29,21,54,116,97,111,0"/><W57/><G36/><T12/><D106/><U3/><E108/><V114/><F37/><W31/><G116/><T112/><D121/><U5/><E120/><V61/><F103/><W4/><G64/><T73/><D132/><U22/><E129/><V87/><F118/><W123/><G0/><T28/><D128/><U47/><E65/><N who="2" m="39103" /><F114/><W44/><G44/><T50/><D112/><U15/><E69/><V51/><F130/><W33/><G33/><T41/><D41/><U2/><E104/><V76/><F76/><W72/><G72/><T107/><D107/><U92/><E92/><N who="2" m="54303" /><F71/><W8/><G21/><T89/><D28/><U6/><E100/><V80/><F80/><N who="3" m="47383" /><G111/><T74/><D75/><U24/><E101/><V122/><F122/><W131/><G123/><T91/><D74/><U105/><E105/><V14/><F68/><W85/><G85/><T110/><D110/><U84/><E84/><V42/><F67/><W53/><G131/><T124/><D91/><U126/><E126/><V113/><F66/><W90/><G54/><T125/><D124/><U43/><E40/><V133/><F133/><W135/><G135/><T62/><D125/><U96/><E96/><V60/><F113/><W115/><G115/><T19/><D89/><U117/><E117/><V83/><F83/><W98/><G97/><T52/><D93/><U56/><E56/><V127/><F127/><W99/><G98/><T38/><D38/><U32/><E32/><V82/><F82/><W16/><G4/><T34/><D7/><U39/><E6/><V109/><F42/><W94/><G94/><RYUUKYOKU ba="0,0" sc="269,-15,51,15,423,-15,257,15" hai1="1,2,3,5,9,15,17,22,24,39,43,47,49" hai3="8,13,16,29,31,53,57,90,95,99" /><INIT seed="7,1,0,0,3,88" ten="254,66,408,272" oya="3" hai0="108,17,9,99,118,63,18,14,65,37,110,111,113" hai1="7,93,94,40,79,85,46,15,42,131,70,75,0" hai2="12,109,60,80,45,120,132,71,58,61,10,51,39" hai3="119,11,77,121,5,127,55,34,47,57,91,101,82"/><W129/><G119/><T59/><D118/><U103/><E131/><V20/><F109/><W81/><G121/><T104/><D37/><U135/><E70/><V96/><F39/><W44/><G34/><T126/><D126/><U134/><E15/><V50/><F71/><W48/><G129/><T106/><D113/><U28/><E28/><V102/><F132/><W78/><G101/><T21/><REACH who="0" step="1"/><D99/><REACH who="0" ten="244,66,408,272" step="2"/><U27/><E27/><AGARI ba="1,1" hai="9,14,17,18,21,27,59,63,65,104,106,108,110,111" machi="27" ten="40,2600,0" yaku="1,1,2,1,53,0" doraHai="88" doraHaiUra="72" who="0" fromWho="1" sc="244,39,66,-29,408,0,272,0" owari="283,8.0,37,-46.0,408,51.0,272,-13.0" /></mjloggm>