<mjloggm ver="2.3"><GO type="169" lobby="0"/><UN n0="%E9%9D%92%E5%B1%B1%E5%AD%A6%E9%99%A2%EF%BC%94%E5%B9%B4" n1="%4D%73%75%7A%75%74%6F" n2="%E3%81%BF%E3%81%8B%E3%82%93%E3%81%95%E3%82%80%E3%82%89%E3%81%84" n3="%6D%61%73%79" dan="17,18,17,16" rate="2193.25,2245.61,2169.83,2076.82" sx="M,M,M,M"/><TAIKYOKU oya="0"/><INIT seed="0,0,0,0,2,28" ten="250,250,250,250" oya="0" hai0="29,124,12,18,120,96,123,116,115,33,64,103,83" hai1="80,37,75,21,7,8,2,85,17,66,108,99,102" hai2="45,132,38,118,70,48,88,71,92,14,13,67,31" hai3="60,104,100,46,0,47,9,59,32,89,1,117,113"/><T52/><D115/><U130/><E108/><V121/><F121/><W101/><G117/><T127/><D64/><U128/><E37/><V109/><F38/><W58/><G89/><T105/><D116/><U98/><E75/><V55/><F118/><W11/><G60/><T110/><D83/><U74/><E74/><V44/><F109/><W129/><G129/><N who="1" m="49770" /><E102/><V19/><F132/><W119/><G119/><T5/><D5/><U86/><E86/><V77/><F31/><W26/><G26/><T20/><D110/><U24/><E66/><V78/><F14/><W87/><G87/><T16/><D18/><U50/><E50/><V35/><F45/><W54/><G54/><T79/><D79/><AGARI ba="0,0" hai="2,7,8,17,21,24,79,80,85,98,99" m="49770" machi="79" ten="30,1000,0" yaku="19,1" doraHai="28" who="1" fromWho="0" sc="250,-10,250,10,250,0,250,0" /><INIT seed="1,0,0,4,0,48" ten="240,260,250,250" oya="1" hai0="99,85,22,67,115,13,81,129,118,76,131,125,127" hai1="35,47,25,27,63,103,14,9,123,45,20,113,49" hai2="83,100,52,134,68,17,46,79,94,105,64,120,98" hai3="59,26,82,43,86,10,108,114,12,3,119,16,110"/><U62/><E113/><V31/><F120/><W61/><G114/><T122/><D67/><U11/><E123/><V75/><F31/><W95/><G43/><T57/><D13/><U53/><E35/><V121/><F121/><W60/><G119/><T106/><D22/><U73/><E73/><V90/><F134/><W88/><G3/><T37/><D57/><U124/><E124/><N who="0" m="47689" /><D37/><U21/><E103/><V74/><F74/><W41/><G41/><T4/><D4/><U15/><E49/><V18/><F64/><W132/><G132/><T50/><D50/><U38/><E38/><V93/><F93/><W30/><G95/><T116/><D122/><U19/><E19/><V40/><F68/><W97/><G97/><T101/><D115/><U8/><E9/><V34/><F34/><W5/><G5/><T109/><D109/><N who="3" m="42089" /><G59/><T96/><D96/><U1/><E1/><V66/><F40/><W130/><G130/><AGARI ba="0,0" hai="76,81,85,99,101,106,116,118,129,130,131" m="47689" machi="130" ten="30,7700,0" yaku="19,1,18,1,34,2" doraHai="48" who="0" fromWho="3" sc="240,77,260,0,250,0,250,-77" /><INIT seed="2,0,0,5,2,94" ten="317,260,250,173" oya="2" hai0="130,116,110,61,79,104,49,98,8,89,3,13,67" hai1="134,57,112,80,97,114,106,81,109,2,83,128,91" hai2="42,1,120,52,37,27,75,4,121,115,18,127,15" hai3="74,40,19,56,5,0,108,72,68,96,70,118,54"/><V21/><F115/><W30/><G118/><T66/><D3/><U41/><E2/><V10/><F42/><W36/><G108/><T84/><D110/><U12/><E109/><V45/><F37/><W50/><G30/><T22/><D79/><U28/><E28/><V129/><F129/><W46/><G0/><T16/><D116/><U43/><E134/><V95/><F75/><W100/><G5/><T34/><D34/><U107/><E128/><V26/><F127/><W123/><G123/><T117/><D117/><U122/><E122/><V64/><F64/><W87/><G87/><T20/><D49/><U25/><E25/><V59/><F45/><W86/><G86/><T11/><D130/><U124/><E124/><V6/><F27/><W38/><G38/><T35/><D35/><U77/><E57/><V55/><F55/><W71/><REACH who="3" step="1"/><G19/><REACH who="3" ten="317,260,250,163" step="2"/><T103/><D16/><U93/><E114/><V62/><F6/><W85/><G85/><T63/><D84/><U39/><E112/><V101/><REACH who="2" step="1"/><F1/><REACH who="2" ten="317,260,240,163" step="2"/><W126/><G126/><T113/><D113/><U7/><E39/><V32/><F32/><W131/><G131/><T90/><D66/><U53/><E7/><V14/><F14/><W29/><G29/><T65/><D67/><U23/><E12/><V73/><F73/><W99/><G99/><AGARI ba="0,2" hai="4,10,15,18,21,26,52,59,62,95,99,101,120,121" machi="99" ten="40,7700,0" yaku="1,1,52,1,54,1,53,0" doraHai="94" doraHaiUra="105" who="2" fromWho="3" sc="317,0,260,0,240,97,163,-77" /><INIT seed="2,1,0,0,2,46" ten="317,260,337,86" oya="2" hai0="24,17,100,48,13,110,44,37,30,79,101,86,126" hai1="82,68,123,15,21,102,91,109,52,20,106,53,59" hai2="58,32,70,131,40,132,119,47,128,104,130,22,88" hai3="2,121,85,4,0,97,134,3,57,113,35,124,72"/><V23/><F119/><W8/><G72/><T108/><D37/><U66/><E68/><V19/><F70/><W9/><G121/><T96/><D126/><U43/><E109/><V103/><F32/><W98/><G124/><T7/><D7/><U63/><E123/><V117/><F117/><W116/><G116/><T105/><D101/><U95/><E43/><V5/><F5/><W12/><G35/><T99/><D99/><N who="1" m="59775" /><E106/><V1/><F1/><W90/><G134/><T129/><D129/><U122/><E122/><V54/><F132/><W133/><G133/><T115/><D115/><U56/><E66/><V125/><F103/><W81/><G113/><T39/><D39/><U83/><E91/><V107/><F88/><W84/><G9/><T80/><D24/><U93/><E93/><V10/><F23/><N who="1" m="8777" /><E15/><N who="2" m="7671" /><F22/><W127/><G127/><T74/><D74/><U118/><E118/><V27/><F27/><W14/><G14/><T92/><D105/><U11/><E11/><V94/><F94/><W67/><REACH who="3" step="1"/><G85/><REACH who="3" ten="317,260,337,76" step="2"/><T61/><D13/><U45/><E45/><V6/><F125/><W51/><G51/><AGARI ba="1,1" hai="51,52,53,56,59,63,82,83" m="8777,59775" machi="51" ten="30,3900,0" yaku="8,1,52,1,54,1" doraHai="46" who="1" fromWho="3" sc="317,0,260,52,337,0,76,-42" /><INIT seed="3,0,0,1,3,17" ten="317,312,337,34" oya="3" hai0="48,107,135,8,19,82,79,20,72,130,30,122,59" hai1="109,33,29,119,40,10,69,93,3,54,44,128,47" hai2="36,15,121,26,80,60,103,66,92,71,110,126,129" hai3="32,61,100,106,91,101,76,7,22,98,75,13,6"/><W64/><G32/><T23/><D122/><U16/><E69/><V46/><F121/><W127/><G127/><T133/><D107/><U4/><E109/><V134/><F110/><W1/><G1/><T53/><D130/><U102/><E128/><V116/><F129/><W58/><G101/><T83/><D82/><U94/><E119/><V12/><F116/><W97/><G76/><T112/><D112/><U117/><E102/><V90/><F103/><W41/><G75/><T81/><D81/><U95/><E54/><V5/><F5/><W38/><G38/><T55/><D53/><U34/><E47/><V73/><F134/><N who="0" m="51210" /><D30/><U124/><E124/><V11/><F80/><W63/><G41/><T132/><D132/><U35/><E117/><V67/><F67/><W43/><G43/><T108/><D108/><U62/><E62/><V14/><F73/><W113/><G63/><T25/><D25/><U118/><E118/><V120/><F36/><W84/><G98/><T105/><D105/><U131/><E131/><V51/><F26/><W68/><G68/><T2/><D2/><U74/><E74/><V49/><F126/><W27/><G13/><AGARI ba="0,0" hai="8,13,19,20,23,48,55,59,72,79,83" m="51210" machi="13" ten="30,3900,0" yaku="20,1,52,2" doraHai="17" who="0" fromWho="3" sc="317,39,312,0,337,0,34,-39" owari="356,46.0,312,-9.0,337,14.0,-5,-51.0" /></mjloggm>