<mjloggm ver="2.3"><GO type="169" lobby="0"/><UN n0="%5C" n1="%E3%81%95%E3%82%93%E3%81%9F%E3%82%8D%E3%81%86%E3%81%A7%E3%81%99" n2="%66%61%74%65%34%32%39%38" n3="%E3%81%97%E3%82%93%32" dan="16,17,16,17" rate="2099.37,2160.26,2106.61,2202.20" sx="M,M,F,M"/><TAIKYOKU oya="0"/><INIT seed="0,0,0,2,3,59" ten="250,250,250,250" oya="0" hai0="32,24,135,68,83,90,91,11,43,35,18,113,0" hai1="80,22,52,72,78,95,46,97,81,44,119,47,85" hai2="112,56,73,133,70,75,50,71,53,25,92,105,107" hai3="106,60,111,8,74,12,117,86,126,99,109,4,63"/><T127/><D113/><U87/><E119/><V89/><F112/><W82/><G74/><T9/><D68/><U64/><E72/><V54/><F133/><W6/><G117/><T104/><D104/><U130/><E130/><V103/><F103/><N who="3" m="62847" /><G4/><T114/><D127/><U29/><E64/><V5/><F5/><W41/><G41/><T115/><D43/><U102/><E29/><V88/><F56/><W3/><G3/><T116/><D135/><U93/><E22/><V94/><F50/><W17/><G17/><T123/><D83/><U40/><E95/><V13/><F13/><W66/><G66/><T62/><D116/><U1/><E1/><V30/><F30/><W124/><G86/><T96/><D0/><U101/><E101/><V55/><F55/><W10/><G10/><T38/><D38/><U77/><E40/><V132/><F132/><W16/><G6/><T49/><D11/><U39/><E39/><V15/><F15/><W69/><G82/><T122/><D9/><U110/><E110/><N who="3" m="41994" /><G69/><T23/><D115/><U21/><E21/><V36/><F36/><W7/><G7/><T33/><D114/><U51/><AGARI ba="0,0" hai="44,46,47,51,52,77,78,80,81,85,87,93,97,102" machi="51" ten="30,7900,0" yaku="0,1,9,1,8,1,54,1" doraHai="59" who="1" fromWho="1" sc="250,-39,250,79,250,-20,250,-20" /><INIT seed="1,0,0,4,0,107" ten="211,329,230,230" oya="1" hai0="36,28,20,29,61,12,102,55,58,134,125,8,82" hai1="24,16,74,119,59,116,17,76,60,48,14,21,113" hai2="49,111,133,45,106,128,6,114,85,129,62,104,65" hai3="131,66,18,90,30,92,72,70,120,52,101,96,100"/><U77/><E113/><V69/><F111/><W43/><G30/><T67/><D36/><U38/><E38/><V99/><F133/><W121/><G43/><T42/><D42/><U9/><E48/><V117/><F117/><W31/><G31/><T0/><D134/><U132/><E132/><V47/><F114/><W19/><G131/><N who="2" m="50249" /><F6/><W3/><G3/><T98/><D0/><U80/><REACH who="1" step="1"/><E77/><REACH who="1" ten="211,319,230,230" step="2"/><V15/><F49/><W27/><G121/><T105/><D125/><U79/><E79/><V25/><F45/><W39/><G120/><T109/><D109/><U87/><E87/><V10/><F47/><W135/><G39/><T122/><D122/><U115/><E115/><V35/><F85/><W34/><G135/><T44/><D44/><U130/><E130/><V13/><F99/><W41/><G96/><T68/><D98/><U57/><E57/><V63/><F69/><W93/><G70/><T78/><D58/><U75/><E75/><V86/><F86/><W112/><G72/><T37/><D68/><U51/><E51/><V64/><F62/><W11/><G112/><T23/><D61/><U91/><E91/><V1/><F63/><W40/><G90/><T126/><D37/><U2/><E2/><V73/><F1/><W7/><G101/><T97/><D126/><U5/><E5/><V110/><F73/><W123/><G100/><T46/><D102/><U103/><E103/><V32/><F110/><W53/><G123/><T84/><D46/><U26/><E26/><V108/><F108/><W127/><G127/><T94/><D97/><U89/><E89/><RYUUKYOKU ba="0,1" sc="211,-10,319,30,230,-10,230,-10" hai1="9,14,16,17,21,24,59,60,74,76,80,116,119" /><INIT seed="1,1,1,4,3,10" ten="201,349,220,220" oya="1" hai0="69,46,88,41,106,113,30,11,53,68,27,65,1" hai1="100,62,25,31,76,49,67,98,72,130,94,51,104" hai2="60,73,33,101,108,97,35,74,82,95,4,99,42" hai3="132,89,122,26,38,107,78,117,84,119,87,102,85"/><U121/><E121/><V86/><F108/><W16/><G38/><T92/><D106/><U50/><E130/><V14/><F42/><W52/><G122/><T135/><D113/><U13/><E13/><V71/><F73/><W3/><G3/><T124/><D53/><U36/><E36/><V6/><F74/><W79/><G102/><T5/><D124/><U93/><E76/><V64/><F99/><W70/><G70/><T21/><D65/><U75/><E94/><V12/><F6/><W118/><G107/><T134/><D135/><U44/><E44/><V126/><F126/><W66/><G66/><T112/><D134/><U28/><E28/><V19/><F4/><W115/><G115/><T18/><D30/><U2/><E2/><V24/><F24/><W63/><G89/><T131/><D131/><U9/><E9/><V83/><F83/><W32/><G32/><T123/><D112/><U61/><E61/><V59/><F71/><W39/><G39/><T96/><REACH who="0" step="1"/><D123/><REACH who="0" ten="191,349,220,220" step="2"/><U22/><REACH who="1" step="1"/><E104/><REACH who="1" ten="191,339,220,220" step="2"/><V57/><F33/><W127/><G132/><T77/><D77/><U114/><E114/><V55/><F35/><W58/><G127/><T116/><D116/><U29/><E29/><V45/><F19/><W128/><G128/><T37/><AGARI ba="1,3" hai="1,5,11,18,21,27,37,41,46,68,69,88,92,96" machi="37" ten="20,5200,0" yaku="1,1,0,1,7,1,54,1,53,0" doraHai="10" doraHaiUra="129" who="0" fromWho="0" sc="191,85,339,-27,220,-14,220,-14" /><INIT seed="2,0,0,0,5,102" ten="276,312,206,206" oya="2" hai0="90,70,36,5,22,116,80,26,135,75,91,113,27" hai1="125,133,1,111,42,67,71,8,60,53,46,86,100" hai2="74,15,2,112,19,23,87,96,77,73,34,64,122" hai3="83,92,14,68,45,79,66,78,88,108,89,126,94"/><V110/><F112/><W85/><G66/><T6/><D70/><U127/><E100/><V84/><F122/><W31/><G68/><T28/><D36/><U72/><E72/><V7/><F34/><W134/><G31/><T49/><D135/><U59/><E86/><V95/><F110/><W119/><G119/><T40/><D116/><U104/><E104/><V32/><F32/><W11/><G134/><T76/><D113/><U13/><E1/><V117/><F117/><W129/><G129/><T16/><D40/><U128/><E133/><V21/><F64/><W3/><G3/><T10/><D49/><N who="1" m="31151" /><E111/><V106/><F106/><W30/><G30/><T29/><D29/><U124/><E13/><V61/><F61/><W44/><G126/><T54/><D54/><U52/><E8/><N who="2" m="4511" /><F2/><W130/><G130/><T63/><D63/><U39/><E52/><V103/><F73/><W25/><G25/><T24/><D27/><U17/><E17/><V120/><F74/><W56/><G56/><T35/><D6/><U57/><E57/><V107/><F107/><W48/><G45/><T121/><D121/><U33/><E33/><V65/><F65/><W55/><G108/><T58/><REACH who="0" step="1"/><D58/><REACH who="0" ten="266,312,206,206" step="2"/><U12/><E12/><AGARI ba="0,1" hai="5,10,12,16,22,24,26,28,35,75,76,80,90,91" machi="12" ten="30,7700,0" yaku="1,1,2,1,7,1,54,1,53,0" doraHai="102" doraHaiUra="132" who="0" fromWho="1" sc="266,87,312,-77,206,0,206,0" /><INIT seed="3,0,0,5,3,100" ten="353,235,206,206" oya="3" hai0="95,102,56,70,31,36,90,91,63,128,129,15,27" hai1="83,120,79,51,65,126,93,48,81,45,59,131,96" hai2="11,33,104,107,21,13,53,123,55,80,52,3,60" hai3="133,42,121,72,41,89,22,116,76,38,117,67,54"/><W87/><G121/><T114/><D70/><U71/><E120/><V130/><F3/><W6/><G67/><T78/><D36/><U94/><E131/><V127/><F33/><W124/><G6/><T12/><D78/><U4/><E71/><V135/><F123/><W39/><G76/><T74/><D114/><U47/><E4/><V64/><F130/><N who="0" m="50282" /><D74/><U82/><E79/><V84/><F21/><W85/><G72/><T106/><D15/><U29/><E29/><V119/><F119/><W32/><G32/><N who="0" m="20607" /><D12/><U86/><E86/><V26/><F26/><W125/><G22/><T16/><D16/><U35/><E35/><V23/><F23/><W113/><G113/><T0/><D0/><U58/><E126/><N who="3" m="48746" /><G54/><T49/><D49/><N who="1" m="19019" /><E65/><V50/><F127/><W92/><G87/><T88/><D95/><N who="1" m="36363" /><E96/><V99/><F99/><W62/><G62/><T34/><D34/><U109/><E109/><V43/><F50/><W9/><G9/><T118/><D118/><N who="3" m="45673" /><G133/><T110/><D110/><U68/><E68/><V115/><F135/><W132/><G132/><T7/><D7/><U44/><AGARI ba="0,0" hai="44,45,47,58,59,81,82,83" m="36363,19019" machi="44" ten="40,5200,0" yaku="28,2,8,1" doraHai="100" who="1" fromWho="1" sc="353,-13,235,52,206,-13,206,-26" /><INIT seed="4,0,0,1,1,127" ten="340,287,193,180" oya="0" hai0="36,118,116,115,81,62,77,59,13,79,22,37,6" hai1="134,107,67,69,10,117,114,97,27,12,96,123,28" hai2="88,135,57,86,87,56,72,126,50,52,133,29,61" hai3="64,131,43,112,108,21,132,129,121,47,49,100,84"/><T120/><D120/><U80/><E123/><V48/><F72/><W103/><G121/><T119/><D115/><U31/><E117/><V113/><F113/><W101/><G112/><T33/><D33/><U74/><E114/><V58/><F126/><W24/><G132/><N who="2" m="50761" /><F29/><N who="3" m="17551" /><G84/><T98/><D98/><U25/><E31/><V71/><F86/><W82/><G82/><T110/><D110/><U85/><E74/><V2/><F2/><W18/><G18/><T51/><D51/><N who="2" m="19498" /><F71/><W53/><G64/><T5/><D81/><AGARI ba="0,0" hai="52,56,57,58,61,81,87,88" m="19498,50761" machi="81" ten="30,3900,0" yaku="20,1,54,2" doraHai="127" who="2" fromWho="0" sc="340,-39,287,0,193,39,180,0" /><INIT seed="5,0,0,4,5,8" ten="301,287,232,180" oya="1" hai0="79,112,123,14,22,121,28,16,66,91,0,64,128" hai1="86,60,21,38,11,93,101,127,32,78,12,119,29" hai2="47,72,17,117,4,71,69,124,13,99,87,103,73" hai3="58,7,126,125,37,129,94,54,62,31,65,100,41"/><U84/><E38/><V122/><F122/><N who="0" m="46602" /><D0/><U50/><E119/><V83/><F117/><W19/><G31/><T49/><D79/><U40/><E32/><V55/><F124/><N who="3" m="47723" /><G7/><T1/><D1/><U135/><E135/><V67/><F4/><W132/><G132/><T30/><D128/><U109/><E109/><V44/><F72/><W111/><G111/><T9/><D112/><U18/><E127/><V63/><F73/><W105/><G105/><T120/><D49/><U10/><E60/><V116/><F55/><W3/><G3/><T130/><D130/><U23/><E11/><V24/><F24/><W33/><G33/><T107/><D107/><U74/><E74/><V131/><F69/><W2/><G2/><T34/><D34/><U82/><E29/><N who="0" m="11369" /><D91/><N who="1" m="53479" /><E101/><V51/><F51/><W104/><G104/><T46/><D46/><AGARI ba="0,0" hai="10,12,18,21,23,40,46,50,78,82,86" m="53479" machi="46" ten="30,2900,0" yaku="8,1,52,1" doraHai="8" who="1" fromWho="0" sc="301,-29,287,29,232,0,180,0" /><INIT seed="5,1,0,2,5,54" ten="272,316,232,180" oya="1" hai0="86,84,71,123,43,6,129,29,9,103,91,59,110" hai1="18,27,89,36,78,40,4,83,12,42,50,135,60" hai2="75,122,44,94,120,7,2,88,81,107,61,100,134" hai3="20,37,64,111,97,127,32,66,114,112,116,3,52"/><U5/><E36/><V56/><F134/><W25/><G3/><T65/><D110/><U80/><E135/><V124/><F124/><W133/><G37/><T45/><D71/><U101/><E101/><V35/><F35/><W10/><G111/><T98/><D129/><U119/><E119/><V22/><F107/><W87/><G10/><T128/><D29/><U132/><E132/><V39/><F100/><W30/><G133/><T72/><D128/><U63/><E27/><V55/><F7/><N who="1" m="2633" /><E89/><V46/><F2/><W21/><G97/><T51/><D72/><U62/><E50/><V108/><F108/><W105/><G87/><T24/><D24/><U126/><E126/><V69/><F69/><W92/><G92/><T115/><D115/><N who="3" m="44073" /><G105/><T109/><D109/><U48/><E48/><V102/><F22/><N who="3" m="8811" /><G116/><T82/><D123/><U130/><E130/><V26/><F102/><W68/><G68/><T53/><D65/><U73/><E73/><V38/><F38/><W49/><G127/><T74/><D74/><U11/><E78/><V17/><F39/><W85/><G85/><T1/><D91/><U14/><E14/><V99/><F122/><W96/><G96/><T47/><D82/><AGARI ba="1,0" hai="11,12,18,40,42,60,62,63,80,82,83" m="2633" machi="82" ten="30,1500,0" yaku="8,1" doraHai="54" who="1" fromWho="0" sc="272,-18,316,18,232,0,180,0" /><INIT seed="5,2,0,2,5,76" ten="254,334,232,180" oya="1" hai0="21,39,80,49,103,67,122,129,98,112,51,41,117" hai1="60,106,93,50,128,84,9,5,34,78,58,1,111" hai2="85,55,131,25,32,124,63,57,70,45,6,4,64" hai3="68,100,109,94,77,11,23,74,20,134,47,82,121"/><U97/><E106/><V92/><F131/><W95/><G121/><T89/><D117/><U86/><E128/><V120/><F124/><W114/><G109/><T75/><D122/><U22/><E34/><V8/><F120/><W19/><G68/><T66/><D112/><U37/><E37/><V107/><F107/><W119/><G134/><T26/><D129/><U3/><E3/><V73/><F73/><W69/><G69/><T10/><D39/><U125/><E125/><V13/><F45/><W30/><G114/><T90/><D10/><U59/><E111/><V135/><F135/><W61/><G61/><T101/><D75/><U0/><E0/><V88/><F32/><W33/><G33/><T65/><D90/><U72/><E72/><V28/><F25/><W27/><G11/><T24/><D24/><U48/><E22/><V38/><F38/><W35/><G119/><T130/><D130/><U133/><E133/><V102/><F102/><W79/><G79/><T113/><D113/><U14/><E1/><V29/><REACH who="2" step="1"/><F4/><REACH who="2" ten="254,334,222,180" step="2"/><W18/><G100/><T52/><D103/><N who="1" m="60847" /><E59/><V71/><F71/><W132/><G47/><N who="0" m="25839" /><D101/><U99/><E58/><V36/><F36/><W56/><G56/><N who="0" m="32799" /><D98/><U118/><E99/><V15/><F15/><N who="3" m="9311" /><G132/><T87/><D66/><U43/><E118/><V116/><F116/><W12/><G35/><T123/><D123/><U104/><E104/><V126/><F126/><W54/><G54/><T110/><D110/><U53/><E43/><V42/><F42/><W31/><G27/><T127/><D127/><U46/><E46/><V17/><F17/><AGARI ba="2,1" hai="17,21,26,65,67,80,87,89" m="32799,25839" machi="17" ten="30,7700,0" yaku="6,1,8,1,52,1,54,1" doraHai="76" who="0" fromWho="2" sc="254,93,334,0,222,-83,180,0" /><INIT seed="6,0,0,4,0,33" ten="347,334,139,180" oya="2" hai0="124,125,19,93,69,99,105,128,114,97,63,119,17" hai1="73,11,60,90,6,46,86,118,3,135,61,74,123" hai2="98,29,122,91,13,52,9,110,64,30,95,104,28" hai3="15,7,134,8,44,50,116,54,16,55,92,0,2"/><V43/><F122/><W36/><G36/><T14/><D114/><U115/><E118/><V37/><F104/><W21/><G116/><T132/><D119/><U71/><E123/><V26/><F64/><W4/><G134/><T126/><D132/><U103/><E115/><V65/><F65/><W31/><G31/><T5/><D128/><U117/><E117/><V67/><F67/><W20/><G20/><T68/><D63/><U53/><E103/><V24/><F110/><W88/><G55/><T35/><D35/><U94/><E135/><V85/><F37/><W127/><G127/><T51/><D51/><U108/><E108/><V45/><F43/><W89/><G92/><T34/><D34/><U70/><E61/><V42/><F98/><W81/><REACH who="3" step="1"/><G81/><REACH who="3" ten="347,334,139,170" step="2"/><T121/><D93/><U78/><E94/><V25/><F42/><W96/><G96/><T80/><D99/><U22/><E53/><V59/><F45/><W109/><G109/><T49/><D80/><U12/><E22/><V102/><F102/><W40/><G40/><T84/><D97/><U82/><E46/><V100/><F100/><W120/><G120/><T23/><D121/><U77/><E74/><V18/><REACH who="2" step="1"/><F29/><REACH who="2" ten="347,334,129,170" step="2"/><W87/><G87/><T48/><D84/><U1/><E86/><V101/><F101/><W39/><G39/><T27/><D124/><U41/><E41/><V129/><F129/><W83/><G83/><T58/><D125/><U56/><E78/><V133/><F133/><W10/><AGARI ba="0,2" hai="0,2,4,7,8,10,15,16,21,44,50,54,88,89" machi="10" ten="30,12000,2" yaku="1,1,0,1,9,1,52,2,54,2,53,0" doraHai="33" doraHaiUra="131" who="3" fromWho="3" sc="347,-30,334,-30,129,-60,170,140" /><INIT seed="7,0,0,3,0,41" ten="317,304,69,310" oya="3" hai0="21,127,27,106,128,6,18,113,109,86,67,132,115" hai1="28,104,108,70,48,46,107,0,80,30,43,77,19" hai2="1,117,111,14,122,98,60,121,135,13,4,78,2" hai3="25,74,123,87,36,17,118,53,75,8,40,73,63"/><W59/><G123/><T11/><D109/><U81/><E108/><V61/><F78/><W72/><G118/><T120/><D106/><U65/><E0/><V5/><F111/><W92/><G75/><T38/><D38/><U12/><E80/><V133/><F98/><W22/><G8/><T7/><D120/><U10/><E65/><V9/><F60/><W15/><G15/><N who="0" m="5623" /><D67/><U100/><E70/><V58/><F58/><W29/><G29/><T32/><D132/><U83/><E83/><V79/><F79/><W84/><REACH who="3" step="1"/><G92/><REACH who="3" ten="317,304,69,300" step="2"/><T94/><D128/><U16/><E19/><V23/><F9/><W129/><G129/><T37/><D32/><U99/><E107/><V42/><F61/><W89/><G89/><N who="0" m="53559" /><D127/><U88/><E88/><V55/><F23/><W71/><G71/><T114/><D37/><U50/><E50/><V112/><F117/><W24/><G24/><T105/><D7/><U20/><E20/><V119/><F119/><W52/><G52/><T45/><D105/><U97/><E97/><V101/><F55/><W110/><G110/><T66/><D66/><U96/><E96/><V68/><F68/><W126/><G126/><T76/><D76/><U31/><E31/><V49/><F49/><W134/><G134/><T64/><D64/><U51/><E51/><V103/><F42/><W3/><G3/><T35/><D35/><U90/><E90/><V39/><F39/><W62/><G62/><T33/><D33/><U57/><E57/><V44/><REACH who="2" step="1"/><F112/><REACH who="2" ten="317,304,59,300" step="2"/><W95/><G95/><T82/><D82/><U116/><E116/><V54/><F54/><RYUUKYOKU ba="0,2" sc="317,0,304,0,59,0,300,0" hai0="18,21,27,45,113,114,115" hai1="10,12,16,28,30,43,46,48,77,81,99,100,104" hai2="1,2,4,5,13,14,44,101,103,121,122,133,135" hai3="17,22,25,36,40,53,59,63,72,73,74,84,87" /><INIT seed="7,1,2,0,2,24" ten="317,304,59,300" oya="3" hai0="45,51,104,127,4,56,134,79,20,119,133,40,95" hai1="129,63,82,103,73,125,5,122,96,15,126,112,37" hai2="114,75,10,62,59,16,17,67,7,109,50,80,9" hai3="86,43,49,71,23,105,76,118,110,124,14,52,106"/><W25/><G71/><T28/><D104/><N who="1" m="63591" /><E122/><V101/><F109/><W29/><G118/><T47/><D119/><U21/><E37/><V87/><F114/><W84/><G110/><T8/><D79/><N who="1" m="44399" /><E112/><V89/><F101/><W31/><G76/><T74/><D74/><U11/><E129/><V64/><F75/><W91/><G86/><T93/><D127/><N who="1" m="48651" /><E21/><V72/><F72/><W90/><G124/><T121/><D121/><U19/><E63/><V0/><F67/><W113/><G91/><T111/><D111/><U36/><E36/><V100/><F100/><W60/><G113/><T33/><D33/><U99/><E99/><V12/><F50/><W123/><G123/><T54/><D47/><U78/><E78/><V53/><REACH who="2" step="1"/><F64/><REACH who="2" ten="317,304,49,300" step="2"/><W107/><G49/><N who="0" m="30799" /><D134/><U65/><E65/><V18/><AGARI ba="1,3" hai="0,7,9,10,12,16,17,18,53,59,62,80,87,89" machi="18" ten="20,8000,1" yaku="1,1,0,1,7,1,54,1,53,1" doraHai="24" doraHaiUra="57" who="2" fromWho="2" sc="317,-21,304,-21,49,113,300,-41" /><INIT seed="8,0,0,4,0,40" ten="296,283,162,259" oya="0" hai0="39,83,45,72,97,52,90,33,96,18,27,66,49" hai1="0,32,34,67,37,30,129,43,132,29,22,65,36" hai2="126,68,123,82,92,64,46,121,117,95,55,70,24" hai3="119,42,31,35,120,98,20,69,115,135,111,116,109"/><T61/><D39/><N who="1" m="14923" /><E22/><V91/><F126/><W53/><G42/><T128/><D128/><U99/><E43/><V62/><F68/><W2/><G2/><T81/><D72/><U50/><E50/><V84/><F117/><N who="3" m="45131" /><G69/><T101/><D33/><N who="1" m="12907" /><E0/><V79/><F24/><N who="3" m="16775" /><G35/><T63/><D101/><U11/><E11/><V93/><REACH who="2" step="1"/><F91/><REACH who="2" ten="296,283,152,259" step="2"/><W112/><G120/><T19/><D90/><U8/><E129/><V87/><F87/><W104/><G135/><T130/><D130/><U57/><E132/><V105/><F105/><W51/><G104/><T3/><D96/><U60/><E99/><V41/><F41/><W122/><G98/><T15/><D97/><U1/><E29/><V74/><F74/><W131/><G131/><T58/><D3/><U75/><E30/><V16/><F16/><W23/><G122/><T54/><D19/><U21/><E75/><V94/><N who="2" m="23552" /><DORA hai="9" /><V71/><F71/><W59/><G23/><N who="0" m="11743" /><D27/><U38/><E21/><V14/><F14/><W73/><G73/><T6/><D6/><N who="1" m="1103" /><E38/><V89/><F89/><W7/><G7/><T77/><D77/><U44/><E44/><V107/><F107/><W110/><AGARI ba="0,1" hai="51,53,59,109,110,111,112,115" m="16775,45131" machi="110" ten="40,1500,0" yaku="16,1" doraHai="40,9" who="3" fromWho="3" sc="296,-7,283,-4,152,-4,259,25" /><INIT seed="9,0,0,0,3,13" ten="289,279,148,284" oya="1" hai0="91,101,126,26,109,65,122,46,106,96,17,57,118" hai1="27,58,130,127,55,38,37,93,85,111,53,68,10" hai2="124,16,61,89,98,25,97,90,44,30,71,73,116" hai3="62,99,47,102,120,110,54,69,51,82,83,64,107"/><U33/><E68/><V32/><F124/><W67/><G110/><T18/><D109/><U35/><E127/><V14/><F116/><W117/><G117/><T8/><D118/><U121/><E111/><V86/><F73/><W75/><G75/><T123/><D126/><U39/><E121/><N who="0" m="46089" /><D8/><U125/><E125/><V45/><F90/><W134/><G120/><T3/><D3/><U40/><E130/><V105/><F71/><W79/><G79/><T24/><D91/><U88/><E40/><V59/><F105/><W87/><G67/><T29/><D46/><U133/><E133/><V70/><F70/><W21/><G87/><T23/><D26/><U56/><E10/><V108/><F108/><W42/><G134/><T43/><D43/><U48/><REACH who="1" step="1"/><E27/><REACH who="1" ten="289,269,148,284" step="2"/><V31/><F31/><W80/><G42/><T34/><D34/><U41/><E41/><V2/><F2/><W60/><G21/><T9/><D9/><U76/><E76/><V113/><F113/><W129/><G129/><T100/><D100/><U36/><N who="1" m="9728" /><DORA hai="5" /><U49/><AGARI ba="0,1" hai="33,35,48,49,53,55,56,58,85,88,93" m="9728" machi="49" ten="60,18000,2" yaku="1,1,4,1,0,1,9,1,54,1,53,2" doraHai="13,5" doraHaiUra="63,28" who="1" fromWho="1" sc="289,-60,269,190,148,-60,284,-60" owari="229,3.0,459,56.0,88,-41.0,224,-18.0" /></mjloggm>