<mjloggm ver="2.3"><GO type="169" lobby="0"/><UN n0="%E3%81%B2%E3%81%94%E3%82%93%E3%81%9F" n1="%79%6A%2D%63%68%65%6B%69" n2="%64%75%72%72%72%72%72" n3="%53%63%61%6E%64%61%6C" dan="16,16,16,16" rate="2161.02,2085.29,2113.52,2137.49" sx="M,M,M,M"/><TAIKYOKU oya="0"/><INIT seed="0,0,0,0,2,2" ten="250,250,250,250" oya="0" hai0="68,113,119,77,109,29,22,50,135,26,7,57,126" hai1="99,12,66,15,63,5,6,132,54,102,64,4,100" hai2="82,10,74,59,81,127,49,94,128,65,41,83,133" hai3="80,61,79,8,107,114,104,71,84,45,0,27,48"/><T20/><D113/><U122/><E122/><V69/><F69/><W33/><G114/><T11/><D119/><U24/><E132/><V17/><F133/><W124/><G124/><T14/><D126/><U92/><E102/><V86/><F127/><W118/><G118/><T58/><D135/><U108/><E108/><V18/><F128/><W75/><G75/><T28/><D68/><U52/><E24/><V130/><F74/><W32/><G61/><T78/><D109/><U23/><E23/><N who="0" m="8745" /><D26/><U103/><E103/><V16/><F130/><W36/><G71/><T111/><D111/><U19/><E19/><V90/><F65/><N who="1" m="25193" /><E63/><V43/><REACH who="2" step="1"/><F10/><REACH who="2" ten="250,250,240,250" step="2"/><W110/><G8/><T88/><D28/><U105/><E105/><V60/><F60/><W34/><G104/><T56/><D29/><U117/><E117/><V39/><F39/><W115/><G36/><T47/><D88/><U96/><E96/><V42/><F42/><AGARI ba="0,1" hai="7,11,14,42,47,50,56,57,58,77,78" m="8745" machi="42" ten="30,2900,0" yaku="8,1,52,1" doraHai="2" who="0" fromWho="2" sc="250,39,250,0,240,-29,250,0" /><INIT seed="0,1,0,4,1,99" ten="289,250,211,250" oya="0" hai0="57,29,59,39,122,42,124,106,61,22,34,5,86" hai1="109,74,63,1,72,32,0,12,41,85,15,101,13" hai2="66,108,128,19,69,64,98,88,76,54,58,16,81" hai3="79,67,125,27,37,131,46,114,7,89,93,96,123"/><T36/><D122/><U115/><E85/><N who="2" m="48295" /><F69/><W97/><G114/><T130/><D130/><U105/><E32/><V2/><F108/><W112/><G131/><T26/><D106/><U23/><E109/><V117/><F2/><W68/><G125/><T77/><D124/><U9/><E23/><V47/><F47/><W62/><G112/><T111/><D111/><U118/><E115/><V84/><F98/><W45/><G79/><T28/><D5/><U121/><E9/><V73/><F73/><W70/><G68/><T48/><D34/><U83/><E83/><N who="2" m="49183" /><F117/><W44/><G123/><T10/><D10/><U31/><E118/><V25/><F128/><W102/><G7/><T20/><D86/><U6/><E74/><V60/><F25/><W82/><G27/><T3/><D77/><U21/><E72/><V40/><F40/><W135/><G82/><T134/><D3/><U133/><E41/><V11/><F11/><W75/><G75/><T119/><D119/><U100/><E0/><V78/><F78/><W126/><G126/><T116/><D116/><U120/><E105/><V51/><F66/><W103/><G37/><T33/><D39/><U14/><E1/><V129/><F129/><W132/><REACH who="3" step="1"/><G89/><REACH who="3" ten="289,250,211,240" step="2"/><T55/><D36/><U35/><E6/><V50/><F64/><W56/><G56/><T127/><D59/><U91/><E91/><V95/><F95/><AGARI ba="1,1" hai="44,45,46,62,67,70,93,95,96,97,102,103,132,135" machi="95" ten="40,8000,1" yaku="1,1,9,1,52,2,53,0" doraHai="99" doraHaiUra="24" who="3" fromWho="2" sc="289,0,250,0,211,-83,240,93" /><INIT seed="1,0,0,1,0,111" ten="289,250,128,333" oya="1" hai0="71,75,14,63,128,20,50,122,13,0,82,89,28" hai1="133,120,48,51,46,116,19,106,43,38,59,77,130" hai2="90,91,114,86,35,26,109,16,129,94,83,60,115" hai3="103,92,41,6,81,18,17,24,80,21,121,58,93"/><U95/><E106/><V40/><F109/><W125/><G121/><T78/><D128/><U3/><E3/><V117/><F117/><W55/><G125/><T102/><D122/><U88/><E120/><V42/><F129/><W31/><G6/><T12/><D0/><U29/><E116/><V69/><F69/><W34/><G41/><T68/><D102/><U112/><E112/><N who="2" m="43051" /><F60/><N who="3" m="35935" /><G34/><T66/><D50/><U100/><E130/><V47/><F47/><W7/><G7/><T76/><D71/><U87/><E133/><V56/><F56/><W107/><G107/><T52/><D52/><N who="1" m="32135" /><E38/><V62/><F62/><W8/><G103/><T11/><D78/><U113/><E100/><V131/><F131/><W97/><G8/><T73/><D89/><U72/><E72/><V37/><F37/><W22/><G31/><T57/><D68/><U30/><E77/><V124/><F124/><W25/><G97/><T23/><D73/><U15/><E113/><V36/><F36/><W79/><G79/><T45/><D11/><AGARI ba="0,0" hai="11,15,19,29,30,43,46,51,87,88,95" m="32135" machi="11" ten="30,5800,0" yaku="8,1,54,2" doraHai="111" who="1" fromWho="0" sc="289,-58,250,58,128,0,333,0" /><INIT seed="1,1,0,1,2,107" ten="231,308,128,333" oya="1" hai0="9,131,112,80,82,29,135,28,106,132,23,129,51" hai1="57,97,14,128,91,20,7,21,36,100,89,134,81" hai2="120,25,96,102,124,121,123,85,126,13,56,4,119" hai3="122,15,6,2,72,5,53,98,65,105,44,31,49"/><U18/><E36/><V117/><F56/><W116/><G122/><T8/><D106/><U11/><E134/><N who="0" m="51241" /><D51/><U27/><E128/><N who="0" m="49225" /><D80/><U46/><E81/><V95/><F25/><W54/><G2/><T64/><D64/><U101/><E46/><V41/><F41/><W70/><G65/><T30/><D82/><U59/><E21/><V84/><F13/><W90/><G70/><T10/><D23/><U99/><E99/><V110/><F4/><W78/><G105/><T68/><D68/><U48/><E48/><V115/><F110/><W113/><G49/><T69/><D69/><U38/><E38/><V37/><F115/><AGARI ba="1,0" hai="8,9,10,28,29,30,112,115" m="49225,51241" machi="115" ten="40,12000,2" yaku="28,2,20,1,19,1,34,2" doraHai="107" who="0" fromWho="2" sc="231,123,308,0,128,-123,333,0" /><INIT seed="2,0,0,2,5,71" ten="354,308,5,333" oya="2" hai0="27,113,58,24,31,117,8,107,41,33,65,19,32" hai1="37,110,40,43,122,72,82,52,106,49,45,93,135" hai2="25,125,131,39,12,75,51,97,36,111,95,23,74" hai3="99,67,16,68,90,13,77,15,44,79,21,92,38"/><V2/><F2/><W42/><REACH who="3" step="1"/><G13/><REACH who="3" ten="354,308,5,323" step="2"/><T86/><D117/><U96/><E122/><V53/><F12/><W62/><AGARI ba="0,1" hai="15,16,21,38,42,44,62,67,68,77,79,90,92,99" machi="62" ten="30,12000,2" yaku="21,2,2,1,0,1,52,1,54,1,53,0" doraHai="71" doraHaiUra="108" who="3" fromWho="3" sc="354,-30,308,-30,5,-60,323,130" owari="324,12.0,278,-12.0,-55,-56.0,453,56.0" /></mjloggm>