<mjloggm ver="2.3"><GO type="169" lobby="0"/><UN n0="%E3%81%A1%E3%81%A3%E3%81%93%E3%82%8C%40" n1="%E3%82%88%E3%82%8D%E3%81%97%E3%81%8F%E3%81%A7%E3%81%99%E2%99%AA" n2="%E3%81%A3%E3%81%A7%E3%81%B6%E3%83%BC" n3="%E7%88%86%E7%89%8C%E3%82%A6%E3%82%B7%E3%82%B8%E3%83%9E%E3%81%8F%E3%82%93" dan="16,17,16,16" rate="2103.44,2078.29,2033.51,2191.51" sx="M,F,M,M"/><TAIKYOKU oya="0"/><INIT seed="0,0,0,5,3,53" ten="250,250,250,250" oya="0" hai0="106,58,7,3,17,89,27,109,83,40,129,78,123" hai1="43,68,26,91,73,18,93,25,51,5,101,103,41" hai2="14,95,76,75,33,61,6,71,82,118,119,128,100" hai3="114,13,30,55,31,15,67,2,102,10,85,52,49"/><T62/><D123/><U9/><E73/><V131/><F33/><W90/><G114/><T130/><D106/><U92/><E68/><V72/><F72/><W107/><G67/><T113/><D113/><U104/><E104/><V38/><F38/><W47/><G2/><T111/><D40/><U23/><E26/><V37/><F37/><W59/><G102/><T39/><D39/><U57/><E93/><V70/><F6/><W22/><G107/><T48/><D48/><U54/><E43/><V34/><F34/><W20/><G20/><N who="0" m="13711" /><D7/><U108/><E108/><N who="0" m="41545" /><D89/><U77/><E41/><V24/><F24/><W117/><G117/><N who="2" m="44553" /><F14/><W12/><G22/><T50/><D50/><U96/><REACH who="1" step="1"/><E77/><REACH who="1" ten="250,240,250,250" step="2"/><V36/><F36/><W122/><G122/><T133/><D133/><U42/><E42/><V74/><F75/><W0/><G10/><T16/><D3/><AGARI ba="0,1" hai="3,5,9,18,23,25,51,54,57,91,92,96,101,103" machi="3" ten="30,7700,0" yaku="1,1,7,1,52,1,53,1" doraHai="53" doraHaiUra="1" who="1" fromWho="0" sc="250,-77,240,87,250,0,250,0" /><INIT seed="1,0,0,1,3,116" ten="173,327,250,250" oya="1" hai0="13,64,85,126,39,87,90,66,105,91,119,88,75" hai1="23,62,129,96,77,130,114,3,43,27,35,44,72" hai2="11,1,12,33,118,59,82,81,106,80,37,127,67" hai3="93,112,120,65,53,20,47,94,68,60,57,58,25"/><U5/><E114/><V49/><F37/><W30/><G112/><T97/><D119/><U16/><E62/><V31/><F118/><W19/><G120/><T26/><D39/><N who="1" m="21631" /><E96/><V51/><F1/><W50/><G58/><T55/><D126/><U134/><E134/><V34/><F106/><W52/><REACH who="3" step="1"/><G30/><REACH who="3" ten="173,327,250,240" step="2"/><T45/><D66/><U101/><E130/><V2/><F31/><W113/><G113/><T48/><D64/><U29/><E129/><V40/><F59/><W102/><G102/><T123/><D123/><U76/><E101/><V63/><F67/><W28/><G28/><T83/><D105/><U15/><E72/><V95/><F127/><W100/><G100/><T110/><D75/><U61/><E61/><AGARI ba="0,1" hai="19,20,25,47,50,52,53,57,60,61,65,68,93,94" machi="61" ten="30,8000,1" yaku="1,1,7,1,54,1,53,2" doraHai="116" doraHaiUra="89" who="3" fromWho="1" sc="173,0,327,-80,250,0,240,90" /><INIT seed="2,0,0,4,0,108" ten="173,247,250,330" oya="2" hai0="79,80,13,99,55,54,127,59,60,19,91,52,27" hai1="2,65,101,105,11,9,97,115,26,71,32,78,74" hai2="75,14,16,10,85,5,46,17,36,35,31,98,83" hai3="119,112,42,96,25,121,128,33,90,114,135,68,133"/><V37/><F75/><W64/><G119/><T6/><D127/><U49/><E49/><V89/><F98/><W76/><G121/><T12/><D27/><U43/><E43/><V24/><F46/><W29/><G76/><T104/><D6/><U62/><E115/><N who="3" m="44074" /><G128/><T18/><D104/><U132/><E132/><N who="3" m="50762" /><G42/><T45/><D45/><U94/><E94/><V120/><REACH who="2" step="1"/><F120/><REACH who="2" ten="173,247,240,330" step="2"/><W124/><G124/><T126/><D126/><U50/><E97/><V67/><F67/><W102/><G90/><T28/><D91/><U111/><E65/><V0/><F0/><W47/><G47/><T38/><D99/><U61/><E2/><V8/><F8/><W72/><G72/><T130/><D130/><U57/><E9/><V23/><F23/><W7/><G7/><T134/><D134/><U73/><E11/><V56/><F56/><W30/><G30/><T3/><D28/><U44/><E57/><V82/><F82/><W81/><G81/><T100/><D80/><U48/><E74/><V116/><F116/><W107/><G64/><T69/><D3/><U20/><E73/><V40/><F40/><W34/><G34/><T109/><D59/><U51/><E32/><V41/><F41/><W86/><G86/><T66/><D66/><U113/><E113/><V106/><F106/><W1/><G1/><T39/><D39/><AGARI ba="0,1" hai="5,10,14,16,17,24,31,35,36,37,39,83,85,89" machi="39" ten="40,3900,0" yaku="1,1,54,1,53,0" doraHai="108" doraHaiUra="125" who="2" fromWho="0" sc="173,-39,247,0,240,49,330,0" /><INIT seed="2,1,0,2,1,13" ten="134,247,289,330" oya="2" hai0="59,25,66,2,79,80,37,0,75,134,19,127,55" hai1="101,42,62,48,71,17,1,33,40,61,106,100,8" hai2="6,110,77,32,91,125,87,10,78,26,130,70,16" hai3="128,126,60,119,5,65,85,41,105,47,34,72,122"/><V20/><F70/><W35/><G72/><T112/><D112/><U52/><E33/><V96/><F130/><W67/><G119/><T44/><D134/><U117/><E117/><V18/><F125/><W115/><G122/><T123/><D123/><U121/><E121/><V76/><F32/><W74/><G74/><T69/><D127/><U51/><E106/><V63/><F63/><N who="1" m="24073" /><E71/><V54/><F54/><W21/><G60/><T131/><D66/><U31/><E31/><V12/><F110/><W120/><G120/><T107/><D69/><U102/><E1/><V113/><F113/><W98/><G98/><T82/><D107/><U43/><E52/><V27/><F96/><W38/><G105/><T11/><D131/><U88/><E88/><V49/><F49/><N who="1" m="19017" /><E8/><V73/><F73/><W90/><G126/><T29/><D0/><U93/><E93/><N who="2" m="54527" /><F27/><W36/><G35/><T86/><D2/><U114/><E114/><V50/><F50/><W116/><G34/><T57/><D25/><U68/><E68/><V89/><F89/><W24/><G90/><T124/><D124/><U23/><E23/><V95/><F95/><W129/><G21/><T109/><D75/><U4/><E4/><AGARI ba="1,0" hai="4,6,10,12,16,18,20,26,76,77,78" m="54527" machi="4" ten="30,11600,0" yaku="8,1,52,2,54,1" doraHai="13" who="2" fromWho="1" sc="134,0,247,-119,289,119,330,0" /><INIT seed="2,2,0,1,1,103" ten="134,128,408,330" oya="2" hai0="14,122,15,112,123,41,124,125,64,43,115,26,25" hai1="88,19,104,97,70,18,44,35,126,128,59,98,12" hai2="96,4,57,11,62,42,8,39,77,127,71,16,79" hai3="130,30,29,90,109,45,95,120,23,91,93,50,135"/><V56/><F127/><W10/><G120/><T7/><REACH who="0" step="1"/><D64/><REACH who="0" ten="124,128,408,330" step="2"/><U36/><E126/><V102/><F71/><W48/><G109/><T80/><D80/><U101/><E70/><V17/><F39/><W99/><G130/><T34/><D34/><U33/><E128/><V13/><F42/><W51/><G135/><T106/><D106/><U20/><E35/><V114/><F114/><W68/><G68/><T121/><D121/><U3/><E33/><V92/><F57/><W131/><G131/><T107/><D107/><U55/><E36/><V54/><REACH who="2" step="1"/><F17/><REACH who="2" ten="124,128,398,330" step="2"/><W61/><G30/><T69/><D69/><U110/><E19/><V27/><F27/><W21/><G29/><T65/><D65/><U78/><E18/><V113/><F113/><W31/><G31/><T66/><D66/><U63/><E59/><V67/><F67/><W32/><G32/><T37/><D37/><U53/><E53/><V133/><F133/><W52/><G52/><T84/><D84/><U85/><E55/><V89/><F89/><W76/><G91/><T74/><D74/><U86/><E88/><V82/><F82/><W119/><G90/><T83/><D83/><U2/><E86/><V60/><F60/><W87/><G61/><T117/><D117/><U22/><E85/><V129/><F129/><W81/><G87/><T75/><D75/><U94/><E63/><V116/><F116/><W6/><G81/><T105/><D105/><U111/><E104/><V46/><F46/><W73/><G119/><T100/><D100/><U1/><E44/><V24/><F24/><W47/><G47/><RYUUKYOKU ba="2,2" sc="124,15,128,-15,398,15,330,-15" hai0="7,14,15,25,26,41,43,112,115,122,123,124,125" hai2="4,8,11,13,16,54,56,62,77,79,92,96,102" /><INIT seed="2,3,2,0,5,68" ten="139,113,413,315" oya="2" hai0="40,71,115,62,118,106,22,113,32,1,97,45,79" hai1="46,84,48,50,86,92,43,117,130,56,119,59,23" hai2="25,63,49,74,100,60,6,103,107,89,24,102,15" hai3="122,90,66,105,2,37,55,101,99,18,132,39,72"/><V70/><F74/><W28/><G122/><T121/><D121/><U36/><E130/><V57/><F107/><W78/><G132/><T20/><D118/><U133/><E133/><V129/><F129/><W77/><G77/><T96/><D32/><U33/><E33/><V76/><F76/><W42/><G28/><T38/><D1/><U80/><E23/><V61/><F70/><W30/><G42/><T3/><D3/><U9/><E9/><N who="2" m="4535" /><F89/><W98/><G30/><T95/><D79/><U52/><E92/><V128/><F128/><W124/><G124/><T85/><D85/><U14/><E14/><V110/><F110/><W120/><G120/><T131/><D131/><U21/><E21/><V65/><F49/><W29/><G29/><T88/><D97/><U69/><E69/><V135/><F135/><W87/><G2/><T126/><D106/><U109/><E109/><V19/><F19/><W51/><G18/><T82/><D82/><U112/><E112/><V114/><F114/><W58/><G98/><T123/><D126/><U44/><E86/><V17/><F17/><W47/><G78/><T10/><D123/><U81/><E81/><V104/><F104/><W116/><G72/><T12/><D115/><U11/><E11/><V16/><F16/><W8/><G8/><T34/><D113/><U64/><E84/><V5/><F5/><W26/><G116/><N who="1" m="44618" /><E80/><V94/><F94/><N who="3" m="54623" /><G26/><AGARI ba="3,2" hai="24,25,26,57,60,61,63,65,100,102,103" m="4535" machi="26" ten="30,1500,0" yaku="8,1" doraHai="68" who="2" fromWho="3" sc="139,0,113,0,413,44,315,-24" /><INIT seed="2,4,0,0,0,93" ten="139,113,457,291" oya="2" hai0="35,123,99,20,19,105,31,2,112,125,39,102,50" hai1="49,37,83,47,103,134,97,87,120,117,92,63,98" hai2="42,22,89,79,16,111,6,12,34,46,58,14,53" hai3="114,68,56,132,44,73,57,129,91,85,27,100,4"/><V55/><F34/><W3/><G68/><T59/><D123/><U54/><E117/><V7/><F111/><W80/><G114/><T33/><D112/><U109/><E109/><V40/><F79/><W15/><G129/><T10/><D39/><U5/><E120/><V126/><F126/><W61/><G132/><T130/><D130/><U118/><E118/><V90/><F46/><W94/><G3/><T135/><D135/><U70/><E134/><V95/><F55/><W48/><G27/><T9/><D125/><U66/><E5/><N who="2" m="1547" /><F90/><W18/><G4/><T62/><D50/><U0/><E0/><V113/><F14/><W74/><G74/><T67/><D2/><U23/><E37/><V107/><F107/><W43/><G61/><T82/><D82/><U133/><E133/><V45/><F45/><W21/><G73/><T101/><D101/><U30/><E103/><V72/><F72/><W69/><G69/><T108/><D108/><U124/><E124/><V76/><F76/><W25/><G15/><T104/><D104/><U78/><REACH who="1" step="1"/><E92/><REACH who="1" ten="139,103,457,291" step="2"/><V84/><F113/><W32/><G100/><T88/><D102/><U60/><E60/><AGARI ba="4,1" hai="12,16,22,40,42,53,58,60,84,89,95" m="1547" machi="60" ten="30,2900,0" yaku="8,1,54,1" doraHai="93" who="2" fromWho="1" sc="139,0,103,-41,457,51,291,0" /><INIT seed="2,5,0,5,5,7" ten="139,62,508,291" oya="2" hai0="127,17,107,101,19,13,58,81,6,30,74,72,123" hai1="34,5,46,67,116,99,93,86,78,39,114,79,24" hai2="42,134,35,25,109,132,135,129,50,73,2,59,4" hai3="69,122,57,27,56,11,61,9,71,45,20,43,18"/><V68/><F73/><W77/><G122/><T82/><D123/><U96/><E114/><V52/><F35/><W75/><G75/><T84/><D127/><U51/><E116/><V128/><F25/><W121/><G121/><T48/><D30/><U113/><E113/><V94/><F94/><W80/><G71/><T104/><D6/><U54/><E39/><V124/><F4/><W36/><G69/><T119/><D119/><U65/><E5/><V0/><F0/><W130/><G130/><N who="2" m="50281" /><F2/><W131/><G131/><T112/><D13/><U26/><E99/><V89/><F89/><W92/><G57/><T100/><D58/><U95/><E95/><V70/><F109/><W120/><G120/><T33/><D48/><U66/><E34/><V98/><F98/><W60/><G60/><T105/><D105/><U117/><E117/><V126/><F42/><W87/><REACH who="3" step="1"/><G92/><REACH who="3" ten="139,62,508,281" step="2"/><T76/><D112/><U22/><E93/><V40/><F40/><W38/><G38/><T97/><D72/><U62/><E96/><V23/><F23/><W8/><G8/><T91/><D33/><U108/><E22/><V21/><F21/><W118/><G118/><T85/><D74/><U28/><E108/><V1/><F1/><W44/><G44/><T110/><D110/><U32/><E46/><V90/><F90/><W106/><G106/><T31/><D104/><U83/><E32/><V49/><F49/><W102/><G102/><T15/><D101/><U29/><E51/><V55/><F55/><AGARI ba="5,1" hai="9,11,18,20,27,36,43,45,55,56,61,77,80,87" machi="55" ten="30,7700,0" yaku="1,1,7,1,52,2,53,0" doraHai="7" doraHaiUra="10" who="3" fromWho="2" sc="139,0,62,0,508,-92,281,102" /><INIT seed="3,0,0,4,0,109" ten="139,62,416,383" oya="3" hai0="31,135,73,4,45,44,112,54,113,18,75,95,134" hai1="48,67,72,86,123,110,15,0,122,46,96,51,49" hai2="89,56,66,10,92,79,36,117,9,100,119,127,71" hai3="108,53,82,13,32,24,60,35,70,28,104,94,58"/><W8/><G104/><T59/><D31/><U87/><E0/><V115/><F36/><W27/><G108/><T34/><D34/><U37/><E72/><N who="0" m="27721" /><D95/><U61/><E110/><V93/><F71/><W47/><G82/><T124/><D18/><U126/><E126/><V43/><F79/><W7/><G70/><T42/><D4/><U107/><E107/><V1/><F43/><W41/><G94/><T116/><D116/><U90/><E96/><V52/><F66/><W14/><G27/><T38/><D45/><U97/><E97/><V85/><F127/><W88/><G88/><T105/><D105/><U102/><E102/><V111/><F111/><W3/><REACH who="3" step="1"/><G32/><REACH who="3" ten="139,62,416,373" step="2"/><T106/><D106/><U69/><E90/><V39/><F119/><W17/><G17/><T84/><D124/><U63/><E69/><V30/><F117/><W29/><G29/><T77/><D77/><U101/><E101/><V64/><F30/><W98/><G98/><T130/><D84/><U50/><E87/><V83/><F100/><W20/><G20/><T16/><D16/><U68/><E86/><V128/><F93/><W26/><G26/><T33/><D33/><U5/><E68/><V132/><F92/><W125/><G125/><T11/><D11/><U12/><E123/><V91/><F89/><W99/><G99/><T78/><D78/><U21/><E122/><V80/><F83/><W22/><G22/><T40/><D135/><U133/><E133/><V65/><F132/><W57/><G57/><T19/><D134/><U74/><E21/><V120/><F56/><W129/><G129/><RYUUKYOKU ba="0,1" sc="139,-10,62,-10,416,-10,373,30" hai3="3,7,8,13,14,24,28,35,41,47,53,58,60" /><INIT seed="3,1,1,4,5,106" ten="129,52,406,403" oya="3" hai0="72,29,63,19,118,83,34,3,114,41,31,39,113" hai1="116,110,43,10,135,5,123,92,76,84,47,75,16" hai2="28,35,74,86,109,126,78,80,11,130,102,91,103" hai3="132,53,131,2,44,8,101,117,94,22,68,89,119"/><W32/><G32/><T112/><D118/><U67/><E123/><V97/><F35/><W18/><G68/><T15/><D3/><U70/><E110/><V7/><F28/><W100/><G131/><T115/><D34/><U90/><E135/><V62/><F109/><W73/><G73/><T4/><D4/><U105/><E116/><V66/><F130/><W59/><G132/><T25/><D115/><U65/><E105/><V60/><F126/><W79/><G79/><N who="0" m="44519" /><D63/><U23/><E70/><V1/><F97/><W58/><G44/><N who="0" m="23615" /><D25/><U17/><E76/><V104/><F104/><W88/><G2/><T49/><D49/><U46/><E75/><V122/><F122/><W38/><G38/><T27/><D27/><U99/><E84/><V125/><F125/><W82/><G82/><T64/><D64/><N who="1" m="24651" /><E43/><V81/><REACH who="2" step="1"/><F62/><REACH who="2" ten="129,52,396,403" step="2"/><W56/><G117/><T6/><D6/><U0/><E5/><V87/><F87/><W21/><G119/><T61/><D61/><U48/><E99/><V133/><F133/><W121/><G121/><T33/><D33/><U54/><E0/><V13/><F13/><W42/><G100/><T128/><D128/><U134/><E134/><V26/><F26/><W69/><G101/><T71/><D71/><AGARI ba="1,2" hai="1,7,11,60,66,71,74,78,80,81,86,91,102,103" machi="71" ten="30,3900,0" yaku="1,1,7,1,52,1,53,0" doraHai="106" doraHaiUra="36" who="2" fromWho="0" sc="129,-42,52,0,396,62,403,0" /><INIT seed="4,0,0,1,0,16" ten="87,52,458,403" oya="0" hai0="90,55,34,119,37,110,4,96,51,19,62,123,97" hai1="12,43,61,126,128,6,50,17,56,71,72,49,82" hai2="63,57,36,74,33,42,53,131,40,25,106,65,5" hai3="59,7,2,26,92,135,1,58,76,48,14,75,13"/><T47/><D119/><U24/><E128/><V103/><F74/><W117/><G117/><T122/><D34/><U125/><E71/><V10/><F131/><W46/><G135/><T30/><D30/><U114/><E6/><V54/><F103/><W113/><G113/><T133/><D133/><U67/><E24/><V100/><F100/><W41/><G75/><T68/><D110/><U104/><E104/><V127/><F106/><W39/><G76/><T84/><D4/><U35/><E35/><V99/><F99/><W69/><G69/><T21/><D37/><U22/><E114/><V28/><F127/><N who="1" m="48649" /><E43/><V73/><F73/><W102/><G102/><T134/><D134/><U20/><E20/><V120/><F120/><W45/><G92/><T121/><D68/><U11/><E11/><V66/><F54/><W31/><G7/><T79/><D62/><U118/><E118/><V64/><F36/><W112/><G112/><T8/><D8/><U9/><E9/><V107/><F107/><W27/><G2/><T88/><D79/><AGARI ba="0,0" hai="12,17,22,49,50,56,61,67,72,79,82" m="48649" machi="79" ten="30,2000,0" yaku="18,1,52,1" doraHai="16" who="1" fromWho="0" sc="87,-20,52,20,458,0,403,0" /><INIT seed="5,0,0,4,4,104" ten="67,72,458,403" oya="1" hai0="42,116,131,11,44,70,43,61,35,128,38,114,133" hai1="129,94,101,100,119,79,126,3,68,108,52,26,13" hai2="14,99,111,87,88,93,90,134,112,32,46,123,113" hai3="24,62,85,18,29,95,97,10,110,0,73,102,36"/><U28/><E119/><V117/><F111/><W98/><G73/><T76/><D116/><U83/><E3/><V6/><F32/><W15/><G36/><T125/><D114/><N who="2" m="44138" /><F123/><W23/><G110/><T47/><D133/><U37/><E108/><V33/><F33/><W109/><G109/><T135/><D35/><U45/><E68/><V107/><F117/><W106/><G85/><T91/><D135/><U39/><E126/><V121/><F121/><W130/><G130/><N who="0" m="49707" /><D125/><U66/><E66/><V31/><F31/><W120/><G120/><T96/><D76/><U115/><E115/><V27/><F27/><W74/><G74/><T89/><D11/><U103/><E129/><V30/><F30/><W34/><G62/><T84/><D96/><U49/><E94/><N who="2" m="54559" /><F107/><W58/><G58/><T51/><D84/><U75/><REACH who="1" step="1"/><E13/><REACH who="1" ten="67,62,458,403" step="2"/><V122/><F122/><W2/><G2/><T105/><D105/><U78/><E78/><V127/><F127/><W118/><G0/><T60/><D70/><U5/><E5/><V17/><F6/><W72/><G118/><T40/><D40/><U71/><E71/><V50/><F134/><W57/><G95/><T12/><D12/><U7/><E7/><V16/><F14/><W19/><G15/><T59/><D61/><U86/><E86/><V1/><F1/><W41/><G41/><AGARI ba="0,1" hai="16,17,41,46,50,90,93,99" m="54559,44138" machi="41" ten="30,7700,0" yaku="15,1,11,1,54,2" doraHai="104" who="2" fromWho="3" sc="67,0,62,0,458,87,403,-77" /><INIT seed="6,0,0,0,4,86" ten="67,62,545,326" oya="2" hai0="23,66,57,125,135,100,106,28,53,37,11,107,115" hai1="104,33,133,40,44,10,83,48,119,72,20,120,16" hai2="101,110,85,123,0,90,3,68,52,96,77,4,112" hai3="34,38,64,58,98,129,36,42,18,118,25,108,126"/><V30/><F123/><W8/><G118/><T35/><D115/><U56/><E119/><V124/><F68/><W46/><G108/><T61/><D35/><U103/><E33/><V89/><F112/><W117/><G117/><T80/><D135/><U2/><E133/><V19/><F30/><W131/><G126/><T88/><D125/><U54/><E120/><V94/><F124/><W47/><G34/><T97/><D37/><U127/><E127/><V69/><F69/><W99/><G64/><T84/><D11/><U67/><E67/><V70/><F70/><W21/><G58/><T55/><REACH who="0" step="1"/><D107/><REACH who="0" ten="57,62,545,326" step="2"/><U62/><E104/><V50/><F110/><W128/><G8/><T87/><D87/><U9/><E9/><V63/><F85/><W121/><G121/><T60/><D60/><U41/><E10/><V130/><F77/><W132/><G132/><T24/><AGARI ba="0,1" hai="23,24,28,53,55,57,61,66,80,84,88,97,100,106" machi="24" ten="30,12000,2" yaku="1,1,0,1,52,1,54,1,53,2" doraHai="86" doraHaiUra="49" who="0" fromWho="0" sc="57,130,62,-30,545,-60,326,-30" /><INIT seed="7,0,0,0,3,130" ten="187,32,485,296" oya="3" hai0="29,42,129,52,133,26,17,19,37,24,67,131,9" hai1="103,18,33,50,75,32,91,106,112,46,77,99,98" hai2="41,119,125,88,64,117,30,74,63,89,16,49,122" hai3="47,6,21,93,54,44,115,2,92,120,113,110,61"/><W87/><G120/><T45/><D67/><U3/><E3/><V14/><F125/><W105/><G105/><T56/><D24/><U134/><E18/><V62/><F74/><W104/><G104/><T27/><D27/><U5/><E5/><V4/><F4/><W114/><G110/><T73/><D73/><U86/><E50/><V94/><F30/><W51/><G47/><T25/><D25/><U100/><E46/><V101/><F122/><W66/><G21/><T79/><D9/><U22/><E22/><V83/><F101/><W132/><G87/><T40/><D42/><U48/><E48/><V118/><F83/><W102/><G102/><T59/><D59/><U7/><E7/><V70/><F63/><W127/><G127/><T10/><D10/><U107/><E112/><V97/><F89/><W71/><G132/><T135/><D17/><U124/><E124/><V31/><F31/><W38/><REACH who="3" step="1"/><G38/><REACH who="3" ten="187,32,485,286" step="2"/><T85/><D133/><U84/><E134/><V128/><F128/><W20/><G20/><T65/><D135/><U53/><E33/><V121/><F121/><W28/><G28/><T12/><D131/><U95/><E32/><V39/><F39/><W8/><AGARI ba="0,1" hai="2,6,8,44,51,54,61,66,71,92,93,113,114,115" machi="8" ten="40,12000,1" yaku="1,1,0,1,15,1,53,1" doraHai="130" doraHaiUra="34" who="3" fromWho="3" sc="187,-40,32,-40,485,-40,286,130" owari="147,-25.0,-8,-51.0,445,54.0,416,22.0" /></mjloggm>