<mjloggm ver="2.3"><GO type="169" lobby="0"/><UN n0="%4B%2E%47%2E%4C" n1="%E6%AD%A6" n2="%47%2E%4B%2E" n3="%E3%82%86%E3%83%BC%E3%81%BF%E3%82%93" dan="18,16,16,16" rate="2219.75,2144.36,2125.65,2091.24" sx="M,M,M,F"/><TAIKYOKU oya="0"/><INIT seed="0,0,0,0,1,90" ten="250,250,250,250" oya="0" hai0="102,113,13,56,20,60,61,46,117,71,57,108,4" hai1="131,68,118,15,39,126,22,45,43,100,54,128,3" hai2="88,66,21,98,25,67,92,94,86,49,7,134,31" hai3="122,106,5,87,103,30,110,32,65,79,75,58,69"/><T120/><D113/><U74/><E126/><V14/><F134/><W85/><G58/><T51/><D117/><U116/><E3/><V41/><F41/><W50/><G50/><T48/><D108/><U52/><E74/><V1/><F1/><W62/><G5/><T123/><D71/><U93/><E68/><V28/><F31/><W115/><G115/><T112/><D112/><U40/><E40/><V97/><F49/><W10/><G10/><T2/><D2/><U18/><E118/><V64/><F7/><W84/><G110/><T34/><D34/><U107/><E107/><V23/><REACH who="2" step="1"/><F92/><REACH who="2" ten="250,250,240,250" step="2"/><W35/><G30/><T42/><D48/><U99/><REACH who="1" step="1"/><E116/><REACH who="1" ten="250,240,240,250" step="2"/><V6/><F6/><W72/><G106/><T36/><D4/><U38/><E38/><V124/><F124/><W76/><G122/><T105/><D36/><U63/><E63/><V83/><F83/><W16/><G62/><T27/><D123/><U11/><E11/><V19/><AGARI ba="0,2" hai="14,19,21,23,25,28,64,66,67,86,88,94,97,98" machi="19" ten="30,8000,1" yaku="1,1,0,1,8,1,52,1,54,1,53,0" doraHai="90" doraHaiUra="104" who="2" fromWho="2" sc="250,-40,240,-20,240,100,250,-20" /><INIT seed="1,0,0,0,4,92" ten="210,220,340,230" oya="1" hai0="89,74,119,11,99,88,100,26,40,41,14,83,128" hai1="0,94,118,24,15,129,5,21,110,96,104,23,18" hai2="3,101,29,97,102,80,59,93,25,106,60,72,44" hai3="8,105,28,61,103,62,126,56,49,79,122,68,6"/><U32/><E118/><V135/><F3/><W35/><G122/><T134/><D119/><U17/><E104/><V125/><F135/><W53/><G126/><T9/><D134/><U22/><E129/><V115/><F125/><W91/><G79/><T58/><D128/><U112/><E112/><V43/><F115/><W131/><G131/><T113/><D113/><U52/><E32/><V73/><F80/><W2/><G91/><N who="0" m="34891" /><D74/><U1/><E5/><V39/><F101/><W95/><G95/><N who="0" m="58495" /><D83/><U63/><E23/><V130/><F106/><W46/><G68/><T67/><D26/><U133/><E110/><V57/><F130/><W16/><G105/><T48/><D9/><U13/><E133/><V64/><REACH who="2" step="1"/><F57/><REACH who="2" ten="210,220,330,230" step="2"/><W116/><G56/><T31/><D67/><U86/><E0/><V42/><F42/><W30/><G2/><T82/><D82/><U87/><E1/><V108/><F108/><W71/><G116/><T10/><D40/><U111/><E111/><V50/><F50/><W69/><G71/><T20/><D41/><U47/><E63/><V45/><F45/><W38/><G62/><T98/><D58/><U81/><E81/><V114/><F114/><W84/><G61/><T75/><D48/><N who="1" m="28703" /><E13/><V120/><F120/><W121/><G121/><T54/><D14/><U66/><E66/><V77/><F77/><W117/><G117/><T124/><D124/><U7/><E7/><V19/><F19/><W12/><G6/><T78/><D78/><U4/><E4/><V65/><F65/><W36/><G16/><T70/><D70/><U132/><E132/><RYUUKYOKU ba="0,1" sc="210,-15,220,15,330,15,230,-15" hai1="15,17,18,21,22,24,86,87,94,96" hai2="25,29,39,43,44,59,60,64,72,73,93,97,102" /><INIT seed="1,1,1,1,2,45" ten="195,235,345,215" oya="1" hai0="62,39,122,25,70,98,104,66,83,9,135,0,126" hai1="90,1,15,73,61,133,44,131,47,86,11,51,72" hai2="34,128,67,110,41,120,7,134,13,20,60,109,96" hai3="59,97,10,42,121,21,63,23,71,16,124,69,74"/><U129/><E133/><V14/><F120/><W84/><G74/><T103/><D135/><U58/><E1/><V88/><F34/><W50/><G121/><T55/><D122/><U38/><E38/><V31/><F128/><N who="1" m="49225" /><E58/><V79/><F79/><W30/><G124/><T32/><D83/><N who="1" m="49503" /><E61/><V118/><F41/><W99/><G84/><T64/><D64/><U53/><E47/><V117/><F134/><W111/><G69/><T115/><D126/><U68/><E68/><V127/><F127/><W125/><G71/><T101/><D101/><U107/><E107/><V56/><F7/><AGARI ba="1,1" hai="7,11,15,44,51,53,72,73" m="49503,49225" machi="7" ten="30,2900,0" yaku="19,1,52,1" doraHai="45" who="1" fromWho="2" sc="195,0,235,42,345,-32,215,0" /><INIT seed="1,2,0,1,5,67" ten="195,277,313,215" oya="1" hai0="1,33,87,0,103,91,79,81,116,42,119,59,117" hai1="90,39,7,13,77,26,132,97,123,6,101,2,71" hai2="95,11,110,70,14,60,17,65,114,18,47,69,38" hai3="23,61,49,36,53,131,20,124,34,129,127,73,57"/><U82/><E132/><V128/><F110/><W83/><G34/><T100/><D33/><U108/><E123/><V15/><F128/><N who="3" m="49227" /><G73/><T45/><D59/><U98/><E108/><V8/><F114/><W107/><G107/><T106/><D79/><U5/><E2/><V74/><F74/><W88/><G23/><T56/><D56/><U99/><E39/><V118/><F118/><W109/><G20/><T104/><D104/><U10/><E101/><V89/><F47/><N who="3" m="27839" /><G109/><T78/><D91/><U85/><E71/><V46/><F46/><W94/><G83/><T125/><D125/><U135/><E135/><V30/><F38/><W50/><G36/><T43/><D106/><U66/><E66/><V58/><F30/><W64/><G50/><T121/><D121/><U55/><E55/><V80/><F80/><W63/><G61/><T62/><D62/><U28/><REACH who="1" step="1"/><E77/><REACH who="1" ten="195,267,313,215" step="2"/><V16/><REACH who="2" step="1"/><F17/><REACH who="2" ten="195,267,303,215" step="2"/><W134/><G134/><T102/><REACH who="0" step="1"/><D42/><REACH who="0" ten="185,267,303,215" step="2"/><U76/><E76/><V93/><F93/><W19/><G19/><T3/><D3/><U41/><E41/><V130/><F130/><W52/><G64/><T54/><D54/><U29/><E29/><V12/><F12/><W72/><G72/><T27/><D27/><U37/><E37/><AGARI ba="2,3" hai="0,1,37,43,45,78,81,87,100,102,103,116,117,119" machi="37" ten="50,1600,0" yaku="1,1,53,0" doraHai="67" doraHaiUra="9" who="0" fromWho="1" sc="185,52,267,-22,303,0,215,0" /><INIT seed="2,0,0,3,2,48" ten="237,245,303,215" oya="2" hai0="121,130,80,88,67,56,38,94,111,7,10,71,100" hai1="78,134,108,0,42,29,112,116,59,70,40,54,103" hai2="110,72,99,24,41,39,19,89,49,73,45,85,125" hai3="122,90,76,92,102,50,46,57,132,75,118,109,14"/><V77/><F125/><W131/><G118/><T81/><D121/><U65/><E0/><V83/><F110/><W11/><G122/><T66/><D71/><U84/><E103/><V53/><F99/><W123/><G109/><T93/><D38/><U15/><E29/><V47/><F77/><W87/><G123/><T106/><D106/><U107/><E107/><V1/><F1/><W43/><G131/><T33/><D33/><U23/><E23/><V124/><F124/><W113/><G132/><T69/><D69/><U96/><E96/><V32/><REACH who="2" step="1"/><F19/><REACH who="2" ten="237,245,293,215" step="2"/><W31/><G76/><T91/><D130/><U129/><E78/><V44/><F44/><W126/><G126/><T16/><D16/><U115/><E129/><V52/><F52/><W58/><G113/><T127/><D111/><U30/><E54/><V68/><F68/><W135/><G46/><T82/><D127/><U98/><E70/><V21/><F21/><W117/><G117/><T18/><D18/><U25/><E116/><V120/><F120/><W5/><G5/><T3/><D100/><U36/><E115/><V133/><F133/><W61/><G102/><T8/><D8/><U104/><E112/><V22/><F22/><W4/><G4/><T101/><D101/><U60/><E134/><V79/><F79/><W51/><G135/><T128/><D128/><U114/><E114/><V28/><AGARI ba="0,1" hai="24,28,32,39,41,45,47,49,53,72,73,83,85,89" machi="28" ten="30,6000,0" yaku="1,1,0,1,52,1,53,0" doraHai="48" doraHaiUra="17" who="2" fromWho="2" sc="237,-20,245,-20,293,70,215,-20" /><INIT seed="2,1,0,2,2,11" ten="217,225,363,195" oya="2" hai0="76,0,47,18,134,19,61,111,97,46,108,105,38" hai1="103,67,71,110,87,50,12,2,120,93,45,88,78" hai2="92,81,131,70,117,86,4,29,40,102,37,116,63" hai3="28,17,130,119,69,106,133,53,90,22,96,127,132"/><V114/><F114/><W83/><G119/><T6/><D134/><U125/><E2/><V65/><F131/><W74/><G69/><T36/><D76/><U15/><E71/><V124/><F124/><W31/><G127/><T66/><D6/><U118/><E118/><V55/><F29/><W112/><G130/><T48/><D0/><U23/><E125/><V73/><F4/><W27/><G112/><T54/><D97/><N who="1" m="59823" /><E110/><N who="0" m="42025" /><D105/><U13/><E67/><V104/><F55/><W68/><G68/><N who="0" m="42063" /><D47/><U121/><E78/><V126/><F104/><W44/><G74/><T34/><D34/><U91/><E23/><V62/><F126/><W8/><G106/><T39/><AGARI ba="1,0" hai="18,19,36,38,39,46,48,54" m="42063,42025" machi="39" ten="40,1500,0" yaku="14,1" doraHai="11" who="0" fromWho="0" sc="217,18,225,-5,363,-8,195,-5" /><INIT seed="3,0,0,5,0,113" ten="235,220,355,190" oya="3" hai0="86,31,82,19,0,84,18,17,15,34,39,115,109" hai1="23,131,91,40,116,47,12,58,41,27,55,33,11" hai2="110,112,48,32,90,35,61,111,132,67,38,16,133" hai3="57,50,104,120,107,96,21,65,44,29,76,98,77"/><W101/><G120/><T135/><D115/><U95/><E131/><V60/><F38/><W56/><G29/><T85/><D0/><U102/><E33/><N who="2" m="12875" /><F112/><W66/><G21/><T130/><D130/><U71/><E71/><V83/><F48/><W64/><G44/><T52/><D39/><U43/><E102/><V128/><F128/><W8/><G8/><T97/><D109/><N who="2" m="41482" /><F16/><N who="0" m="6250" /><D135/><N who="2" m="51786" /><F67/><W105/><G105/><T93/><D31/><U30/><E47/><V62/><F90/><W53/><REACH who="3" step="1"/><G57/><REACH who="3" ten="235,220,355,180" step="2"/><T81/><D34/><U70/><E58/><V99/><F99/><W78/><G78/><T13/><D97/><U10/><E10/><V68/><F68/><W59/><G59/><T20/><D20/><U124/><E11/><V36/><F36/><W1/><G1/><T2/><D2/><U89/><E23/><V3/><F3/><W49/><G49/><T46/><D46/><U114/><E114/><V24/><F24/><W74/><G74/><T103/><D13/><U122/><E12/><V121/><F121/><W75/><G75/><T129/><D129/><U42/><E122/><V94/><F94/><W73/><G73/><T106/><D93/><U79/><E95/><V14/><F14/><W37/><G37/><T126/><D15/><U72/><E72/><V92/><F92/><W119/><G119/><T45/><D45/><U25/><E116/><V4/><F83/><W6/><G6/><AGARI ba="0,1" hai="4,6,60,61,62" m="51786,41482,12875" machi="6" ten="40,8000,1" yaku="28,2,14,1,20,1" doraHai="113" who="2" fromWho="3" sc="235,0,220,0,355,90,180,-80" /><INIT seed="4,0,0,0,1,58" ten="235,220,445,100" oya="0" hai0="75,129,53,41,115,106,54,16,65,45,92,9,17" hai1="11,82,44,127,12,108,39,22,25,29,52,135,130" hai2="62,6,34,74,81,83,94,43,102,14,72,27,47" hai3="78,32,95,134,87,76,26,114,50,64,70,119,36"/><T48/><D106/><U55/><E108/><V63/><F34/><W93/><G36/><T120/><D120/><U109/><E109/><V24/><F6/><W21/><G32/><T79/><D115/><U20/><E127/><V110/><F110/><W116/><G114/><T61/><D129/><U90/><E135/><V112/><F112/><W13/><G134/><T101/><D79/><U51/><E39/><N who="2" m="22015" /><F14/><W7/><G50/><T46/><D75/><U35/><E130/><V121/><F94/><W118/><G70/><T10/><D10/><U124/><E124/><V30/><F102/><W89/><G64/><T15/><D17/><N who="1" m="8351" /><E55/><V28/><F83/><W73/><G73/><T111/><D111/><U77/><E77/><V67/><F81/><W0/><G0/><T59/><D45/><U131/><E131/><V60/><F67/><W38/><G93/><T80/><D80/><U42/><E42/><V33/><F121/><W91/><G91/><T37/><D37/><U113/><E113/><V23/><F72/><W3/><G38/><T104/><D104/><U4/><E4/><V66/><F66/><W5/><G3/><T105/><D105/><U56/><E56/><V97/><F74/><W19/><G13/><T103/><D103/><U123/><E123/><V88/><F27/><W69/><G69/><T133/><D133/><U18/><E18/><N who="2" m="12407" /><F33/><W100/><G100/><T1/><D1/><U68/><E68/><V2/><F2/><W96/><G76/><T99/><AGARI ba="0,0" hai="9,15,16,41,46,48,53,54,59,61,65,92,99,101" machi="99" ten="30,11700,0" yaku="0,1,8,1,52,1,54,1" doraHai="58" who="0" fromWho="0" sc="235,117,220,-39,445,-39,100,-39" /><INIT seed="4,1,0,5,3,17" ten="352,181,406,61" oya="0" hai0="110,58,1,38,113,129,130,82,103,116,91,14,74" hai1="120,18,118,44,28,78,27,30,23,108,107,46,2" hai2="101,68,119,49,133,115,60,102,105,80,48,56,134" hai3="85,51,73,29,65,95,84,86,20,106,6,43,12"/><T124/><D116/><U33/><E108/><V7/><F115/><W5/><G106/><T117/><D117/><U70/><E120/><V121/><F121/><W125/><G125/><T77/><D1/><U61/><E107/><V25/><F119/><W128/><G128/><N who="0" m="49259" /><D113/><U66/><E118/><V41/><F7/><W83/><G73/><T52/><D38/><U63/><E30/><V100/><F68/><W132/><G132/><N who="2" m="50793" /><F41/><W104/><G104/><T126/><D103/><U8/><E78/><V76/><F25/><W79/><G65/><T69/><D69/><U11/><E63/><V47/><F47/><N who="3" m="26111" /><G95/><T37/><D37/><U9/><REACH who="1" step="1"/><E2/><REACH who="1" ten="352,171,406,61" step="2"/><V54/><F105/><W114/><G114/><T15/><D110/><U42/><E42/><V131/><F131/><W13/><G79/><T109/><D109/><U135/><E135/><V75/><AGARI ba="1,1" hai="48,49,54,56,60,75,76,80,100,101,102" m="50793" machi="75" ten="30,1100,0" yaku="20,1" doraHai="17" who="2" fromWho="2" sc="352,-6,171,-4,406,24,61,-4" /><INIT seed="5,0,0,1,4,88" ten="346,167,430,57" oya="1" hai0="98,83,12,85,135,71,42,110,65,113,25,74,77" hai1="50,124,21,6,14,18,31,104,68,78,97,5,22" hai2="125,43,48,96,57,107,15,129,67,10,23,9,91" hai3="45,128,28,102,126,72,44,11,127,116,59,53,1"/><U81/><E124/><N who="3" m="47658" /><G72/><T131/><D110/><U111/><E68/><V90/><F129/><W134/><G28/><T119/><D135/><U52/><E111/><V62/><F107/><W89/><G102/><T121/><D113/><U33/><E33/><V38/><F38/><W63/><G1/><T86/><D42/><U36/><E36/><V2/><F2/><W17/><G11/><N who="2" m="4105" /><F96/><W0/><G17/><T66/><D98/><U112/><E112/><V87/><F125/><W56/><G89/><T106/><D86/><U27/><E104/><V41/><F48/><N who="3" m="30759" /><G0/><T123/><D74/><U115/><E97/><V8/><F23/><W109/><G109/><T39/><D85/><U37/><E37/><V30/><F30/><W130/><G134/><T94/><D77/><U79/><E115/><V73/><F73/><W108/><G108/><T114/><D83/><U16/><E31/><V92/><F91/><W51/><G116/><T60/><D119/><U69/><E69/><V95/><F95/><W49/><G49/><T58/><D71/><U70/><E70/><V76/><F76/><N who="1" m="29225" /><E81/><V47/><F47/><AGARI ba="0,0" hai="5,6,14,16,18,21,22,27,47,50,52" m="29225" machi="47" ten="30,5800,0" yaku="8,1,54,2" doraHai="88" who="1" fromWho="2" sc="346,0,167,58,430,-58,57,0" /><INIT seed="5,1,0,3,4,19" ten="346,225,372,57" oya="1" hai0="35,126,65,85,49,93,17,56,55,122,61,121,10" hai1="116,75,52,74,54,21,45,36,124,25,125,41,39" hai2="103,105,109,131,132,110,100,94,96,5,107,33,84" hai3="90,60,114,53,108,135,26,115,57,95,92,72,86"/><U1/><E116/><V11/><F33/><W51/><G135/><T63/><D35/><U68/><E1/><V113/><F132/><W37/><G108/><N who="2" m="41577" /><F11/><W106/><G106/><N who="2" m="40457" /><F5/><W23/><G72/><N who="1" m="27690" /><E68/><V14/><F14/><W24/><G24/><T48/><D126/><N who="1" m="48747" /><E39/><V82/><F131/><W40/><G37/><T58/><D17/><AGARI ba="1,0" hai="17,21,25,36,41,45,52,54" m="48747,27690" machi="17" ten="30,5800,0" yaku="18,1,52,1,54,1" doraHai="19" who="1" fromWho="0" sc="346,-61,225,61,372,0,57,0" /><INIT seed="5,2,0,5,0,117" ten="285,286,372,57" oya="1" hai0="127,124,75,71,0,32,70,2,103,130,122,68,51" hai1="24,3,94,4,88,46,81,17,120,50,7,106,14" hai2="57,9,11,28,29,113,118,105,55,133,45,6,39" hai3="1,135,129,61,31,101,43,53,131,87,41,48,126"/><U66/><E106/><V109/><F109/><W112/><G1/><N who="0" m="619" /><D103/><U92/><E120/><V19/><F105/><W36/><G31/><T123/><D130/><N who="3" m="49673" /><G101/><T16/><D75/><U56/><E3/><V104/><F104/><W128/><N who="3" m="49681" /><W79/><DORA hai="121" /><G79/><T64/><D64/><U82/><E24/><V80/><F6/><N who="1" m="2089" /><E94/><V35/><F80/><W134/><G87/><T99/><D99/><N who="1" m="57735" /><E56/><V107/><F57/><N who="3" m="34991" /><G112/><T72/><D72/><U49/><E66/><V40/><F107/><W10/><G10/><T74/><D74/><U60/><E60/><V86/><F11/><W8/><G8/><T20/><D32/><U93/><E93/><V42/><F9/><W58/><G36/><T111/><D51/><N who="1" m="19467" /><E46/><V78/><F45/><W54/><G126/><N who="0" m="48171" /><D111/><U25/><E25/><AGARI ba="2,0" hai="16,20,25,68,70,71,122,123" m="48171,619" machi="25" ten="40,8000,1" yaku="18,1,52,2,54,1" doraHai="117,121" who="0" fromWho="1" sc="285,86,286,-86,372,0,57,0" /><INIT seed="6,0,0,2,1,34" ten="371,200,372,57" oya="2" hai0="33,84,79,124,129,81,6,44,24,17,7,15,67" hai1="114,120,70,103,9,21,104,57,133,92,108,39,12" hai2="61,111,27,75,86,41,71,11,51,60,18,42,118" hai3="134,32,102,113,5,20,26,127,13,3,29,40,123"/><V43/><F118/><W95/><G123/><T55/><D129/><U72/><E57/><V66/><F75/><W94/><G134/><T36/><D124/><U99/><E21/><V109/><F86/><W91/><G127/><T45/><D67/><U107/><E12/><V25/><F11/><W119/><G119/><T116/><D116/><U49/><E49/><V110/><F18/><W89/><G40/><T106/><D106/><N who="1" m="63871" /><E9/><V30/><F60/><W115/><G102/><T131/><D131/><U126/><E70/><V105/><F105/><N who="1" m="40521" /><E39/><V53/><REACH who="2" step="1"/><F30/><REACH who="2" ten="371,200,362,57" step="2"/><W132/><G29/><T82/><D84/><U31/><E31/><V128/><F128/><W22/><G115/><T98/><D17/><U80/><E126/><V78/><F78/><W1/><G113/><T87/><D79/><N who="1" m="44135" /><E114/><V85/><F85/><W14/><G5/><T77/><D87/><U76/><E76/><V62/><F62/><W117/><G117/><T73/><D77/><U74/><E74/><V2/><F2/><W88/><G3/><T83/><D6/><U121/><E133/><V23/><F23/><W96/><G132/><T101/><D73/><U35/><E35/><V50/><F50/><W68/><G1/><T0/><D0/><U48/><E48/><V58/><AGARI ba="0,1" hai="25,27,41,42,43,51,53,58,61,66,71,109,110,111" machi="58" ten="40,7800,0" yaku="1,1,0,1,10,1,53,0" doraHai="34" doraHaiUra="4" who="2" fromWho="2" sc="371,-26,200,-26,362,88,57,-26" /><INIT seed="6,1,0,5,5,28" ten="345,174,450,31" oya="2" hai0="52,59,41,129,27,73,29,109,96,77,70,106,53" hai1="120,121,107,116,16,85,110,58,104,69,80,75,76" hai2="92,6,62,54,98,37,39,128,124,66,72,112,49" hai3="64,35,7,93,127,50,111,5,25,135,100,47,17"/><V4/><F72/><W34/><G135/><T3/><D109/><U61/><E69/><V2/><F112/><W56/><G111/><T57/><D70/><U31/><E116/><V45/><F124/><W1/><G127/><T13/><D3/><U68/><E68/><V55/><F128/><W84/><G64/><T67/><D67/><U86/><E31/><V117/><F2/><W123/><G123/><N who="1" m="47178" /><E16/><V108/><F117/><W51/><G56/><T101/><D41/><U9/><E9/><V94/><F108/><W10/><G7/><T48/><D129/><U38/><E38/><V22/><F22/><W113/><G113/><T33/><D13/><U30/><E30/><V0/><F0/><W125/><G125/><T114/><D114/><U46/><E46/><V60/><F45/><W119/><G119/><T12/><D12/><U78/><E78/><V131/><F66/><W126/><G126/><T11/><D11/><U118/><E118/><V71/><F71/><W8/><G51/><T97/><D77/><U26/><E26/><V99/><F131/><W105/><G105/><N who="1" m="40522" /><E110/><V95/><F49/><W14/><G25/><T87/><D59/><U20/><E20/><V132/><F39/><W40/><REACH who="3" step="1"/><G84/><REACH who="3" ten="345,174,450,21" step="2"/><T63/><D87/><U133/><E133/><V90/><F132/><W42/><G42/><T32/><D48/><U122/><E122/><V81/><F37/><W91/><G91/><T24/><D57/><U21/><E86/><V19/><F6/><W83/><G83/><T74/><D24/><U89/><E89/><N who="2" m="55567" /><F4/><W134/><G134/><T18/><D27/><RYUUKYOKU ba="1,1" sc="345,-10,174,-10,450,-10,21,30" hai3="1,5,8,10,14,17,34,35,40,47,50,93,100" /><INIT seed="7,2,1,2,2,113" ten="335,164,440,51" oya="3" hai0="43,122,94,78,89,134,106,2,68,105,120,76,9" hai1="27,64,36,79,55,32,60,109,117,124,90,125,88" hai2="85,104,53,69,34,77,135,44,96,8,126,33,93" hai3="30,92,59,28,39,26,129,38,50,118,23,70,86"/><W65/><G129/><T3/><D43/><U11/><E117/><V51/><F69/><W18/><G70/><T25/><D25/><U91/><E36/><V97/><F126/><N who="1" m="48745" /><E79/><V46/><F135/><W82/><G118/><T114/><D9/><U5/><E55/><V16/><F104/><W116/><G116/><T108/><D68/><N who="1" m="41991" /><E109/><V1/><F1/><W57/><G92/><T21/><D21/><U41/><E41/><V115/><F115/><W48/><G39/><T54/><D94/><U84/><E27/><V63/><F63/><W133/><G38/><T74/><D74/><U52/><E52/><V102/><F96/><W17/><G133/><T15/><D15/><N who="1" m="5615" /><E32/><V103/><F103/><W13/><G17/><T128/><D54/><U0/><E0/><V87/><F46/><W110/><G110/><T95/><D95/><AGARI ba="2,1" hai="84,88,90,91,95" m="5615,41991,48745" machi="95" ten="30,2000,0" yaku="18,1,54,1" doraHai="113" who="1" fromWho="0" sc="335,-26,164,36,440,0,51,0" owari="309,11.0,200,-20.0,440,54.0,51,-45.0" /></mjloggm>