<mjloggm ver="2.3"><GO type="169" lobby="0"/><UN n0="%4E%41%4F%59%41%31%30%35" n1="%E3%82%86%E3%83%BC%E3%81%BF%E3%82%93" n2="%52%42%31%30" n3="%E5%90%89%E7%B1%B3%E8%80%81%E5%B8%AB" dan="18,16,17,16" rate="2197.40,2085.52,2150.74,2078.89" sx="M,F,M,M"/><TAIKYOKU oya="0"/><INIT seed="0,0,0,2,4,46" ten="250,250,250,250" oya="0" hai0="43,124,107,125,99,135,41,71,76,54,82,10,120" hai1="96,68,50,53,103,45,18,109,34,62,27,80,4" hai2="16,21,119,73,30,19,40,67,122,37,13,36,60" hai3="88,29,118,78,56,22,28,33,65,52,23,77,7"/><T70/><D120/><U5/><E109/><V64/><F122/><W132/><G118/><T123/><D123/><U101/><E80/><V129/><F129/><W72/><G132/><T38/><D135/><U116/><E116/><V108/><F108/><W9/><G65/><T86/><D10/><U97/><E97/><V48/><F119/><W35/><G35/><T12/><D12/><U126/><E126/><N who="0" m="48745" /><D54/><U1/><E1/><V114/><F30/><N who="3" m="11883" /><G33/><T15/><D15/><U81/><E34/><V14/><F73/><W51/><G72/><T90/><D38/><U134/><E81/><V121/><F114/><W117/><G117/><T8/><D8/><U59/><E68/><N who="0" m="26153" /><D90/><U89/><E89/><V58/><F121/><W92/><G9/><T6/><D6/><U75/><E134/><V112/><F112/><W113/><G113/><T100/><AGARI ba="0,0" hai="41,43,76,82,86,99,100,107" m="26153,48745" machi="100" ten="40,2100,0" yaku="18,1" doraHai="46" who="0" fromWho="0" sc="250,21,250,-7,250,-7,250,-7" /><INIT seed="0,1,0,0,5,14" ten="271,243,243,243" oya="0" hai0="50,92,112,99,106,68,62,55,70,81,108,104,101" hai1="37,30,100,74,9,56,43,91,27,111,71,121,33" hai2="83,44,15,57,35,131,98,28,133,46,96,124,90" hai3="119,73,113,49,48,16,40,72,84,97,78,29,24"/><T20/><D112/><U69/><E121/><V110/><F35/><W118/><G113/><T23/><D108/><U53/><E111/><V11/><F110/><W132/><G132/><T51/><D81/><U5/><E74/><V4/><F131/><W93/><G84/><T66/><D70/><U25/><E100/><V94/><F124/><W52/><G40/><T75/><D75/><U65/><E65/><V123/><F28/><W82/><G49/><T2/><D2/><U80/><E37/><V39/><F39/><W61/><G61/><T13/><D51/><U127/><E43/><V22/><F133/><W102/><G73/><T117/><D117/><U21/><E91/><V19/><F123/><W135/><G135/><T122/><D122/><U126/><E80/><V128/><F128/><W34/><REACH who="3" step="1"/><G16/><REACH who="3" ten="271,243,243,233" step="2"/><T79/><D79/><U115/><E115/><V77/><F98/><W18/><G18/><T87/><D87/><U120/><E120/><V6/><F6/><W95/><G95/><T125/><D125/><U64/><E126/><V67/><F83/><W59/><AGARI ba="1,1" hai="24,29,34,48,52,59,72,78,82,93,97,102,118,119" machi="59" ten="20,5200,0" yaku="1,1,0,1,7,1,54,1,53,0" doraHai="14" doraHaiUra="36" who="3" fromWho="3" sc="271,-27,243,-14,243,-14,233,65" /><INIT seed="1,0,0,3,0,67" ten="244,229,229,298" oya="1" hai0="100,87,22,130,18,125,112,12,65,14,2,118,128" hai1="16,43,7,81,108,69,28,63,48,127,64,1,44" hai2="101,33,37,66,121,5,17,86,119,105,0,61,9" hai3="78,45,76,15,91,55,133,106,117,129,35,20,111"/><U24/><E127/><V114/><F119/><W126/><G35/><T52/><D118/><U71/><E108/><V122/><F37/><W74/><G106/><T29/><D112/><U77/><E1/><V62/><F114/><W42/><G133/><T40/><D125/><U60/><E7/><V92/><F62/><W88/><G129/><T75/><D75/><U84/><E16/><V13/><F105/><W21/><G21/><T49/><D2/><U54/><E54/><V30/><F33/><W38/><G117/><T79/><D100/><U34/><REACH who="1" step="1"/><E60/><REACH who="1" ten="244,219,229,298" step="2"/><V73/><F5/><W51/><G111/><T124/><D124/><U6/><E6/><V57/><F61/><W39/><G126/><T56/><D130/><U70/><AGARI ba="0,1" hai="24,28,34,43,44,48,63,64,69,70,71,77,81,84" machi="70" ten="20,18000,2" yaku="1,1,0,1,7,1,52,3,53,1" doraHai="67" doraHaiUra="83" who="1" fromWho="1" sc="244,-60,219,190,229,-60,298,-60" /><INIT seed="1,1,0,0,0,18" ten="184,409,169,238" oya="1" hai0="113,94,110,73,46,107,48,114,40,17,79,28,63" hai1="122,124,84,16,29,117,22,134,10,9,126,8,115" hai2="26,101,1,64,80,13,15,104,98,2,85,81,43" hai3="130,72,131,87,52,4,112,127,49,89,14,60,116"/><U7/><E117/><V39/><F64/><W11/><G112/><T86/><D110/><U19/><E84/><V125/><F125/><N who="1" m="48233" /><E115/><V65/><F81/><W121/><G127/><T77/><D107/><U76/><E76/><V83/><F83/><W38/><G121/><T119/><D119/><U69/><E69/><V45/><F65/><W67/><G72/><T55/><D28/><U32/><E122/><V31/><F1/><W109/><G38/><T23/><D73/><U44/><E44/><V53/><F53/><W42/><G42/><T33/><D33/><U51/><E51/><V99/><F99/><W24/><G109/><T58/><D114/><U118/><E118/><V92/><F2/><W95/><G116/><T70/><D70/><U96/><E96/><V129/><F104/><W41/><G41/><T61/><D61/><U100/><E100/><V108/><F129/><W37/><G37/><T21/><D113/><U97/><E97/><V123/><F108/><W5/><G130/><T133/><D133/><U36/><E36/><V59/><F59/><N who="3" m="37279" /><G131/><T91/><REACH who="0" step="1"/><D23/><REACH who="0" ten="174,409,169,238" step="2"/><U3/><E134/><V68/><F68/><W111/><G111/><T30/><D30/><U106/><E106/><V12/><F123/><W82/><G11/><N who="1" m="4170" /><E32/><V78/><F12/><AGARI ba="1,1" hai="12,17,21,40,46,48,55,58,63,77,79,86,91,94" machi="12" ten="30,7700,0" yaku="1,1,7,1,8,1,52,1,53,0" doraHai="18" doraHaiUra="120" who="0" fromWho="2" sc="174,90,409,0,169,-80,238,0" /><INIT seed="2,0,0,4,1,111" ten="264,409,89,238" oya="2" hai0="70,79,115,76,28,135,117,37,119,53,118,102,96" hai1="89,131,23,129,27,35,14,105,22,73,125,4,36" hai2="50,86,66,83,64,69,65,101,38,122,110,103,91" hai3="128,25,97,82,56,72,88,21,44,0,92,127,48"/><V94/><F122/><W5/><G128/><N who="1" m="49226" /><E105/><V55/><F110/><W29/><G127/><T133/><D70/><U60/><E73/><V40/><F69/><W84/><G72/><T63/><D37/><U61/><E36/><V51/><F38/><W80/><G0/><T3/><D3/><U47/><E35/><V31/><F31/><W98/><G5/><T114/><D28/><U59/><E47/><V7/><F7/><W75/><G75/><T32/><D32/><U109/><E59/><V26/><F26/><W20/><G20/><T112/><D53/><U58/><E58/><N who="2" m="33143" /><F83/><N who="3" m="31787" /><G56/><T95/><D63/><U18/><E125/><V16/><F16/><W30/><G29/><T12/><D12/><U81/><E4/><V113/><F113/><W104/><G104/><T15/><D15/><U71/><E71/><V116/><F116/><W74/><G74/><T78/><AGARI ba="0,0" hai="76,78,79,95,96,102,112,114,115,117,118,119,133,135" machi="78" ten="50,16000,3" yaku="0,1,29,2,12,1,34,3,52,3" doraHai="111" who="0" fromWho="0" sc="264,160,409,-40,89,-80,238,-40" /><INIT seed="3,0,0,1,0,55" ten="424,369,9,198" oya="3" hai0="54,94,68,29,128,97,63,85,82,14,101,58,135" hai1="28,66,33,93,83,123,49,43,9,22,126,53,119" hai2="65,122,48,112,25,16,42,52,87,127,11,4,111" hai3="75,114,106,78,110,62,41,86,100,107,12,20,95"/><W7/><G114/><T56/><D128/><U6/><E123/><V80/><F112/><W0/><G0/><T89/><D135/><U1/><E33/><V8/><F122/><W59/><G41/><T76/><D68/><U46/><E126/><V31/><F111/><W47/><G47/><T113/><D113/><U24/><E119/><V70/><F127/><W30/><G110/><T84/><D29/><U132/><E132/><V77/><F42/><W116/><G116/><T50/><D14/><U131/><E131/><V40/><F40/><W79/><G75/><T13/><D13/><U34/><E66/><V61/><F4/><W10/><G106/><T27/><D27/><U88/><E83/><V92/><F92/><W72/><G107/><T60/><REACH who="0" step="1"/><D58/><REACH who="0" ten="414,369,9,198" step="2"/><U109/><E109/><V103/><F31/><W51/><G59/><T69/><D69/><U121/><E121/><V71/><F71/><W115/><G30/><T105/><AGARI ba="0,1" hai="50,54,56,60,63,76,82,84,85,89,94,97,101,105" machi="105" ten="20,5200,0" yaku="1,1,0,1,7,1,52,1,53,0" doraHai="55" doraHaiUra="15" who="0" fromWho="0" sc="414,62,369,-13,9,-13,198,-26" owari="476,57.0,356,16.0,-4,-50.0,172,-23.0" /></mjloggm>