<mjloggm ver="2.3"><GO type="169" lobby="0"/><UN n0="%E3%81%B9%E3%81%BB%E3%81%84%E3%81%BF" n1="%E3%81%BE%E3%81%95%EF%BC%A7" n2="%E3%81%B4%E3%81%8A%E3%81%B4%E3%81%8A%EF%BC%91%EF%BC%91" n3="%6E%6F%70%72%6F%70%73" dan="16,16,18,16" rate="2117.63,2175.48,2273.66,2112.75" sx="F,M,M,F"/><TAIKYOKU oya="0"/><INIT seed="0,0,0,1,3,99" ten="250,250,250,250" oya="0" hai0="106,134,0,32,115,128,49,22,95,8,29,81,19" hai1="21,39,59,88,67,2,42,45,127,104,55,78,108" hai2="56,5,24,111,100,113,72,85,69,124,64,70,53" hai3="16,33,119,26,17,4,1,18,61,133,73,82,83"/><T126/><D106/><U105/><E108/><V90/><F113/><W48/><G73/><T9/><D81/><U79/><E127/><V74/><F124/><W66/><G119/><T118/><D95/><U116/><E116/><V13/><F111/><W43/><G133/><T6/><D49/><U101/><E2/><V44/><F44/><W41/><G1/><N who="0" m="79" /><D118/><U11/><E11/><V114/><F114/><W129/><G4/><N who="0" m="1159" /><D115/><U31/><E67/><V15/><F24/><W75/><G129/><T34/><D126/><U96/><E105/><V71/><F64/><W50/><G75/><T52/><D52/><U68/><E68/><V109/><F109/><W107/><G107/><T7/><D128/><U120/><E120/><V121/><F121/><W91/><G61/><T98/><D98/><U63/><E88/><V35/><F5/><W97/><G97/><T110/><D110/><U58/><E58/><V135/><F35/><N who="0" m="13354" /><D134/><U3/><E3/><V132/><F132/><W84/><G83/><T112/><D112/><U12/><E79/><V93/><F135/><W117/><G66/><T62/><D62/><U25/><E78/><V20/><F74/><W123/><G117/><T125/><D125/><U38/><E38/><V28/><F72/><W57/><G57/><T80/><D80/><U77/><E77/><V30/><F100/><W102/><G102/><T10/><D29/><U60/><E60/><N who="2" m="35855" /><F30/><N who="3" m="19671" /><G123/><T87/><D87/><U14/><AGARI ba="0,0" hai="12,14,21,25,31,39,42,45,55,59,63,96,101,104" machi="14" ten="30,2000,0" yaku="0,1,52,1" doraHai="99" who="1" fromWho="1" sc="250,-10,250,20,250,-5,250,-5" /><INIT seed="1,0,0,5,0,73" ten="240,270,245,245" oya="1" hai0="72,119,36,133,61,89,108,51,101,52,62,79,95" hai1="80,128,7,48,42,37,5,132,100,8,31,118,87" hai2="66,98,38,85,122,107,91,56,84,117,110,54,23" hai3="81,45,10,104,19,113,130,17,9,103,50,46,88"/><U102/><E118/><V123/><F117/><W32/><G113/><T14/><D119/><U34/><E37/><V135/><F38/><W83/><G130/><T76/><D36/><U33/><E128/><V67/><F110/><W106/><G32/><T65/><D72/><U111/><E111/><V22/><F135/><W24/><G50/><T125/><D108/><U77/><E132/><V127/><F127/><W124/><G24/><T120/><D133/><U105/><E5/><V121/><F107/><W99/><G99/><N who="0" m="59647" /><D125/><U59/><E59/><V96/><F54/><W116/><G116/><T78/><D120/><U6/><E6/><V13/><F13/><W27/><G27/><T39/><D39/><U129/><E129/><V86/><F56/><W109/><G109/><T26/><D26/><U44/><E31/><V40/><F40/><W3/><G103/><N who="1" m="39466" /><E105/><V69/><F91/><W53/><G53/><T55/><D55/><U114/><E114/><V21/><REACH who="2" step="1"/><F69/><REACH who="2" ten="240,270,235,245" step="2"/><W49/><G124/><T63/><D89/><U29/><E29/><V28/><F28/><W115/><G88/><T43/><D43/><U4/><E4/><V94/><F94/><W16/><G106/><T82/><D14/><AGARI ba="0,1" hai="7,8,14,33,34,42,44,48,77,80,87" m="39466" machi="14" ten="30,2900,0" yaku="25,1,52,1" doraHai="73" who="1" fromWho="0" sc="240,-29,270,39,235,0,245,0" /><INIT seed="1,1,0,1,5,93" ten="211,309,235,245" oya="1" hai0="117,30,21,107,61,40,128,7,121,26,119,10,114" hai1="38,17,44,13,86,65,12,24,74,64,59,105,101" hai2="88,5,68,3,45,94,122,50,89,41,134,15,75" hai3="23,80,9,29,22,95,115,123,14,73,4,28,25"/><U34/><E74/><V66/><F134/><W20/><G73/><T72/><D107/><U126/><E126/><V33/><F122/><W71/><G71/><T81/><D40/><U46/><E86/><V130/><F130/><W98/><G123/><T35/><D61/><U87/><E87/><V124/><F124/><W77/><G115/><T84/><D72/><U47/><E38/><V55/><F33/><W18/><G80/><T79/><D121/><U109/><E109/><V52/><F3/><W110/><G110/><T97/><D128/><U19/><E59/><V120/><F75/><W104/><G104/><T36/><D36/><U69/><E69/><V118/><F118/><W2/><G77/><T116/><D114/><U129/><E129/><V6/><F120/><W62/><G62/><T0/><REACH who="0" step="1"/><D35/><REACH who="0" ten="201,309,235,245" step="2"/><U27/><E34/><V48/><F41/><W42/><G42/><T100/><D100/><U37/><E101/><V1/><F68/><W32/><G29/><T85/><D85/><U31/><E37/><V108/><F108/><W113/><G113/><T96/><AGARI ba="1,1" hai="0,7,10,21,26,30,79,81,84,96,97,116,117,119" machi="96" ten="40,8000,1" yaku="1,1,0,1,52,2,53,0" doraHai="93" doraHaiUra="11" who="0" fromWho="0" sc="201,93,309,-41,235,-21,245,-21" /><INIT seed="2,0,0,1,5,115" ten="294,268,214,224" oya="2" hai0="28,62,118,66,47,124,33,41,78,10,1,44,8" hai1="101,85,40,72,55,116,98,128,4,113,57,129,18" hai2="123,104,61,21,111,135,117,51,67,74,43,80,68" hai3="121,95,94,83,132,107,56,39,106,12,48,114,5"/><V36/><F104/><N who="3" m="39979" /><G39/><T16/><D124/><U45/><E113/><V76/><F123/><W84/><G48/><T11/><D47/><U20/><E72/><V133/><F111/><W130/><G56/><T93/><D78/><U19/><E85/><V53/><F21/><W54/><G54/><T50/><D33/><U73/><E73/><V71/><F71/><W7/><G12/><T89/><D28/><U6/><E98/><V70/><F68/><W120/><G5/><T29/><D29/><U75/><E75/><V34/><F34/><W105/><G7/><T42/><D42/><U13/><E101/><V100/><F100/><W91/><G114/><T134/><D134/><U2/><E19/><V38/><F117/><W102/><N who="3" m="39987" /><W59/><DORA hai="119" /><G59/><T27/><D118/><U127/><E127/><V24/><F24/><W64/><G64/><T0/><D0/><U65/><E65/><V35/><F35/><W60/><G60/><T126/><D126/><U88/><E88/><V58/><REACH who="2" step="1"/><F36/><REACH who="2" ten="294,268,204,224" step="2"/><W97/><G132/><T15/><D1/><U23/><E23/><V125/><F125/><W92/><G130/><T69/><D27/><U30/><E116/><V109/><F109/><W131/><G131/><T14/><D15/><U9/><E129/><V26/><F26/><W22/><G22/><T122/><D122/><AGARI ba="0,1" hai="83,84,91,92,94,95,97,102,120,121,122" m="39987" machi="122" ten="40,8000,1" yaku="34,2,52,3" doraHai="115,119" who="3" fromWho="0" sc="294,-80,268,0,204,0,224,90" /><INIT seed="3,0,0,2,3,124" ten="214,268,204,314" oya="3" hai0="130,96,126,100,85,14,5,118,39,27,61,111,76" hai1="78,105,10,117,74,41,31,129,59,121,98,50,7" hai2="82,55,73,113,21,33,134,26,18,65,102,22,57" hai3="64,0,91,120,80,20,87,133,88,112,94,86,38"/><W54/><G120/><T35/><D39/><U6/><E121/><V81/><F134/><W36/><G112/><T12/><D118/><U104/><E117/><V95/><F113/><W93/><G133/><T1/><D1/><U83/><E129/><V4/><F33/><W53/><G0/><T45/><D5/><U9/><E31/><V109/><F109/><W66/><G20/><T37/><D61/><U68/><E68/><V72/><F65/><W115/><G115/><T51/><D37/><U23/><E23/><V71/><F71/><W32/><REACH who="3" step="1"/><G80/><REACH who="3" ten="214,268,204,304" step="2"/><T92/><D35/><AGARI ba="0,1" hai="32,35,36,38,53,54,64,66,86,87,88,91,93,94" machi="35" ten="25,12000,1" yaku="1,1,2,1,22,2,54,1,53,0" doraHai="124" doraHaiUra="13" who="3" fromWho="0" sc="214,-120,268,0,204,0,304,130" /><INIT seed="3,1,0,3,4,131" ten="94,268,204,434" oya="3" hai0="26,118,125,2,92,58,109,53,78,97,93,87,41" hai1="50,8,66,56,133,88,38,81,29,95,99,121,112" hai2="39,1,115,120,65,106,15,103,54,13,22,23,32" hai3="0,47,51,101,4,82,76,14,20,11,24,128,6"/><W83/><G101/><T134/><D118/><U72/><E133/><V119/><F39/><W129/><G6/><T40/><D2/><U31/><E121/><V96/><F115/><W105/><G105/><T77/><D125/><U46/><E112/><V63/><F119/><W68/><G68/><T19/><D109/><U91/><E38/><V17/><F1/><W123/><G0/><T44/><D134/><U37/><E37/><V34/><F54/><W59/><G59/><T35/><D93/><U90/><E8/><V21/><F120/><W27/><G123/><T64/><D64/><U74/><E74/><V10/><REACH who="2" step="1"/><F15/><REACH who="2" ten="94,268,194,434" step="2"/><W3/><G3/><T86/><D53/><N who="1" m="29911" /><E72/><V94/><F94/><W104/><G128/><T25/><D92/><U108/><E108/><V126/><F126/><W5/><G129/><T7/><D26/><U89/><E81/><V70/><AGARI ba="1,1" hai="10,13,17,21,22,23,32,34,63,65,70,96,103,106" machi="70" ten="30,2000,0" yaku="1,1,0,1,53,0" doraHai="131" doraHaiUra="117" who="2" fromWho="2" sc="94,-6,268,-6,194,33,434,-11" /><INIT seed="4,0,0,0,4,21" ten="88,262,227,423" oya="0" hai0="83,63,12,15,98,39,108,0,104,49,92,43,113" hai1="77,51,70,91,111,103,75,135,41,17,13,109,7" hai2="68,78,99,62,93,26,126,4,11,30,122,46,37" hai3="22,116,16,71,50,115,129,44,102,95,114,72,107"/><T79/><D0/><U31/><E70/><V65/><F126/><W67/><G116/><T86/><D113/><N who="3" m="43017" /><G72/><T106/><D39/><U89/><E135/><V40/><F122/><W53/><G107/><T118/><D118/><U124/><E124/><V28/><F78/><W42/><G129/><T35/><D35/><U96/><E7/><V73/><F73/><W125/><G125/><T18/><D108/><U131/><E131/><V133/><F133/><W100/><G95/><T57/><D104/><U81/><E31/><V105/><F105/><W1/><G1/><T123/><D106/><U45/><E103/><V97/><F93/><W29/><G29/><T3/><D3/><U117/><E117/><V9/><F30/><W127/><G127/><T110/><D123/><U52/><E96/><V134/><F134/><W120/><G120/><T94/><D110/><U14/><E111/><V23/><REACH who="2" step="1"/><F11/><REACH who="2" ten="88,262,217,423" step="2"/><W74/><G74/><T119/><D119/><U80/><E109/><V60/><F60/><N who="3" m="40423" /><G42/><T54/><D98/><U87/><E41/><V27/><F27/><AGARI ba="0,1" hai="16,22,27,44,50,53,100,102" m="40423,43017" machi="27" ten="30,3900,0" yaku="15,1,52,1,54,1" doraHai="21" who="3" fromWho="2" sc="88,0,262,0,217,-39,423,49" /><INIT seed="5,0,0,1,0,74" ten="88,262,178,472" oya="1" hai0="125,129,20,88,91,96,52,87,64,26,84,45,34" hai1="15,112,127,124,107,19,3,99,35,131,90,30,119" hai2="61,103,71,67,83,89,109,77,62,25,113,2,27" hai3="60,80,6,94,133,48,17,58,12,100,24,101,98"/><U97/><E119/><V110/><F2/><W21/><G133/><T16/><D125/><U51/><E3/><V50/><F103/><W41/><G80/><N who="0" m="49159" /><D129/><U69/><E69/><V9/><F113/><W93/><G48/><N who="0" m="28687" /><D34/><U42/><E112/><V106/><F106/><W134/><G41/><T47/><D64/><U75/><E75/><V36/><F36/><W54/><G134/><T57/><D47/><N who="1" m="26103" /><E90/><V37/><F37/><W38/><G38/><T130/><D130/><U39/><E39/><V10/><F89/><N who="3" m="55599" /><G94/><N who="0" m="54655" /><D96/><U44/><E44/><V23/><F110/><W59/><G58/><AGARI ba="0,0" hai="16,20,26,57,58" m="54655,28687,49159" machi="58" ten="30,7700,0" yaku="8,1,54,3" doraHai="74" who="0" fromWho="3" sc="88,77,262,0,178,0,472,-77" /><INIT seed="6,0,0,4,4,17" ten="165,262,178,395" oya="2" hai0="135,130,125,82,64,106,118,88,92,66,28,127,10" hai1="126,48,98,99,2,15,19,59,35,23,46,79,96" hai2="21,43,108,3,8,72,25,102,97,133,41,11,51" hai3="86,18,42,70,71,119,47,49,61,38,0,94,116"/><V77/><F133/><W39/><G0/><T107/><D28/><U26/><E126/><N who="0" m="48137" /><D130/><U132/><E132/><V74/><F108/><W128/><G86/><N who="0" m="50263" /><D135/><U114/><E114/><V101/><F101/><W22/><G94/><T58/><D118/><U40/><E2/><V85/><F74/><W83/><G83/><T75/><D75/><U30/><E79/><V67/><F67/><N who="0" m="25642" /><D58/><U9/><REACH who="1" step="1"/><E59/><REACH who="1" ten="165,252,178,395" step="2"/><V84/><F77/><W93/><G116/><T80/><D80/><U7/><E7/><V60/><F72/><W104/><G119/><T32/><D32/><AGARI ba="0,1" hai="9,15,19,23,26,30,32,35,40,46,48,96,98,99" machi="32" ten="40,8000,1" yaku="1,1,52,1,53,2" doraHai="17" doraHaiUra="31" who="1" fromWho="0" sc="165,-80,252,90,178,0,395,0" /><INIT seed="7,0,0,4,2,58" ten="85,342,178,395" oya="3" hai0="43,39,93,98,32,3,87,42,51,124,84,75,24" hai1="64,40,2,6,46,66,108,37,132,116,17,22,4" hai2="48,113,92,60,110,30,70,16,94,112,10,7,8" hai3="38,81,44,72,47,91,26,59,11,109,49,82,114"/><W54/><G114/><N who="2" m="44137" /><F110/><W88/><G109/><T14/><D75/><U68/><E108/><V86/><F30/><W57/><G38/><T102/><D3/><U36/><E132/><V77/><F48/><N who="3" m="28935" /><G72/><T111/><D124/><U123/><E123/><V97/><F16/><W20/><G11/><T131/><D111/><U18/><E46/><V12/><F10/><W122/><G122/><T56/><D131/><U134/><E134/><V85/><F77/><W121/><G121/><T125/><D125/><U130/><E68/><V19/><F19/><N who="3" m="12575" /><G88/><T69/><D69/><U34/><E22/><V62/><F94/><W89/><G89/><T74/><D74/><U80/><E80/><N who="3" m="30826" /><G91/><T50/><D39/><U28/><E28/><V119/><F119/><W118/><G118/><T21/><D32/><U100/><E116/><V96/><F96/><W73/><G73/><T78/><D78/><U5/><E5/><V117/><F117/><W13/><G13/><T90/><D14/><U67/><E34/><V23/><F23/><W61/><G61/><N who="2" m="23657" /><F70/><W103/><G103/><AGARI ba="0,0" hai="7,8,12,85,86,92,97,103" m="23657,44137" machi="103" ten="30,7700,0" yaku="15,1,52,3" doraHai="58" who="2" fromWho="3" sc="85,0,342,0,178,77,395,-77" owari="85,-41.0,342,43.0,255,-14.0,318,12.0" /></mjloggm>