<mjloggm ver="2.3"><GO type="169" lobby="0"/><UN n0="%74%61%6D%69%74%61%6D%69" n1="%E3%82%A4%E3%82%BA%E3%83%9F%E3%83%B3" n2="%E4%B8%AD%E6%9D%91%E8%B1%AA%EF%BC%A0" n3="%E7%89%87%E5%B2%A1%E7%AF%A4%E5%8F%B2" dan="16,16,17,17" rate="2083.27,2100.40,2179.23,2160.77" sx="M,M,M,M"/><TAIKYOKU oya="0"/><INIT seed="0,0,0,0,4,124" ten="250,250,250,250" oya="0" hai0="68,118,96,48,27,92,78,3,36,134,86,76,103" hai1="23,125,121,2,77,104,72,51,14,133,73,113,41" hai2="52,135,24,100,119,85,44,111,53,109,127,106,126" hai3="58,20,40,69,55,62,89,30,80,90,101,75,110"/><T8/><D36/><U32/><E41/><V87/><F24/><N who="3" m="16647" /><G75/><T81/><D68/><U18/><E51/><N who="2" m="28775" /><F135/><W66/><G69/><T70/><D70/><U16/><E77/><V7/><F7/><W15/><G101/><T54/><D134/><U131/><E23/><V10/><F10/><W59/><G40/><T98/><D98/><U116/><E14/><V83/><F53/><W61/><G110/><N who="2" m="41993" /><F119/><W95/><G80/><T114/><D118/><U105/><E116/><V0/><F0/><W97/><G15/><T17/><D114/><U65/><E133/><V112/><F112/><W42/><G42/><T5/><D27/><U71/><E113/><V19/><F19/><W82/><G82/><T94/><D17/><U21/><E71/><V99/><F85/><W91/><AGARI ba="0,0" hai="55,58,59,61,62,66,89,90,91,95,97" m="16647" machi="91" ten="30,1100,0" yaku="8,1" doraHai="124" who="3" fromWho="3" sc="250,-5,250,-3,250,-3,250,11" /><INIT seed="1,0,0,3,0,32" ten="245,247,247,261" oya="1" hai0="110,79,114,19,83,7,128,53,29,58,75,8,135" hai1="10,11,48,115,89,3,113,24,30,127,38,95,37" hai2="94,134,92,15,66,120,61,17,9,70,71,123,81" hai3="68,102,109,103,121,0,119,91,42,84,34,50,40"/><U80/><E80/><V76/><F71/><W85/><G68/><T93/><D114/><U122/><E122/><V54/><F54/><W12/><G34/><T132/><D29/><U87/><E127/><V125/><F134/><W33/><G33/><T44/><D44/><U108/><E108/><V13/><F125/><W69/><G69/><T6/><D110/><U124/><E124/><V116/><F116/><W105/><G12/><T101/><D19/><U130/><E130/><V36/><F36/><W31/><G109/><T118/><D118/><U126/><E126/><V74/><REACH who="2" step="1"/><F15/><REACH who="2" ten="245,247,237,261" step="2"/><W112/><G119/><T78/><D128/><U46/><E38/><V60/><F60/><W18/><G50/><T23/><D132/><U106/><E37/><V63/><F63/><W97/><G121/><AGARI ba="0,1" hai="9,13,17,61,66,70,74,76,81,92,94,120,121,123" machi="121" ten="40,2600,0" yaku="1,1,53,1" doraHai="32" doraHaiUra="64" who="2" fromWho="3" sc="245,0,247,0,237,36,261,-26" /><INIT seed="2,0,0,4,3,47" ten="245,247,273,235" oya="2" hai0="42,26,28,95,12,19,62,89,70,56,21,108,57" hai1="22,118,6,58,36,41,17,84,51,83,37,16,92" hai2="134,20,101,81,82,3,52,75,2,61,11,14,38" hai3="7,71,0,121,124,65,105,46,1,77,112,8,29"/><V33/><F33/><W31/><G121/><T59/><D108/><U9/><E118/><V111/><F38/><W133/><G133/><T110/><D110/><U125/><E92/><V13/><F111/><W73/><G105/><T80/><D42/><U103/><E103/><V123/><F123/><W72/><G124/><T115/><D80/><U18/><E22/><V40/><F40/><W87/><G87/><T67/><D115/><U129/><E129/><V5/><F101/><W107/><G107/><T60/><D60/><U39/><E125/><V66/><F134/><W27/><G46/><T78/><D78/><U132/><E132/><V30/><F3/><W74/><G112/><T79/><D79/><U69/><E69/><V135/><F135/><W68/><G29/><T88/><REACH who="0" step="1"/><D95/><REACH who="0" ten="235,247,273,235" step="2"/><U76/><E41/><V104/><F81/><W117/><G77/><T49/><D49/><U109/><E109/><V64/><F82/><W122/><G122/><T96/><D96/><U34/><E34/><AGARI ba="0,1" hai="12,19,21,26,28,34,56,57,59,62,67,70,88,89" machi="34" ten="40,2600,0" yaku="1,1,54,1,53,0" doraHai="47" doraHaiUra="97" who="0" fromWho="1" sc="235,36,247,-26,273,0,235,0" /><INIT seed="3,0,0,2,0,3" ten="271,221,273,235" oya="3" hai0="64,35,62,45,96,81,95,12,128,100,131,61,23" hai1="38,20,26,118,110,102,112,108,66,21,99,40,36" hai2="122,58,7,69,50,68,84,13,126,75,16,53,132" hai3="90,67,51,9,18,60,91,87,77,101,133,103,76"/><W97/><G133/><T1/><D1/><U121/><E118/><V42/><F75/><W47/><G90/><T43/><D35/><U37/><E112/><V114/><F114/><W135/><G135/><T57/><D62/><U115/><E115/><V106/><F106/><W27/><G60/><T127/><D81/><U32/><E121/><V34/><F34/><W113/><G67/><T8/><D23/><U29/><E66/><V124/><F132/><W17/><G17/><T52/><D127/><N who="2" m="48682" /><F122/><W48/><G48/><T98/><D98/><U65/><E65/><V85/><F42/><W107/><G103/><T130/><D64/><U129/><E40/><V4/><F84/><W46/><G46/><T111/><D111/><N who="1" m="42539" /><E129/><V41/><F85/><W82/><G113/><T25/><D25/><U24/><E24/><V78/><F78/><W59/><G27/><T44/><REACH who="0" step="1"/><D43/><REACH who="0" ten="261,221,273,235" step="2"/><U6/><E6/><AGARI ba="0,1" hai="6,8,12,44,45,52,57,61,95,96,100,128,130,131" machi="6" ten="40,8000,1" yaku="1,1,2,1,19,1,52,1,54,1,53,0" doraHai="3" doraHaiUra="33" who="0" fromWho="1" sc="261,90,221,-80,273,0,235,0" /><INIT seed="4,0,0,3,4,129" ten="351,141,273,235" oya="0" hai0="110,47,17,91,9,118,82,49,38,46,51,56,108" hai1="70,80,62,94,133,97,52,4,107,101,114,127,88" hai2="111,6,31,112,77,42,87,50,60,43,40,24,44" hai3="3,85,54,93,122,86,71,124,130,100,11,116,61"/><T2/><D118/><U63/><E114/><V67/><F111/><W81/><G116/><T79/><D91/><U131/><E131/><V125/><F6/><W78/><G130/><T132/><D56/><U36/><E36/><V65/><F112/><W117/><G124/><T1/><D17/><U53/><E127/><V99/><F125/><W29/><G29/><T59/><D59/><U102/><E4/><V30/><F99/><N who="3" m="59503" /><G3/><T19/><D19/><U27/><E133/><V123/><F123/><W103/><G103/><T84/><D132/><U64/><E102/><V39/><F30/><W32/><G32/><T0/><D9/><U10/><E10/><V23/><F39/><W15/><G71/><T58/><D58/><U26/><E80/><N who="2" m="47503" /><F60/><W41/><G61/><T121/><D121/><U68/><E26/><V5/><F5/><N who="3" m="3567" /><G41/><AGARI ba="0,0" hai="23,24,31,40,41,42,43,44,50,65,67" m="47503" machi="41" ten="30,1000,0" yaku="8,1" doraHai="129" who="2" fromWho="3" sc="351,0,141,0,273,10,235,-10" /><INIT seed="5,0,0,4,1,116" ten="351,141,283,225" oya="1" hai0="39,37,68,119,54,70,91,22,98,36,57,110,80" hai1="19,18,113,20,1,26,34,17,105,111,43,86,51" hai2="84,95,66,82,12,78,96,79,7,16,93,49,42" hai3="107,133,29,40,127,48,122,94,114,52,15,3,50"/><U10/><E105/><V77/><F66/><W76/><G107/><T11/><D119/><U0/><E86/><V103/><F7/><W69/><G69/><T44/><D110/><U72/><E72/><V8/><F42/><W62/><G3/><N who="1" m="1098" /><E43/><V31/><F31/><W135/><G29/><T63/><D80/><U35/><E51/><N who="3" m="19498" /><G94/><T92/><D44/><U81/><E81/><V128/><F128/><W38/><G15/><T121/><D11/><U108/><E113/><V115/><F115/><W134/><G76/><T32/><D32/><N who="1" m="12331" /><E10/><V130/><F130/><W99/><G99/><T100/><D100/><U67/><E67/><V59/><F93/><W71/><G114/><T5/><D70/><U4/><E4/><V132/><F132/><W58/><G71/><T109/><D5/><U101/><E101/><V13/><F13/><W27/><G40/><T87/><D68/><U28/><AGARI ba="0,0" hai="17,18,19,20,26,28,108,111" m="12331,1098" machi="28" ten="40,3900,0" yaku="34,2" doraHai="116" who="1" fromWho="1" sc="351,-13,141,39,283,-13,225,-13" /><INIT seed="5,1,0,3,4,84" ten="338,180,270,212" oya="1" hai0="65,24,131,51,13,73,8,0,9,95,83,104,103" hai1="52,56,114,35,66,101,22,17,111,6,19,121,124" hai2="89,48,38,82,21,20,69,46,26,92,32,43,80" hai3="18,130,100,10,70,78,123,14,55,79,59,71,4"/><U86/><E121/><V127/><F69/><W36/><G36/><T85/><D131/><U125/><E35/><V42/><F32/><W57/><G123/><T97/><D65/><U7/><E111/><V94/><F127/><N who="1" m="48713" /><E114/><V58/><F21/><W102/><G130/><T110/><D110/><U11/><E66/><V135/><F135/><W90/><G4/><T118/><D118/><U44/><E44/><V75/><F75/><W41/><G41/><T60/><D60/><N who="1" m="35847" /><E101/><N who="3" m="39018" /><G70/><T30/><D0/><U88/><E11/><V47/><F58/><N who="3" m="22027" /><G55/><T12/><D8/><U45/><E45/><V108/><F108/><W54/><G54/><T81/><D9/><U23/><E23/><V49/><F38/><W39/><G39/><T133/><D51/><U27/><E19/><V31/><F94/><AGARI ba="1,0" hai="6,7,17,22,27,86,88,94" m="35847,48713" machi="94" ten="30,11600,0" yaku="18,1,52,1,54,2" doraHai="84" who="1" fromWho="2" sc="338,0,180,119,270,-119,212,0" /><INIT seed="5,2,0,4,2,105" ten="338,299,151,212" oya="1" hai0="63,82,50,123,24,5,96,17,119,33,95,32,71" hai1="3,68,66,34,78,120,91,0,13,54,86,116,122" hai2="134,84,101,8,19,39,53,14,109,87,89,72,76" hai3="94,129,67,79,118,27,115,1,132,80,106,110,7"/><U57/><E34/><V130/><F39/><W37/><G27/><T18/><D119/><U30/><E30/><V135/><F109/><W73/><G67/><T103/><D5/><U74/><E116/><V125/><F101/><W99/><G7/><T31/><D123/><U65/><E78/><V21/><F125/><W92/><G1/><T60/><D33/><U28/><E28/><V100/><F100/><N who="3" m="62751" /><G37/><T10/><D71/><U88/><E13/><V4/><F130/><W70/><G70/><T64/><D82/><U20/><E20/><V36/><F36/><W25/><G25/><T93/><D93/><N who="3" m="35945" /><G118/><T55/><D64/><U11/><E11/><V59/><F4/><W12/><G12/><T48/><D48/><U98/><E68/><V107/><F8/><W26/><G26/><T41/><D41/><U44/><E44/><V2/><F2/><W114/><G110/><T97/><D97/><U42/><E42/><V85/><F107/><W52/><G52/><T127/><D10/><U56/><E54/><V124/><F124/><W45/><G45/><T9/><D127/><U16/><E3/><V81/><REACH who="2" step="1"/><F89/><REACH who="2" ten="338,299,141,212" step="2"/><W102/><G102/><T35/><D35/><U121/><E0/><V43/><F43/><W113/><G129/><T47/><D9/><U90/><E122/><V38/><F38/><W126/><G126/><T112/><D32/><U58/><E121/><V29/><F29/><W128/><G128/><T61/><D31/><U23/><E120/><V62/><AGARI ba="2,1" hai="14,19,21,53,59,62,72,76,81,84,85,87,134,135" machi="62" ten="30,12000,2" yaku="1,1,0,1,52,1,53,3" doraHai="105" doraHaiUra="83" who="2" fromWho="2" sc="338,-32,299,-62,141,136,212,-32" /><INIT seed="6,0,0,0,5,6" ten="306,237,277,180" oya="2" hai0="131,26,73,70,116,81,112,32,15,98,24,45,117" hai1="2,16,100,119,104,109,57,76,134,46,123,69,33" hai2="92,89,28,129,10,14,9,124,75,1,82,36,52" hai3="12,106,22,39,80,114,13,93,64,53,85,122,72"/><V78/><F36/><W47/><G106/><T50/><D70/><U130/><RYUUKYOKU type="yao9" ba="0,0" sc="306,0,237,0,277,0,180,0" hai1="2,16,33,46,57,69,76,100,104,109,119,123,130,134" /><INIT seed="6,1,0,4,3,61" ten="306,237,277,180" oya="2" hai0="116,73,71,48,133,125,92,111,3,42,43,104,26" hai1="8,76,134,96,127,94,75,84,53,7,14,68,99" hai2="103,88,9,113,90,72,62,100,67,80,118,102,47" hai3="82,24,16,93,132,31,0,25,28,110,21,56,51"/><V130/><F118/><W120/><G110/><T2/><D111/><U106/><E134/><V52/><F113/><W44/><G132/><T38/><D133/><U89/><E127/><V70/><F130/><W91/><G0/><T69/><D92/><U40/><E68/><V65/><F9/><W121/><G82/><T18/><D48/><U108/><E108/><V45/><F72/><W13/><G120/><T119/><D18/><U87/><E40/><V23/><F70/><W29/><G121/><T36/><D26/><U39/><E39/><V112/><F112/><W117/><G117/><T128/><D104/><U50/><E75/><V122/><F122/><W1/><G1/><T81/><D73/><U33/><E33/><V85/><F23/><W83/><G83/><T37/><D81/><N who="1" m="47143" /><E106/><V97/><F47/><AGARI ba="1,0" hai="7,8,14,47,50,53,87,89,94,96,99" m="47143" machi="47" ten="30,1000,0" yaku="8,1" doraHai="61" who="1" fromWho="2" sc="306,0,237,13,277,-13,180,0" /><INIT seed="7,0,0,5,0,27" ten="306,250,264,180" oya="3" hai0="71,25,72,82,126,69,73,93,110,35,10,53,60" hai1="2,57,61,15,44,30,134,99,31,22,51,29,130" hai2="129,48,115,41,67,85,26,100,95,111,76,75,39" hai3="34,33,135,68,36,9,43,6,54,11,80,4,32"/><W40/><G68/><T84/><D110/><U74/><E2/><V55/><F111/><W20/><G36/><T101/><D71/><U14/><E74/><V77/><F75/><W59/><G135/><T122/><D122/><U104/><E134/><V98/><F67/><W3/><G80/><T94/><D126/><U87/><E130/><V112/><F129/><W127/><G20/><T56/><D93/><U58/><E87/><V62/><F62/><W88/><G127/><T118/><D118/><U132/><E132/><V70/><F70/><W50/><REACH who="3" step="1"/><G88/><REACH who="3" ten="306,250,264,170" step="2"/><T131/><D69/><U42/><E22/><V63/><F39/><W123/><G123/><T117/><D131/><U64/><REACH who="1" step="1"/><E57/><REACH who="1" ten="306,240,264,170" step="2"/><V38/><F112/><W79/><G79/><N who="0" m="46175" /><D56/><U120/><E120/><V81/><F115/><W91/><G91/><T90/><D90/><U16/><E16/><V107/><F77/><W46/><G46/><T45/><D45/><U1/><E1/><AGARI ba="0,2" hai="1,3,4,6,9,11,32,33,34,40,43,50,54,59" machi="1" ten="40,3900,0" yaku="1,1,9,1,53,0" doraHai="27" doraHaiUra="109" who="3" fromWho="1" sc="306,0,240,-39,264,0,170,59" /><INIT seed="7,1,0,0,5,133" ten="306,201,264,229" oya="3" hai0="37,10,22,38,98,75,23,130,131,0,39,86,4" hai1="31,47,107,127,97,59,15,24,110,81,114,95,105" hai2="41,13,73,17,60,85,58,42,25,70,117,62,67" hai3="87,18,113,32,126,56,120,48,9,1,132,121,55"/><W135/><G32/><T40/><D40/><U2/><E110/><V54/><F73/><W57/><G113/><T118/><D75/><U104/><E114/><V26/><F117/><W128/><G128/><N who="0" m="49195" /><D118/><U79/><E2/><V45/><F85/><W6/><G87/><T28/><D28/><U36/><E15/><V106/><F106/><W3/><G3/><T61/><D98/><U76/><E127/><V35/><F42/><W82/><G82/><T109/><D109/><U43/><E59/><V52/><F54/><W116/><G116/><T44/><D44/><U74/><E79/><V80/><F80/><W69/><G69/><T77/><D61/><U63/><E63/><V51/><REACH who="2" step="1"/><F35/><REACH who="2" ten="306,201,254,229" step="2"/><W53/><G53/><T34/><D34/><U93/><REACH who="1" step="1"/><E97/><REACH who="1" ten="306,191,254,229" step="2"/><V16/><F16/><W108/><G18/><T103/><D77/><U12/><E12/><V125/><F125/><W8/><G108/><T19/><D19/><U50/><E50/><V96/><F96/><W111/><G111/><T49/><D49/><U78/><E78/><V129/><F129/><W119/><G126/><T29/><D86/><U115/><E115/><V90/><F90/><W100/><G119/><T20/><D29/><U66/><E66/><V65/><F65/><W64/><G64/><T134/><D134/><N who="3" m="51241" /><G100/><AGARI ba="1,2" hai="0,4,10,20,22,23,37,38,39,100,103" m="49195" machi="100" ten="40,1300,0" yaku="19,1" doraHai="133" who="0" fromWho="3" sc="306,36,191,0,254,0,229,-16" owari="342,45.0,191,-31.0,254,5.0,213,-19.0" /></mjloggm>