<mjloggm ver="2.3"><GO type="169" lobby="0"/><UN n0="%6B%6F%6B%6F%72%6F%6E%69" n1="%E6%84%9B%E5%AE%95%E6%B4%8B%E6%A6%8E%E2%98%85" n2="%4D%4D%44%54%30%37%31%35" n3="%E8%B5%A4%E5%9F%8E%E7%9C%9F%E5%AD%90" dan="16,16,16,17" rate="2138.93,2151.50,2125.72,2205.96" sx="M,F,M,F"/><TAIKYOKU oya="0"/><INIT seed="0,0,0,5,4,38" ten="250,250,250,250" oya="0" hai0="47,97,27,48,115,78,12,116,41,25,99,10,69" hai1="127,88,119,121,122,79,35,51,106,100,32,39,104" hai2="114,101,80,37,77,43,84,126,40,0,62,54,68" hai3="56,45,16,90,1,3,83,124,96,34,6,8,42"/><T91/><D116/><U130/><E39/><V133/><F114/><W55/><G34/><T71/><D115/><U5/><E119/><V125/><F37/><W63/><G124/><N who="2" m="47721" /><F0/><W135/><G135/><T29/><D71/><U21/><E130/><V118/><F118/><W22/><G3/><T73/><D69/><U50/><E127/><V67/><F133/><W31/><G31/><T85/><D27/><U81/><E5/><V123/><F123/><W14/><G83/><T53/><D73/><U36/><E36/><V64/><F101/><W102/><G90/><T112/><D112/><U20/><E81/><V18/><F18/><W109/><G109/><T58/><D78/><U92/><E92/><V44/><F67/><W2/><G2/><T89/><D89/><U24/><E88/><V9/><F9/><W17/><G22/><T23/><D58/><U33/><E33/><V46/><F54/><W110/><G1/><T59/><D59/><U49/><E49/><V86/><F86/><W13/><G13/><T4/><REACH who="0" step="1"/><D53/><REACH who="0" ten="240,250,250,250" step="2"/><U66/><E79/><V117/><F117/><W105/><REACH who="3" step="1"/><G110/><REACH who="3" ten="240,250,250,240" step="2"/><T107/><D107/><U11/><E24/><V61/><F61/><W19/><G19/><T108/><D108/><U103/><E66/><V74/><F74/><W94/><G94/><AGARI ba="0,2" hai="4,10,12,23,25,29,41,47,48,85,91,94,97,99" machi="94" ten="30,18000,2" yaku="1,1,7,1,8,1,52,1,53,2" doraHai="38" doraHaiUra="95" who="0" fromWho="3" sc="240,200,250,0,250,0,240,-180" /><INIT seed="0,1,0,1,3,41" ten="440,250,250,60" oya="0" hai0="100,51,39,35,103,61,29,60,3,91,1,105,98" hai1="69,101,70,102,127,94,75,97,128,58,5,53,46" hai2="133,55,109,134,6,23,77,9,130,12,54,28,20" hai3="21,67,66,82,78,37,26,11,93,113,118,88,7"/><T96/><D39/><U106/><E75/><V99/><F109/><W85/><G113/><T44/><D91/><U108/><E108/><V57/><F130/><W68/><G118/><T89/><D89/><U126/><E5/><V122/><F122/><W33/><G33/><T32/><D60/><U42/><E128/><V43/><F77/><W19/><G68/><T47/><D61/><N who="1" m="36047" /><E106/><V17/><F43/><W52/><G37/><T76/><D76/><U116/><E102/><V14/><F99/><W81/><G52/><T65/><D65/><U73/><E73/><V16/><F28/><W120/><G120/><T40/><D29/><U8/><E8/><V72/><F72/><W83/><REACH who="3" step="1"/><G78/><REACH who="3" ten="440,250,250,50" step="2"/><T79/><D79/><U90/><E116/><V64/><F64/><W50/><G50/><T25/><D35/><U30/><E70/><V10/><F57/><W86/><G86/><T2/><D32/><U56/><E56/><V13/><F55/><W107/><G107/><T129/><D129/><U63/><E63/><V22/><REACH who="2" step="1"/><F54/><REACH who="2" ten="440,250,240,50" step="2"/><W95/><G95/><T71/><D71/><U104/><E69/><V0/><F0/><AGARI ba="1,2" hai="0,7,11,19,21,26,66,67,81,82,83,85,88,93" machi="0" ten="40,2600,0" yaku="1,1,54,1,53,0" doraHai="41" doraHaiUra="24" who="3" fromWho="2" sc="440,0,250,0,240,-29,50,49" /><INIT seed="1,0,0,5,3,75" ten="440,250,211,99" oya="1" hai0="107,17,21,5,112,70,44,101,46,56,69,90,116" hai1="31,65,48,68,106,117,35,1,61,37,93,124,127" hai2="131,130,3,8,15,134,94,64,33,36,113,32,74" hai3="91,0,39,86,59,4,98,43,120,30,121,89,2"/><U77/><E117/><V55/><F36/><W132/><G132/><T126/><D116/><U102/><E37/><V10/><F134/><W78/><G30/><T62/><D112/><U79/><E1/><V25/><F64/><W19/><G59/><T111/><D5/><U47/><E93/><V41/><F41/><W7/><G19/><T92/><D126/><N who="1" m="48171" /><E48/><V87/><F74/><W105/><G39/><T24/><D101/><U9/><E9/><V100/><F55/><W76/><G86/><T52/><D107/><U88/><E88/><N who="2" m="53535" /><F100/><W82/><G82/><T34/><D34/><U84/><E84/><V58/><F58/><W16/><G16/><T26/><D26/><N who="1" m="18935" /><E47/><V50/><F50/><W57/><G105/><T63/><D111/><U53/><E53/><V40/><F40/><W72/><G72/><T6/><D6/><U60/><E60/><V14/><F25/><W18/><G43/><T81/><D81/><U67/><E67/><V123/><F3/><W13/><G98/><AGARI ba="0,0" hai="61,65,68,77,79,98,102,106" m="18935,48171" machi="98" ten="30,11600,0" yaku="25,1,18,1,52,2" doraHai="75" who="1" fromWho="3" sc="440,0,250,116,211,0,99,-116" owari="440,54.0,366,17.0,211,-19.0,-17,-52.0" /></mjloggm>