<mjloggm ver="2.3"><GO type="185" lobby="0"/><UN n0="%68%79%74%73%6F%72%37%70" n1="%E7%A7%8B%E7%94%B0%E3%81%AE%E3%81%B2%E3%82%88%E3%81%93" n2="%E9%9B%AA%E6%9D%91%E5%8D%83%E7%B5%B5%E8%8E%89" n3="" dan="17,16,17,0" rate="2228.72,2239.01,2292.32,1500.00" sx="M,F,F,C"/><TAIKYOKU oya="0"/><INIT seed="0,0,0,3,0,84" ten="350,350,350,0" oya="0" hai0="96,83,36,70,124,49,56,33,110,130,52,116,132" hai1="107,90,109,135,91,39,48,92,95,57,115,101,103" hai2="98,37,1,53,63,44,100,105,121,88,108,71,58" hai3=""/><T125/><D33/><U59/><E39/><V82/><N who="2" m="31008" /><V128/><F128/><T81/><D116/><U68/><E68/><V61/><F1/><T104/><D130/><U3/><E3/><V120/><N who="2" m="30752" /><V134/><F134/><T62/><D132/><U133/><E48/><V117/><F117/><T113/><D113/><U79/><E79/><V78/><F108/><T87/><D110/><U99/><E109/><V41/><F71/><T73/><D73/><U54/><E54/><V47/><F47/><T89/><D36/><U38/><E38/><V72/><REACH who="2" step="1"/><F63/><REACH who="2" ten="350,350,340,0" step="2"/><T65/><REACH who="0" step="1"/><D83/><REACH who="0" ten="340,350,340,0" step="2"/><U55/><E135/><V74/><F74/><T50/><D50/><U93/><E133/><V86/><F86/><T43/><D43/><U77/><E115/><V40/><F40/><T66/><D66/><U118/><E118/><V114/><F114/><T112/><D112/><U94/><E55/><V2/><F2/><T45/><D45/><U122/><E122/><V42/><F42/><T32/><D32/><U67/><E67/><V129/><F129/><T51/><D51/><U46/><E46/><V35/><F35/><T69/><D69/><U119/><E119/><V131/><F131/><T34/><D34/><U60/><E60/><RYUUKYOKU ba="0,2" sc="340,10,350,-20,340,10,0,0" hai0="49,52,56,62,65,70,81,87,89,96,104,124,125" hai2="37,41,44,53,58,61,72,78,82,88,98,100,105" /><INIT seed="0,1,2,1,1,64" ten="350,330,350,0" oya="0" hai0="114,93,74,124,108,32,70,44,48,49,47,42,120" hai1="97,96,102,38,109,94,92,115,52,125,33,117,1" hai2="86,110,45,130,62,127,99,132,118,37,123,87,35" hai3=""/><T65/><N who="0" m="30752" /><T131/><D74/><U121/><N who="1" m="31008" /><U40/><E117/><V34/><N who="2" m="31520" /><V82/><F118/><T36/><D32/><U55/><E33/><V72/><F110/><T100/><D114/><U129/><E1/><V43/><F132/><T0/><D0/><U58/><E109/><V77/><F130/><T60/><D108/><U84/><E115/><V78/><F127/><T103/><D131/><U51/><E129/><V95/><F62/><T66/><D124/><U67/><E125/><V128/><F128/><T53/><D66/><U69/><E84/><V116/><F116/><T3/><D3/><U126/><E126/><V88/><REACH who="2" step="1"/><F72/><REACH who="2" ten="350,330,340,0" step="2"/><T83/><D83/><AGARI ba="1,3" hai="34,35,37,43,45,77,78,82,83,86,87,88,95,99" m="31520" machi="83" ten="40,8000,1" yaku="1,1,2,1,9,1,52,1,54,1,53,0" doraHai="64" doraHaiUra="107" who="2" fromWho="0" sc="350,-82,330,0,340,112,0,0" /><INIT seed="1,0,0,0,3,3" ten="268,330,452,0" oya="1" hai0="85,125,106,42,112,33,127,110,113,35,105,45,56" hai1="111,118,88,82,43,46,52,80,76,61,73,49,99" hai2="93,131,132,117,96,44,32,92,65,2,36,40,100" hai3=""/><U63/><E118/><V48/><F117/><T124/><D110/><U133/><E111/><V122/><N who="2" m="31264" /><V71/><F2/><T116/><D116/><U97/><E133/><V130/><F132/><T123/><N who="0" m="31520" /><T68/><D68/><U128/><E128/><V37/><F93/><T75/><D75/><U57/><REACH who="1" step="1"/><E63/><REACH who="1" ten="268,320,452,0" step="2"/><V86/><F131/><T81/><D56/><U1/><E1/><V87/><F130/><T135/><D135/><U95/><E95/><V115/><F115/><N who="0" m="44106" /><D105/><U47/><E47/><V58/><F32/><N who="0" m="12362" /><D106/><U108/><E108/><V39/><REACH who="2" step="1"/><F58/><REACH who="2" ten="268,320,442,0" step="2"/><T120/><N who="0" m="30752" /><T134/><D134/><U109/><E109/><V55/><F55/><T121/><N who="0" m="31008" /><T102/><D102/><U104/><E104/><V90/><F90/><T69/><D69/><U51/><E51/><V84/><F84/><AGARI ba="0,2" hai="43,46,49,52,57,61,73,76,80,82,84,88,97,99" machi="84" ten="40,7700,0" yaku="1,1,54,2,53,0" doraHai="3" doraHaiUra="67" who="1" fromWho="2" sc="268,0,320,97,442,-77,0,0" /><INIT seed="1,1,0,4,5,81" ten="268,417,365,0" oya="1" hai0="118,56,102,91,105,66,77,133,134,64,85,120,42" hai1="38,115,32,110,116,0,114,109,2,74,113,76,125" hai2="71,130,63,132,55,86,59,123,107,112,96,54,87" hai3=""/><U126/><E38/><V78/><N who="2" m="31520" /><V47/><F130/><T52/><N who="0" m="30752" /><T104/><D118/><U131/><E32/><V35/><F35/><T129/><D129/><U75/><E131/><V37/><F132/><N who="0" m="50794" /><D77/><U127/><E116/><V53/><F112/><T124/><D42/><U89/><E89/><V103/><F71/><T72/><D72/><N who="1" m="27691" /><E76/><V122/><N who="2" m="31264" /><V40/><REACH who="2" step="1"/><F78/><REACH who="2" ten="268,417,355,0" step="2"/><T90/><D124/><U61/><E61/><V99/><F99/><T82/><D91/><U62/><E62/><V69/><F69/><T34/><D34/><U100/><E100/><V70/><F70/><T128/><D128/><U60/><E60/><V45/><F45/><T119/><D119/><U51/><E51/><V58/><F58/><T73/><D73/><U84/><E84/><AGARI ba="1,1" hai="37,40,47,53,54,55,59,63,84,86,87,96,103,107" m="31264,31520" machi="84" ten="40,12000,2" yaku="1,1,52,5,53,0" doraHai="81" doraHaiUra="65" who="2" fromWho="1" sc="268,0,417,-122,355,132,0,0" /><INIT seed="2,0,0,3,2,99" ten="268,295,487,0" oya="2" hai0="46,42,131,64,90,79,57,55,80,50,124,112,85" hai1="119,96,54,107,103,95,92,133,60,63,87,125,43" hai2="88,73,128,71,62,58,114,44,78,34,101,86,115" hai3=""/><V109/><F34/><T61/><D124/><U2/><E2/><V65/><F128/><T59/><D131/><U74/><E74/><V122/><N who="2" m="31264" /><V77/><F109/><T110/><D110/><U39/><E125/><V129/><F129/><T94/><D112/><U127/><E127/><V126/><F126/><T36/><D36/><U56/><E133/><V48/><F71/><T97/><REACH who="0" step="1"/><D59/><REACH who="0" ten="258,295,487,0" step="2"/><U121/><N who="1" m="31008" /><U82/><E119/><V117/><F117/><T83/><D83/><U104/><E39/><V106/><F115/><T89/><D89/><U98/><E43/><AGARI ba="0,1" hai="42,43,46,50,55,57,61,64,79,80,85,90,94,97" machi="43" ten="40,2600,0" yaku="1,1,8,1,53,0" doraHai="99" doraHaiUra="33" who="0" fromWho="1" sc="258,36,295,-26,487,0,0,0" /><INIT seed="4,0,0,1,3,134" ten="294,269,487,0" oya="0" hai0="64,132,45,53,1,47,87,63,118,130,58,46,135" hai1="125,59,114,66,103,116,90,100,86,62,115,127,98" hai2="113,99,110,37,69,122,70,96,54,49,93,74,75" hai3=""/><T119/><D87/><U41/><E116/><N who="0" m="44585" /><D1/><U101/><E41/><V42/><N who="2" m="31264" /><V133/><F110/><T102/><D102/><N who="1" m="39531" /><E86/><V68/><F133/><N who="0" m="51274" /><D130/><U126/><E90/><V39/><F113/><T82/><D82/><U88/><E88/><V129/><F129/><T83/><D83/><U91/><E91/><V111/><F111/><T44/><N who="0" m="11264" /><DORA hai="131" /><T104/><D104/><AGARI ba="0,0" hai="59,62,66,98,103,104,114,115,125,126,127" m="39531" machi="104" ten="40,8000,1" yaku="18,1,52,3" doraHai="134,131" who="1" fromWho="0" sc="294,-80,269,80,487,0,0,0" /><INIT seed="5,0,0,0,2,117" ten="214,349,487,0" oya="1" hai0="49,86,97,114,46,85,102,127,38,131,109,93,68" hai1="108,104,69,103,65,72,126,57,119,77,125,105,76" hai2="79,118,123,113,39,42,0,67,66,111,62,41,100" hai3=""/><U83/><E69/><V47/><N who="2" m="31520" /><V34/><F34/><T1/><D1/><U82/><E65/><V37/><F111/><T56/><D109/><U2/><E108/><V45/><F118/><T94/><D127/><N who="1" m="48651" /><E57/><V54/><F0/><T122/><N who="0" m="31264" /><T98/><D131/><U61/><E61/><V64/><F79/><T60/><D114/><U75/><E2/><V78/><F78/><T59/><D38/><U3/><E3/><V99/><F113/><T51/><D68/><U40/><E119/><V96/><F100/><T88/><D56/><AGARI ba="0,0" hai="37,39,41,42,45,47,54,56,62,64,66,67,96,99" m="31520" machi="56" ten="40,5200,0" yaku="9,1,52,2" doraHai="117" who="2" fromWho="0" sc="214,-52,349,0,487,52,0,0" /><INIT seed="6,0,0,1,2,52" ten="162,349,539,0" oya="2" hai0="111,101,131,75,33,49,48,88,126,41,103,98,86" hai1="85,118,43,72,123,125,34,121,64,54,96,133,51" hai2="1,127,135,42,44,3,73,116,107,77,79,105,100" hai3=""/><V38/><F116/><T84/><D41/><U95/><N who="1" m="31008" /><U68/><N who="1" m="31520" /><U56/><E34/><V112/><F135/><T67/><D67/><U59/><E72/><V90/><F127/><T92/><D33/><U60/><E118/><V55/><F112/><T66/><D66/><U83/><E133/><V119/><F119/><T89/><D48/><U46/><E125/><V65/><F65/><T117/><D49/><U53/><E96/><V63/><F90/><T109/><D117/><U114/><E114/><V93/><F73/><T110/><D126/><U108/><E95/><V37/><F93/><T124/><D124/><U2/><E108/><V40/><F100/><T87/><D131/><U71/><E2/><V80/><F80/><T106/><D75/><U102/><E102/><V39/><F39/><T122/><N who="0" m="31264" /><T76/><D76/><U58/><REACH who="1" step="1"/><E71/><REACH who="1" ten="162,339,539,0" step="2"/><V134/><F1/><T128/><REACH who="0" step="1"/><D128/><REACH who="0" ten="152,339,539,0" step="2"/><U74/><E74/><V57/><F3/><T82/><D82/><U45/><E45/><V113/><F44/><T47/><D47/><U99/><E99/><AGARI ba="0,2" hai="84,86,87,88,89,92,98,99,101,103,106,109,110,111" m="31264" machi="99" ten="50,12000,2" yaku="1,1,34,3,52,1,54,1,53,0" doraHai="52" doraHaiUra="115" who="0" fromWho="1" sc="152,140,339,-120,539,0,0,0" owari="292,-11.0,219,-38.0,539,49.0,0,0.0" /></mjloggm>