<mjloggm ver="2.3"><GO type="169" lobby="0"/><UN n0="%7A%6F%6F%31%39%36%34" n1="%64%6F%6F%6F%6F%77%79%31" n2="%69%70%73%E6%88%A6%E5%A3%AB" n3="%E3%83%AB%E3%82%BF%E3%82%B9%E3%82%B1" dan="17,17,16,17" rate="2185.18,2183.05,2112.72,2138.65" sx="M,M,M,M"/><TAIKYOKU oya="0"/><INIT seed="0,0,0,2,5,46" ten="250,250,250,250" oya="0" hai0="86,40,0,54,60,24,42,14,30,128,65,18,28" hai1="108,91,27,94,15,117,101,76,120,63,9,109,49" hai2="110,99,127,44,34,37,35,78,29,104,82,38,114" hai3="64,77,21,116,39,134,31,12,45,98,96,93,95"/><T132/><D0/><U135/><E117/><V4/><F114/><W57/><G116/><T85/><D132/><U10/><E135/><V84/><F110/><N who="1" m="42601" /><E101/><V16/><F127/><W51/><G77/><T52/><D128/><U89/><E76/><V36/><F4/><W80/><G80/><T19/><D65/><U41/><E120/><V2/><F2/><W97/><G39/><T43/><D24/><U11/><E63/><V83/><F83/><W112/><G112/><T122/><D122/><U118/><E27/><V69/><F69/><W133/><G133/><T25/><D25/><U125/><E118/><V20/><F29/><N who="0" m="11370" /><D60/><U111/><E125/><V121/><F121/><W53/><G31/><T90/><D90/><N who="1" m="34315" /><E94/><N who="3" m="35850" /><G134/><T66/><D66/><U92/><E92/><V6/><F34/><W5/><G64/><T8/><D19/><N who="1" m="8687" /><E111/><V74/><F35/><W71/><G71/><T55/><AGARI ba="0,0" hai="8,14,18,40,42,43,52,54,55,85,86" m="11370" machi="55" ten="40,3900,0" yaku="8,1,54,1" doraHai="46" who="0" fromWho="0" sc="250,39,250,-13,250,-13,250,-13" /><INIT seed="0,1,0,2,5,58" ten="289,237,237,237" oya="0" hai0="20,9,0,6,64,75,4,74,114,21,56,118,37" hai1="87,38,127,19,121,26,1,131,122,73,65,68,111" hai2="129,17,7,72,41,54,133,97,27,14,31,23,45" hai3="29,93,10,81,16,109,3,18,43,132,2,60,12"/><T52/><D114/><U130/><E87/><V35/><F133/><W80/><G132/><T120/><D118/><U5/><E73/><V98/><F129/><N who="1" m="49161" /><E38/><V33/><F33/><W135/><G135/><T100/><D120/><N who="1" m="46187" /><E68/><V115/><F115/><W104/><G29/><T117/><D37/><U22/><E65/><V85/><F72/><W90/><G104/><T83/><D117/><U69/><E69/><V106/><F54/><W123/><G109/><T103/><D64/><U86/><E86/><V62/><F62/><W110/><G110/><T39/><D39/><U28/><E111/><V134/><F134/><W46/><G18/><T126/><D6/><U105/><E105/><V78/><F106/><W101/><G101/><T119/><D119/><U95/><E95/><V48/><REACH who="2" step="1"/><F7/><REACH who="2" ten="289,237,227,237" step="2"/><W61/><G123/><T25/><D75/><U116/><E116/><V42/><F42/><W44/><G44/><T59/><D74/><U94/><E5/><V30/><F30/><W91/><G2/><T66/><D0/><U15/><E1/><V96/><F96/><N who="3" m="57399" /><G3/><T79/><D4/><U108/><E108/><V34/><F34/><W89/><G43/><T99/><D99/><U67/><E67/><V71/><F71/><W124/><G46/><T24/><D66/><U57/><E57/><V76/><F76/><W63/><G124/><T88/><D126/><U92/><E127/><V125/><F125/><W107/><G107/><T55/><D59/><U50/><E50/><V36/><F36/><W82/><AGARI ba="1,1" hai="10,12,16,60,61,63,80,81,82,89,91" m="57399" machi="82" ten="30,8000,1" yaku="8,1,52,3,54,1" doraHai="58" who="3" fromWho="3" sc="289,-41,237,-21,227,-21,237,93" /><INIT seed="1,0,0,5,5,75" ten="248,216,206,330" oya="1" hai0="70,94,22,6,119,39,106,111,36,127,59,124,5" hai1="98,58,79,19,7,11,45,122,78,14,47,37,53" hai2="135,130,113,88,28,34,30,121,2,9,131,61,85" hai3="15,50,31,44,54,20,87,38,8,92,110,65,91"/><U0/><E122/><V35/><F121/><W77/><G110/><T68/><D59/><U100/><E45/><V129/><F135/><W133/><G133/><T76/><D94/><U93/><E47/><V123/><F123/><W74/><G38/><N who="0" m="14379" /><D22/><U69/><E69/><N who="0" m="26729" /><D106/><U55/><E37/><V3/><F61/><W103/><G65/><T86/><D119/><U1/><E55/><V126/><F126/><N who="0" m="48170" /><D111/><U29/><E29/><N who="2" m="11371" /><F113/><W18/><G103/><T114/><D114/><U89/><E100/><V42/><F42/><W24/><G31/><T117/><D117/><U118/><E118/><V102/><F102/><W132/><G132/><T97/><D97/><U63/><REACH who="1" step="1"/><E0/><REACH who="1" ten="248,206,206,330" step="2"/><N who="2" m="43" /><F9/><AGARI ba="0,1" hai="1,7,9,11,14,19,53,58,63,78,79,89,93,98" machi="9" ten="30,11600,0" yaku="1,1,7,1,52,2,53,0" doraHai="75" doraHaiUra="125" who="1" fromWho="2" sc="248,0,206,126,206,-116,330,0" /><INIT seed="1,1,0,0,1,124" ten="248,332,90,330" oya="1" hai0="95,50,26,93,114,123,74,72,61,109,128,47,34" hai1="102,36,24,126,57,21,76,84,96,29,127,66,99" hai2="71,28,20,17,98,58,18,81,68,37,135,91,62" hai3="4,54,44,16,108,94,88,97,46,65,27,125,10"/><U129/><E36/><V133/><F37/><W7/><G125/><N who="1" m="47626" /><E129/><V48/><F48/><W33/><G65/><T83/><D114/><U38/><E38/><V121/><F121/><W70/><G70/><T35/><D123/><U49/><E102/><V63/><F28/><W45/><G108/><T53/><D109/><U69/><E69/><V13/><F17/><W132/><G132/><N who="2" m="50761" /><F63/><W42/><G42/><T39/><D39/><U90/><E76/><V103/><F91/><W5/><G33/><T101/><D35/><U43/><E43/><V60/><F81/><W104/><G104/><T106/><D128/><U116/><E116/><V134/><N who="2" m="50769" /><V52/><DORA hai="55" /><F62/><W122/><G122/><T12/><D61/><N who="1" m="38191" /><E49/><V0/><F0/><W89/><G89/><T67/><D67/><U64/><E64/><V111/><F111/><W23/><REACH who="3" step="1"/><G54/><REACH who="3" ten="248,332,90,320" step="2"/><T41/><D53/><U92/><AGARI ba="1,1" hai="21,24,29,84,90,92,96,99" m="38191,47626" machi="92" ten="30,3000,0" yaku="18,1,52,1" doraHai="124,55" who="1" fromWho="1" sc="248,-11,332,43,90,-11,320,-11" /><INIT seed="1,2,0,4,3,92" ten="237,375,79,309" oya="1" hai0="41,1,115,38,12,7,80,22,36,127,105,128,123" hai1="96,81,16,10,85,45,18,57,17,59,21,120,82" hai2="90,19,77,4,37,102,98,121,52,15,34,53,30" hai3="55,116,89,70,68,74,95,50,0,132,63,106,84"/><U125/><E120/><V118/><F121/><W97/><G132/><T129/><D123/><U27/><E125/><V134/><F118/><W103/><G0/><T71/><D115/><U67/><E45/><V43/><F4/><W47/><G116/><T65/><D22/><U130/><E130/><V109/><F109/><W20/><G63/><N who="0" m="40383" /><D12/><U40/><E40/><V31/><F134/><W86/><G86/><T33/><D127/><U11/><E82/><V104/><F77/><W107/><G107/><T8/><D80/><U46/><E46/><V44/><F90/><W23/><G74/><T13/><D13/><N who="1" m="7231" /><E67/><V88/><F88/><W72/><G72/><T35/><D105/><U83/><E83/><V60/><F60/><W124/><G124/><T113/><D113/><U29/><E96/><V5/><F5/><W117/><G117/><T54/><D54/><U76/><E10/><V112/><F112/><W3/><G3/><T39/><D41/><U126/><E126/><V66/><F66/><W25/><REACH who="3" step="1"/><G23/><REACH who="3" ten="237,375,79,299" step="2"/><T69/><D69/><U108/><E108/><V64/><F64/><W49/><G49/><T42/><D42/><U32/><E32/><AGARI ba="2,1" hai="1,7,8,32,33,35,36,38,39,128,129" m="40383" machi="32" ten="40,1300,0" yaku="23,1" doraHai="92" who="0" fromWho="1" sc="237,29,375,-19,79,0,299,0" /><INIT seed="2,0,0,2,5,131" ten="266,356,79,299" oya="2" hai0="49,10,124,41,128,73,111,81,11,1,108,9,0" hai1="83,36,35,74,8,75,37,105,96,19,16,106,99" hai2="68,88,44,55,84,89,3,27,69,25,65,118,135" hai3="40,53,117,91,29,130,61,52,33,58,78,104,121"/><V85/><F118/><W101/><G117/><T18/><D128/><U38/><E8/><V110/><F3/><W2/><G130/><T109/><D124/><U17/><E35/><V48/><F110/><W22/><G121/><T82/><D18/><U67/><E67/><V59/><F135/><W103/><G33/><T93/><D93/><U113/><E113/><V26/><F65/><W122/><G104/><N who="1" m="40042" /><E83/><N who="0" m="31753" /><D73/><AGARI ba="0,0" hai="16,17,19,36,37,38,73,74,75,96,99" m="40042" machi="73" ten="40,5200,0" yaku="28,2,54,1" doraHai="131" who="1" fromWho="0" sc="266,-52,356,52,79,0,299,0" /><INIT seed="3,0,0,3,2,84" ten="214,408,79,299" oya="3" hai0="117,103,102,32,90,101,87,93,134,94,135,86,112" hai1="130,120,21,82,96,33,19,10,99,128,78,72,5" hai2="9,67,0,73,131,97,123,100,16,38,115,39,50" hai3="91,27,12,65,64,60,37,23,85,95,47,1,98"/><W3/><G12/><T52/><D32/><U58/><E33/><V92/><F115/><W110/><G110/><T118/><D112/><U26/><E58/><V57/><F131/><N who="1" m="50217" /><E120/><V42/><F73/><W24/><G37/><T4/><D4/><U108/><E108/><V122/><F0/><AGARI ba="0,0" hai="0,5,10,19,21,26,72,78,82,96,99" m="50217" machi="0" ten="30,1000,0" yaku="19,1" doraHai="84" who="1" fromWho="2" sc="214,0,408,10,79,-10,299,0" /><INIT seed="4,0,0,2,5,76" ten="214,418,69,299" oya="0" hai0="19,89,22,4,74,117,11,85,7,82,91,95,49" hai1="108,36,28,61,78,131,17,124,113,104,32,64,109" hai2="116,125,27,128,5,106,29,71,79,119,77,129,10" hai3="105,101,68,62,25,48,86,81,94,66,34,97,37"/><T6/><D117/><N who="2" m="45130" /><F71/><W1/><G37/><T38/><D38/><U57/><E104/><V9/><F106/><W59/><G1/><T135/><D135/><U43/><E78/><V99/><F99/><W47/><G59/><T72/><D11/><N who="2" m="4106" /><F79/><W45/><G94/><T60/><D60/><U8/><E43/><V127/><F5/><W52/><G45/><T2/><D49/><U35/><E61/><V39/><F77/><W133/><G133/><T96/><REACH who="0" step="1"/><D2/><REACH who="0" ten="204,418,69,299" step="2"/><U56/><E36/><V54/><F39/><W123/><G123/><T110/><D110/><U100/><E109/><V42/><F42/><W103/><G103/><T40/><D40/><U30/><E100/><V15/><F54/><W121/><G121/><T53/><D53/><U13/><E108/><V98/><F15/><AGARI ba="0,1" hai="4,6,7,15,19,22,72,74,82,85,89,91,95,96" machi="15" ten="40,12000,1" yaku="1,1,52,1,53,2" doraHai="76" doraHaiUra="84" who="0" fromWho="2" sc="204,130,418,0,69,-120,299,0" owari="334,13.0,418,52.0,-51,-55.0,299,-10.0" /></mjloggm>