<mjloggm ver="2.3"><GO type="185" lobby="0"/><UN n0="%E9%B4%A8%E6%90%8D" n1="%E5%8C%97%E5%B0%8F%E8%B7%AF%3A%E9%9A%86%E5%A4%AA" n2="%E3%83%93%E3%83%83%E3%82%B0%E3%83%9E%E3%83%A1" n3="" dan="16,16,17,0" rate="2127.18,2221.64,2192.49,1500.00" sx="M,M,M,C"/><TAIKYOKU oya="0"/><INIT seed="0,0,0,4,0,60" ten="350,350,350,0" oya="0" hai0="125,99,76,106,45,105,123,38,110,57,120,50,109" hai1="66,135,108,48,46,87,112,49,128,39,91,41,72" hai2="61,62,118,131,117,82,83,100,101,113,33,96,53" hai3=""/><T88/><N who="0" m="30752" /><T104/><N who="0" m="31520" /><T92/><D125/><U2/><E2/><V32/><F113/><T55/><D76/><U70/><E112/><V37/><F37/><T63/><REACH who="0" step="1"/><D38/><REACH who="0" ten="340,350,350,0" step="2"/><U67/><E39/><V93/><F118/><T71/><D71/><U116/><E70/><V89/><F117/><T34/><D34/><U133/><E116/><V74/><F33/><T126/><D126/><U59/><E133/><V111/><F32/><T95/><D95/><U102/><E135/><V47/><F93/><T75/><D75/><U134/><E72/><V97/><F74/><T129/><D129/><U85/><E134/><V78/><F78/><T80/><D80/><U124/><E128/><V90/><F131/><T77/><D77/><U58/><E124/><V130/><F130/><T65/><AGARI ba="0,1" hai="45,50,55,57,63,65,88,92,99,104,105,106,109,110" m="31520,30752" machi="65" ten="40,12000,2" yaku="1,1,0,1,52,3,54,1,53,1" doraHai="60" doraHaiUra="40" who="0" fromWho="0" sc="340,130,350,-60,350,-60,0,0" /><INIT seed="0,1,0,1,1,45" ten="470,290,290,0" oya="0" hai0="110,116,36,47,37,78,35,72,131,65,39,134,133" hai1="104,82,2,101,89,60,127,67,34,111,83,71,120" hai2="41,93,113,88,32,125,114,97,96,130,53,81,40" hai3=""/><T129/><D35/><U87/><N who="1" m="30752" /><U62/><E2/><V3/><F3/><T112/><D78/><U119/><E34/><V115/><F32/><T61/><D72/><U1/><E1/><V75/><F130/><N who="0" m="49674" /><D116/><U91/><E119/><V74/><F125/><T106/><D106/><U52/><E127/><V49/><F97/><T68/><D112/><U63/><E111/><V80/><F81/><T128/><N who="0" m="49682" /><T48/><DORA hai="92" /><D110/><U95/><E104/><V42/><REACH who="2" step="1"/><F80/><REACH who="2" ten="470,290,280,0" step="2"/><T69/><D68/><U64/><E83/><V90/><F90/><T132/><D132/><U135/><E135/><V77/><F77/><T51/><D134/><U108/><E101/><V33/><F33/><T109/><D109/><U100/><E100/><V50/><F50/><N who="0" m="18986" /><D133/><U46/><E108/><V43/><N who="2" m="10752" /><DORA hai="38" /><V0/><F0/><T103/><D103/><U55/><E91/><V122/><N who="2" m="31264" /><V56/><AGARI ba="1,1" hai="49,53,56,74,75,88,93,96,113,114,115" m="31264,10752" machi="56" ten="50,18000,4" yaku="1,1,4,1,0,1,52,7,54,1,53,0" doraHai="45,92,38" doraHaiUra="123,99,66" who="2" fromWho="2" sc="470,-121,290,-61,280,192,0,0" /><INIT seed="1,0,0,1,3,50" ten="349,229,472,0" oya="1" hai0="55,120,51,42,90,77,86,121,98,62,3,126,106" hai1="56,114,69,111,35,2,48,117,97,68,105,112,93" hai2="80,64,65,76,91,41,100,127,134,44,0,47,46" hai3=""/><U63/><E2/><V79/><F0/><T66/><N who="0" m="30752" /><T128/><N who="0" m="31008" /><T108/><D3/><U125/><E35/><V75/><F134/><T96/><D126/><U122/><N who="1" m="31264" /><U94/><E117/><V89/><F127/><T74/><D128/><U101/><E125/><V109/><F109/><T36/><D108/><U99/><E111/><V71/><F71/><T33/><D33/><U132/><E132/><V78/><F75/><T49/><D106/><U92/><E99/><V84/><F100/><T119/><D119/><U103/><E101/><V133/><F133/><T85/><D74/><U38/><E38/><V82/><F41/><T70/><D49/><U1/><E48/><V61/><F61/><T104/><D104/><U52/><REACH who="1" step="1"/><E1/><REACH who="1" ten="349,219,472,0" step="2"/><V116/><F116/><T59/><D98/><U124/><E124/><V83/><F84/><T95/><D77/><U53/><E53/><V135/><F135/><T34/><D34/><U72/><E72/><V123/><N who="2" m="31520" /><V43/><F43/><T73/><D73/><U67/><E67/><AGARI ba="0,1" hai="44,46,47,64,65,67,76,78,79,80,82,83,89,91" m="31520" machi="67" ten="50,12000,2" yaku="29,2,28,2,8,1,52,1" doraHai="50" who="2" fromWho="1" sc="349,0,219,-120,472,130,0,0" /><INIT seed="2,0,0,4,1,55" ten="349,99,602,0" oya="2" hai0="82,86,77,54,53,63,94,49,87,60,42,95,52" hai1="85,51,79,45,122,113,118,41,88,129,47,75,127" hai2="110,69,101,39,99,125,68,91,132,0,57,123,103" hai3=""/><V117/><N who="2" m="31520" /><V97/><F39/><T73/><D73/><U100/><N who="1" m="31264" /><U120/><N who="1" m="30752" /><U111/><E113/><V67/><F0/><T109/><D109/><U70/><E118/><V105/><F117/><T112/><D112/><U126/><E70/><V104/><F125/><N who="1" m="47625" /><E111/><V33/><F33/><T114/><D114/><U133/><E133/><V81/><F132/><T134/><D134/><U32/><E32/><V62/><F110/><T83/><D42/><U124/><N who="1" m="47633" /><U72/><DORA hai="92" /><E100/><V93/><F81/><T43/><D43/><U90/><E129/><V121/><N who="2" m="31008" /><V59/><F69/><T46/><D83/><U98/><E98/><AGARI ba="0,0" hai="57,59,62,67,68,91,93,97,98,99,101,103,104,105" m="31008,31520" machi="98" ten="30,24000,3" yaku="7,1,9,1,52,7" doraHai="55,92" who="2" fromWho="1" sc="349,0,99,-240,602,240,0,0" owari="349,-5.0,-141,-74.0,842,79.0,0,0.0" /></mjloggm>