<mjloggm ver="2.3"><GO type="185" lobby="0"/><UN n0="%62%69%74%74%65%72%74" n1="%E5%A4%9A%E6%9E%97%E6%99%8B" n2="%77%61%77%61%33%30%33%30" n3="" dan="18,17,16,0" rate="2287.03,2198.69,2144.11,1500.00" sx="M,M,M,C"/><TAIKYOKU oya="0"/><INIT seed="0,0,0,5,0,125" ten="350,350,350,0" oya="0" hai0="94,122,0,88,81,56,117,73,123,55,34,107,111" hai1="51,57,46,68,77,127,135,130,32,1,80,78,59" hai2="67,82,50,92,83,79,66,62,71,52,120,84,110" hai3=""/><T134/><BYE who="2" /><N who="0" m="31264" /><T85/><N who="0" m="31520" /><T106/><D117/><U89/><E1/><V38/><F38/><T97/><D0/><U118/><E32/><UN n2="%77%61%77%61%33%30%33%30" /><V93/><N who="2" m="30752" /><V58/><F110/><T70/><D34/><U100/><E118/><V102/><F102/><T86/><D70/><U121/><N who="1" m="31008" /><U128/><E127/><V76/><REACH who="2" step="1"/><F67/><REACH who="2" ten="350,350,340,0" step="2"/><T112/><D111/><U133/><E68/><V40/><F40/><T104/><D112/><U99/><E59/><V95/><F95/><T132/><D73/><AGARI ba="0,1" hai="50,52,58,62,66,71,73,76,79,82,83,84,92,93" m="30752" machi="73" ten="30,12000,2" yaku="1,1,7,1,52,1,54,1,53,2" doraHai="125" doraHaiUra="72" who="2" fromWho="0" sc="350,-120,350,0,340,130,0,0" /><INIT seed="1,0,0,0,1,122" ten="230,350,470,0" oya="1" hai0="99,101,116,89,48,35,64,135,3,133,97,83,56" hai1="84,44,32,66,104,115,111,62,106,82,65,55,57" hai2="126,109,78,71,86,68,95,74,85,96,67,87,110" hai3=""/><U120/><N who="1" m="30752" /><U90/><E32/><V51/><F126/><T113/><D3/><U45/><E115/><V72/><F51/><T127/><D113/><U73/><E73/><V117/><F117/><T107/><D35/><U39/><E111/><N who="2" m="42507" /><F67/><T128/><D127/><U76/><E76/><V40/><F40/><T2/><D64/><U102/><E102/><V123/><N who="2" m="31520" /><V60/><F60/><T43/><D43/><U124/><E124/><V132/><F132/><T41/><D41/><U61/><E55/><V54/><F54/><T129/><D48/><U59/><REACH who="1" step="1"/><E39/><REACH who="1" ten="230,340,470,0" step="2"/><V52/><F52/><T75/><D135/><U42/><E42/><V93/><F78/><T103/><D133/><U33/><E33/><V81/><F74/><T98/><D75/><U134/><E134/><V53/><F53/><T37/><D37/><U1/><E1/><V125/><F125/><T114/><D2/><U49/><E49/><V94/><F72/><T69/><D114/><U50/><E50/><V0/><F0/><T130/><D129/><U36/><E36/><V100/><F81/><T121/><D130/><U118/><E118/><V112/><F112/><T47/><D128/><U77/><E77/><V79/><F79/><T34/><D116/><RYUUKYOKU ba="0,1" sc="230,-20,340,10,470,10,0,0" hai1="44,45,57,59,61,62,65,66,82,84,90,104,106" hai2="68,71,85,86,87,93,94,95,96,100" /><INIT seed="1,1,1,0,1,123" ten="210,350,480,0" oya="1" hai0="33,73,104,45,98,85,62,63,90,80,127,92,86" hai1="68,3,41,111,69,55,81,93,112,103,119,1,107" hai2="135,35,50,37,39,60,133,79,71,129,106,58,132" hai3=""/><U118/><E112/><V47/><F35/><T109/><D33/><U42/><E93/><V87/><F106/><T59/><D127/><U57/><E81/><V46/><F129/><T96/><D73/><U100/><E57/><V105/><F105/><T117/><D117/><U82/><E107/><V116/><F116/><T131/><D131/><U61/><E82/><V53/><F87/><T91/><D109/><U56/><E56/><V78/><F79/><T77/><D45/><N who="2" m="16906" /><F78/><T83/><D59/><U120/><N who="1" m="30752" /><U64/><E55/><V76/><F76/><T65/><D65/><AGARI ba="1,1" hai="37,39,50,53,58,60,65,71,132,133,135" m="16906" machi="65" ten="40,5200,0" yaku="20,1,34,2" doraHai="123" who="2" fromWho="0" sc="210,-54,350,0,480,64,0,0" /><INIT seed="2,0,0,2,3,108" ten="156,350,544,0" oya="2" hai0="3,0,83,67,70,76,65,96,34,126,91,107,74" hai1="95,86,97,40,57,101,37,42,64,135,88,119,110" hai2="81,125,68,51,44,114,121,87,123,38,106,75,41" hai3=""/><V72/><N who="2" m="31008" /><V50/><N who="2" m="31520" /><V79/><F125/><T47/><D47/><U73/><E110/><V134/><F134/><T104/><D126/><U43/><E135/><V45/><F68/><T77/><D96/><U63/><E73/><V71/><F71/><T32/><D70/><U2/><E119/><V116/><F116/><T100/><D100/><U133/><E133/><V54/><F114/><T93/><D93/><U94/><REACH who="1" step="1"/><E2/><REACH who="1" ten="156,340,544,0" step="2"/><V120/><N who="2" m="30752" /><V84/><F106/><T122/><N who="0" m="31264" /><T115/><D74/><U55/><E55/><V35/><F35/><T111/><D111/><U118/><E118/><V58/><F75/><T90/><REACH who="0" step="1"/><D83/><REACH who="0" ten="146,340,544,0" step="2"/><U53/><E53/><AGARI ba="0,2" hai="38,41,44,45,50,51,53,54,58,72,79,81,84,87" m="30752,31520,31008" machi="53" ten="30,11600,0" yaku="7,1,52,3" doraHai="108" who="2" fromWho="1" sc="146,0,340,-116,544,136,0,0" /><INIT seed="2,1,0,2,1,132" ten="146,224,680,0" oya="2" hai0="83,63,78,70,38,39,117,72,62,68,98,1,101" hai1="114,53,93,49,112,111,71,51,103,0,69,89,86" hai2="106,37,116,90,60,35,75,120,133,130,2,50,66" hai3=""/><V43/><RYUUKYOKU type="yao9" ba="1,0" sc="146,0,224,0,680,0,0,0" hai2="2,35,37,43,50,60,66,75,90,106,116,120,130,133" /><INIT seed="2,2,0,0,3,46" ten="146,224,680,0" oya="2" hai0="42,41,37,58,134,68,126,0,36,106,52,85,67" hai1="116,124,96,88,135,93,119,35,132,102,45,91,39" hai2="84,104,109,75,133,108,48,43,107,81,125,95,130" hai3=""/><V33/><F33/><T76/><D106/><U83/><E35/><V32/><F32/><T79/><D0/><U89/><E124/><V129/><F125/><T80/><D126/><U72/><E39/><V63/><F133/><N who="1" m="51273" /><E45/><V69/><F75/><T38/><D134/><U44/><E44/><V70/><F95/><T131/><D131/><N who="2" m="50186" /><F104/><T87/><D68/><N who="2" m="26218" /><F63/><T34/><D34/><U113/><E113/><V2/><F107/><T98/><D98/><U47/><E47/><V94/><F94/><T61/><D67/><U78/><AGARI ba="2,0" hai="72,78,83,88,89,91,93,96,102,116,119" m="51273" machi="78" ten="40,6000,1" yaku="20,1,34,2,54,1" doraHai="46" who="1" fromWho="1" sc="146,-22,224,64,680,-42,0,0" /><INIT seed="4,0,0,2,4,117" ten="124,288,638,0" oya="0" hai0="35,74,130,126,48,127,115,61,67,135,120,79,75" hai1="116,43,83,1,51,112,82,42,76,47,86,92,37" hai2="98,119,65,32,59,58,77,3,114,52,80,88,108" hai3=""/><T134/><N who="0" m="30752" /><T118/><D35/><U106/><E1/><V33/><F108/><T66/><D118/><U105/><E116/><V56/><F3/><T87/><D115/><U81/><E112/><V100/><F88/><T40/><D87/><U84/><E92/><V57/><F65/><N who="0" m="24586" /><D61/><U64/><E64/><V123/><N who="2" m="31520" /><V113/><F119/><T71/><D71/><U107/><E76/><V132/><F114/><T73/><D79/><U109/><E109/><V111/><F111/><T102/><D102/><U54/><REACH who="1" step="1"/><E43/><REACH who="1" ten="124,278,638,0" step="2"/><V96/><F113/><T128/><D40/><U90/><E90/><V78/><F78/><T131/><D48/><U94/><E94/><V104/><F33/><T69/><D69/><U68/><E68/><V85/><F32/><T34/><D34/><U125/><E125/><AGARI ba="0,1" hai="73,74,75,125,126,127,128,130,131,134,135" m="24586,30752" machi="125" ten="50,24000,3" yaku="30,2,28,2,18,1,19,1,52,2" doraHai="117" who="0" fromWho="1" sc="124,250,278,-240,638,0,0,0" /><INIT seed="4,1,0,5,1,85" ten="374,38,638,0" oya="0" hai0="123,48,87,77,89,113,38,103,33,57,35,127,54" hai1="129,68,59,71,111,65,115,75,130,119,80,109,133" hai2="124,45,106,131,120,34,55,76,41,69,92,47,63" hai3=""/><T116/><N who="0" m="31520" /><T46/><D116/><U3/><E59/><V102/><N who="2" m="30752" /><V104/><F34/><T94/><D127/><U82/><E65/><V51/><F124/><T42/><D113/><U114/><E75/><V105/><F131/><T0/><D0/><U118/><REACH who="1" step="1"/><E133/><REACH who="1" ten="374,28,638,0" step="2"/><V74/><F74/><T101/><D33/><U117/><E117/><V86/><F69/><T60/><D35/><U78/><E78/><V83/><F63/><T97/><D77/><U84/><E84/><V81/><F76/><T132/><D132/><U98/><E98/><V1/><F1/><AGARI ba="1,1" hai="1,3,68,71,80,82,109,111,114,115,118,119,129,130" machi="1" ten="25,8000,1" yaku="1,1,22,2,53,2" doraHai="85" doraHaiUra="121" who="1" fromWho="2" sc="374,0,28,92,638,-82,0,0" /><INIT seed="5,0,0,1,4,98" ten="374,120,556,0" oya="1" hai0="35,61,45,129,134,121,3,123,51,59,90,106,78" hai1="82,83,112,103,99,77,70,135,37,95,116,85,86" hai2="40,126,1,104,42,125,97,32,56,107,49,96,75" hai3=""/><U92/><E37/><V41/><F75/><T113/><N who="0" m="31008" /><T117/><N who="0" m="31520" /><T2/><D106/><N who="2" m="40490" /><F32/><T64/><D35/><U119/><E70/><V79/><F79/><T76/><D129/><U52/><E112/><V67/><F1/><T74/><D113/><U109/><E109/><V66/><F49/><T55/><D134/><U91/><E135/><V88/><F56/><T115/><D115/><U94/><REACH who="1" step="1"/><E52/><REACH who="1" ten="374,110,556,0" step="2"/><V124/><F67/><T84/><D2/><U47/><E47/><V57/><F66/><T54/><D3/><U132/><E132/><V72/><F57/><T71/><D71/><U36/><E36/><V93/><F42/><T62/><D54/><U127/><E127/><V65/><F65/><T69/><D69/><U118/><AGARI ba="0,1" hai="77,82,83,85,86,91,92,94,95,99,103,116,118,119" machi="118" ten="30,12000,2" yaku="1,1,0,1,34,3,52,1,53,0" doraHai="98" doraHaiUra="46" who="1" fromWho="1" sc="374,-60,110,130,556,-60,0,0" /><INIT seed="5,1,0,1,3,77" ten="314,240,496,0" oya="1" hai0="45,88,115,119,92,71,80,73,51,36,122,104,43" hai1="111,74,120,78,103,76,61,82,96,87,135,70,65" hai2="109,57,108,125,46,100,113,130,95,102,35,37,129" hai3=""/><U90/><N who="1" m="30752" /><U105/><E78/><V94/><F35/><T91/><N who="0" m="31264" /><T69/><D104/><U39/><E135/><V54/><F125/><T62/><D115/><U117/><E111/><V79/><F79/><T121/><N who="0" m="31008" /><T53/><D119/><U33/><E39/><V56/><F46/><T124/><D124/><U81/><REACH who="1" step="1"/><E117/><REACH who="1" ten="314,230,496,0" step="2"/><V89/><F37/><T49/><D36/><U58/><E58/><V47/><F57/><T38/><D38/><U40/><E40/><V60/><F108/><T48/><D43/><U110/><E110/><V93/><F109/><T75/><D71/><U63/><E63/><V118/><F118/><T127/><D62/><U84/><E84/><V1/><F60/><T50/><D69/><U44/><E44/><V67/><F56/><T32/><D127/><U72/><E72/><V114/><F113/><T128/><D75/><U55/><E55/><V112/><F114/><T101/><D73/><U98/><E98/><V68/><F112/><T41/><D41/><U64/><E64/><V0/><F67/><T107/><D53/><U3/><E3/><V123/><N who="2" m="31520" /><V133/><F133/><T116/><D45/><U52/><E52/><V106/><F47/><T86/><D116/><RYUUKYOKU ba="1,1" sc="314,-10,230,20,496,-10,0,0" hai1="33,61,65,70,74,76,81,82,87,90,96,103,105" /><INIT seed="5,2,1,2,4,100" ten="304,250,486,0" oya="1" hai0="118,93,109,104,83,120,69,112,107,71,32,124,89" hai1="128,37,41,129,51,82,85,90,122,60,95,126,133" hai2="80,47,84,2,99,79,1,103,33,54,135,35,130" hai3=""/><U40/><N who="1" m="31264" /><U115/><E115/><V105/><F130/><N who="1" m="50281" /><E37/><V74/><F135/><T42/><N who="0" m="30752" /><T81/><D109/><U94/><E133/><V127/><F127/><T97/><D32/><U125/><E60/><V64/><F64/><T70/><D124/><N who="1" m="47723" /><E51/><V98/><F98/><T62/><D112/><U44/><E44/><V102/><F102/><T52/><D42/><AGARI ba="2,1" hai="40,41,42,82,85,90,94,95" m="47723,50281,31264" machi="42" ten="30,5800,0" yaku="19,1,18,1,52,1" doraHai="100" who="1" fromWho="0" sc="304,-62,250,72,486,0,0,0" /><INIT seed="5,3,0,4,0,78" ten="242,322,486,0" oya="1" hai0="57,41,93,39,55,92,111,103,66,64,40,65,45" hai1="0,109,85,42,124,100,72,112,87,54,34,48,37" hai2="60,88,33,128,120,79,67,2,53,119,80,51,32" hai3=""/><U76/><E0/><V132/><N who="2" m="30752" /><V104/><F2/><T70/><D111/><U130/><E34/><V117/><F104/><T58/><D103/><U116/><E109/><V46/><F132/><T77/><D77/><U61/><E116/><V59/><F128/><T82/><D82/><U84/><E130/><V63/><F117/><T108/><D108/><U122/><N who="1" m="31264" /><U73/><E124/><V68/><F88/><T107/><D107/><U101/><E112/><V56/><F68/><T134/><D134/><U133/><E61/><V36/><F36/><T113/><D113/><U49/><E37/><V81/><F81/><T90/><D90/><U1/><E1/><V75/><F119/><T98/><D93/><U91/><E91/><V86/><F75/><T125/><D92/><U105/><E133/><V44/><F44/><T131/><D125/><U114/><E114/><V3/><F3/><T121/><N who="0" m="31008" /><T135/><D131/><U74/><E76/><V43/><AGARI ba="3,0" hai="32,33,43,46,51,53,56,59,60,63,67,79,80,86" m="30752" machi="43" ten="20,3900,0" yaku="0,1,7,1,52,2" doraHai="78" who="2" fromWho="2" sc="242,-16,322,-29,486,45,0,0" /><INIT seed="6,0,0,2,4,37" ten="226,293,531,0" oya="2" hai0="34,116,84,57,39,108,110,133,36,44,50,92,47" hai1="63,33,81,135,45,3,114,130,98,128,32,127,83" hai2="102,101,79,90,52,75,115,59,113,118,86,41,67" hai3=""/><V95/><F67/><T121/><N who="0" m="31008" /><T70/><D34/><U58/><E3/><V78/><F118/><T119/><D84/><U134/><E114/><N who="2" m="43531" /><F41/><T35/><D70/><U51/><E98/><V100/><F75/><T53/><D92/><U74/><E127/><V109/><F109/><N who="0" m="42090" /><D35/><U54/><E32/><V56/><F56/><T88/><D88/><U77/><E83/><V106/><F106/><T94/><D94/><U122/><N who="1" m="31264" /><U103/><E103/><V126/><F126/><T123/><N who="0" m="31520" /><T68/><D68/><U132/><E33/><V112/><F112/><T99/><D99/><U96/><E96/><V80/><F95/><T85/><D85/><U93/><E93/><V111/><F111/><T1/><D1/><U72/><E74/><V124/><F124/><T131/><D131/><U60/><E130/><V65/><F65/><T97/><D97/><U73/><E128/><V64/><F64/><T0/><D0/><U105/><E73/><V120/><N who="2" m="30752" /><V76/><F102/><T40/><D133/><U129/><E129/><V46/><F101/><T2/><D2/><U61/><E105/><V89/><F100/><T82/><D82/><U42/><AGARI ba="0,0" hai="42,45,51,54,58,60,61,63,72,77,81,132,134,135" m="31264" machi="42" ten="30,5900,0" yaku="0,1,20,1,52,2" doraHai="37" who="1" fromWho="1" sc="226,-20,293,59,531,-39,0,0" owari="206,-39.0,352,-5.0,492,44.0,0,0.0" /></mjloggm>