<mjloggm ver="2.3"><GO type="169" lobby="0"/><UN n0="%33%6E%6F%6D%79%5F%64%73" n1="%E3%81%AB%E3%81%A3%E3%81%A1%E3%82%87" n2="%E4%BD%90%E3%80%85%E6%9C%A8%E5%AF%BF%E4%BA%BA%50" n3="%E4%BF%9D%E7%99%92%E8%BA%AB" dan="17,17,16,17" rate="2165.85,2185.87,2184.22,2247.07" sx="M,M,M,M"/><TAIKYOKU oya="0"/><INIT seed="0,0,0,1,0,115" ten="250,250,250,250" oya="0" hai0="20,32,24,3,114,71,11,95,100,10,54,91,129" hai1="104,116,81,14,63,30,47,97,79,28,93,57,101" hai2="23,39,50,67,27,38,69,124,45,73,110,107,126" hai3="34,56,35,117,86,72,119,127,4,1,77,106,70"/><T17/><D129/><U90/><E47/><V64/><F73/><W108/><G86/><T26/><D71/><U120/><E120/><V16/><F107/><W46/><G56/><T43/><D43/><U68/><E68/><V25/><F110/><W62/><G46/><T96/><D114/><U109/><E109/><V118/><F27/><W133/><G108/><T55/><D3/><U19/><E116/><N who="3" m="44618" /><G106/><T48/><D100/><U99/><E81/><V113/><F113/><W130/><G130/><T8/><D32/><U6/><E6/><V44/><F118/><W66/><G133/><T7/><D7/><U112/><E79/><V5/><F5/><W41/><G41/><T111/><D111/><U128/><E128/><V49/><F69/><W60/><G60/><T2/><D2/><U0/><E0/><V102/><F102/><W83/><G127/><N who="2" m="48681" /><F45/><W65/><G65/><N who="2" m="25161" /><F50/><W74/><G72/><T135/><D135/><U22/><E112/><V94/><F94/><W105/><G105/><T53/><REACH who="0" step="1"/><D26/><REACH who="0" ten="240,250,250,250" step="2"/><U92/><E104/><V131/><F131/><W88/><G88/><T61/><D61/><U82/><E82/><V75/><F75/><W51/><G51/><AGARI ba="0,1" hai="8,10,11,17,20,24,48,51,53,54,55,91,95,96" machi="51" ten="40,3900,0" yaku="1,1,8,1,53,0" doraHai="115" doraHaiUra="40" who="0" fromWho="3" sc="240,49,250,0,250,0,250,-39" /><INIT seed="0,1,0,1,5,95" ten="289,250,250,211" oya="0" hai0="80,5,88,124,16,56,41,133,9,8,70,54,48" hai1="126,63,44,82,116,109,6,93,17,43,40,118,24" hai2="21,119,28,114,77,65,96,33,103,59,127,52,97" hai3="73,58,0,75,38,74,39,130,106,61,131,35,129"/><T104/><D70/><U36/><E109/><V12/><F114/><W94/><G106/><T60/><D124/><U69/><E126/><V37/><F127/><W99/><G35/><T71/><D133/><U84/><E6/><V34/><F37/><W45/><G45/><T125/><D125/><U14/><E24/><V115/><F115/><W2/><G39/><T72/><D104/><U102/><E43/><V79/><F119/><W30/><G30/><T105/><D105/><U20/><E63/><N who="2" m="36327" /><F33/><W134/><G38/><T31/><D31/><U111/><E69/><V18/><F34/><W89/><REACH who="3" step="1"/><G134/><REACH who="3" ten="289,250,250,201" step="2"/><T25/><D41/><U19/><E111/><V87/><F28/><W49/><G49/><T46/><D46/><U26/><E116/><V57/><F103/><W101/><G101/><T13/><D48/><U117/><E102/><V100/><F100/><W110/><G110/><T135/><D135/><U122/><E118/><V22/><F22/><W81/><G81/><T27/><D71/><U50/><E117/><V15/><F21/><W7/><G7/><T86/><REACH who="0" step="1"/><D72/><REACH who="0" ten="279,250,250,201" step="2"/><U3/><E36/><V85/><F57/><W90/><G90/><T4/><D4/><U10/><E44/><V42/><F42/><W132/><G132/><T112/><D112/><U53/><E40/><V66/><F18/><W113/><G113/><T120/><D120/><U55/><E122/><V92/><F79/><W128/><N who="3" m="32768" /><DORA hai="91" /><W108/><G108/><T11/><D11/><U23/><E10/><V64/><F77/><W98/><G98/><N who="2" m="37993" /><F87/><W68/><G68/><T76/><D76/><RYUUKYOKU ba="1,2" sc="279,10,250,-30,250,10,201,10" hai0="5,8,9,13,16,25,27,54,56,60,80,86,88" hai2="12,15,64,65,66,85,92" hai3="0,2,58,61,73,74,75,89,94,99" /><INIT seed="0,2,2,5,0,107" ten="289,220,260,211" oya="0" hai0="81,56,10,17,99,43,4,90,79,14,31,89,125" hai1="106,100,111,126,92,57,60,53,19,61,30,65,15" hai2="134,113,34,45,102,47,54,116,109,104,119,33,68" hai3="22,27,62,36,52,117,40,114,73,23,49,38,127"/><T70/><D70/><U55/><E111/><V69/><F113/><W123/><G114/><T98/><D125/><U9/><E126/><V13/><F109/><W51/><G127/><T95/><D31/><U32/><E106/><V118/><F134/><W25/><G117/><T97/><D43/><U110/><E110/><V103/><F13/><W21/><G123/><T1/><D56/><U18/><E32/><N who="2" m="12395" /><F54/><W105/><G105/><T58/><D58/><U91/><E100/><N who="2" m="38443" /><F104/><W20/><G73/><T83/><D83/><U131/><E30/><V101/><N who="2" m="38451" /><V67/><DORA hai="29" /><F67/><W128/><G128/><T42/><D42/><U132/><E131/><V46/><AGARI ba="2,2" hai="45,46,47,68,69,116,118,119" m="38451,12395" machi="46" ten="50,12000,2" yaku="28,2,12,1,52,3" doraHai="107,29" who="2" fromWho="2" sc="289,-62,220,-32,260,146,211,-32" /><INIT seed="1,0,0,5,3,123" ten="227,188,406,179" oya="1" hai0="103,108,129,74,63,130,77,93,10,32,6,125,44" hai1="17,29,52,59,5,84,122,120,55,41,57,62,4" hai2="28,65,43,31,38,76,20,88,15,42,114,70,92" hai3="117,115,98,78,48,68,112,85,86,1,134,67,0"/><U118/><E118/><V132/><F132/><W49/><G134/><T9/><D32/><U87/><E17/><V3/><F3/><W36/><G36/><T90/><D103/><U34/><E41/><V8/><F114/><W91/><G117/><T45/><D125/><U73/><E73/><V14/><F76/><W106/><G68/><T26/><D26/><U82/><E34/><V27/><F38/><W2/><G67/><T47/><D63/><U33/><E33/><V135/><F135/><W25/><G25/><T81/><D108/><U72/><E72/><V35/><F35/><W46/><G78/><T13/><REACH who="0" step="1"/><D10/><REACH who="0" ten="217,188,406,179" step="2"/><U121/><E29/><V23/><F28/><W58/><G112/><T21/><D21/><U83/><E121/><V50/><F23/><W110/><G115/><T99/><AGARI ba="0,1" hai="6,9,13,44,45,47,74,77,81,90,93,99,129,130" machi="99" ten="30,2000,0" yaku="1,1,0,1,53,0" doraHai="123" doraHaiUra="109" who="0" fromWho="0" sc="217,30,188,-10,406,-5,179,-5" /><INIT seed="2,0,0,1,0,85" ten="247,178,401,174" oya="2" hai0="80,112,9,20,128,36,93,35,14,121,78,51,67" hai1="38,63,99,7,58,88,111,134,12,16,10,46,130" hai2="68,24,116,101,28,21,118,61,97,55,131,89,105" hai3="107,40,119,22,26,29,91,64,72,44,92,15,4"/><V94/><F131/><W13/><G119/><T96/><D35/><U120/><E130/><V98/><REACH who="2" step="1"/><F55/><REACH who="2" ten="247,178,391,174" step="2"/><W82/><G107/><T42/><D128/><U100/><E120/><V39/><F39/><W2/><G64/><AGARI ba="0,1" hai="21,24,28,61,64,68,89,94,97,98,101,105,116,118" machi="64" ten="40,3900,0" yaku="1,1,52,1,53,0" doraHai="85" doraHaiUra="74" who="2" fromWho="3" sc="247,0,178,0,391,49,174,-39" /><INIT seed="2,1,0,5,1,35" ten="247,178,440,135" oya="2" hai0="91,118,56,50,18,84,120,116,51,122,74,37,53" hai1="79,97,15,105,123,23,80,70,34,11,61,114,124" hai2="16,52,87,42,89,33,25,127,40,9,60,1,58" hai3="108,132,41,86,66,110,28,112,46,6,129,93,83"/><V130/><F130/><W10/><G129/><T117/><D74/><U100/><E124/><V24/><F127/><W30/><G132/><T128/><D128/><U121/><E114/><V88/><F33/><W48/><G112/><T36/><D18/><U27/><E23/><V131/><F131/><W135/><G135/><T13/><D13/><U4/><E80/><V109/><F109/><W26/><G66/><T31/><D31/><U104/><E79/><V99/><F99/><W8/><G93/><T90/><D84/><U32/><E104/><V95/><F89/><W72/><G72/><T107/><D107/><U69/><E34/><V65/><F65/><W94/><G94/><T111/><D111/><N who="3" m="42537" /><G26/><N who="2" m="10345" /><F1/><N who="3" m="79" /><G10/><T5/><D5/><U22/><E22/><V68/><F68/><N who="1" m="26217" /><E61/><V3/><F3/><W12/><G12/><AGARI ba="1,0" hai="9,12,16,40,42,52,58,60,87,88,95" m="10345" machi="12" ten="30,11600,0" yaku="8,1,54,3" doraHai="35" who="2" fromWho="3" sc="247,0,178,0,440,119,135,-119" /><INIT seed="2,2,0,0,2,129" ten="247,178,559,16" oya="2" hai0="68,133,39,118,77,62,119,13,85,8,28,131,116" hai1="16,49,14,26,57,41,54,126,132,9,42,64,56" hai2="117,109,32,37,6,67,72,105,52,18,79,111,80" hai3="114,82,86,120,65,69,115,78,74,96,30,110,130"/><V107/><F117/><W89/><G30/><T55/><D131/><U101/><E126/><V24/><F37/><W61/><G130/><T128/><D128/><U33/><E132/><V135/><F135/><W121/><G96/><T134/><D39/><U43/><E101/><V83/><F6/><W20/><G20/><T46/><D28/><U31/><REACH who="1" step="1"/><E64/><REACH who="1" ten="247,168,559,16" step="2"/><V34/><F67/><W122/><REACH who="3" step="1"/><G110/><REACH who="3" ten="247,168,559,6" step="2"/><T11/><D134/><U73/><E73/><V97/><F111/><W76/><G76/><T7/><D133/><U127/><E127/><V71/><F109/><W17/><G17/><T93/><D77/><U1/><E1/><V44/><F18/><W123/><N who="3" m="30720" /><DORA hai="87" /><W94/><AGARI ba="2,2" hai="61,65,69,74,78,82,86,89,94,114,115" m="30720" machi="94" ten="60,8000,1" yaku="1,1,4,1,0,1,52,1,53,0" doraHai="129,87" doraHaiUra="99,12" who="3" fromWho="3" sc="247,-22,168,-22,559,-42,6,106" /><INIT seed="3,0,0,1,3,15" ten="225,146,517,112" oya="3" hai0="129,65,18,14,35,8,127,103,114,34,135,63,101" hai1="31,2,122,126,7,37,130,5,125,85,134,62,10" hai2="91,120,44,84,98,0,76,109,57,48,68,70,82" hai3="110,94,77,66,132,47,39,116,102,124,78,30,45"/><W111/><G116/><T20/><D135/><U21/><E37/><V24/><F120/><W123/><G123/><T87/><D129/><U128/><E85/><V52/><F109/><N who="3" m="41483" /><G132/><T97/><D127/><N who="1" m="48651" /><E62/><V29/><F0/><W60/><G124/><T53/><D53/><U32/><E134/><V104/><F44/><N who="3" m="16971" /><G30/><T61/><D63/><U46/><E46/><V4/><F4/><W40/><G40/><T55/><D55/><U9/><E122/><V113/><F113/><W79/><G39/><T88/><D114/><U23/><E32/><V11/><F70/><N who="3" m="42311" /><G102/><T89/><D103/><U86/><E86/><V131/><F68/><W80/><G94/><T69/><D8/><U72/><E72/><AGARI ba="0,0" hai="72,77,78,79,80" m="42311,16971,41483" machi="72" ten="30,2900,0" yaku="14,1,10,1" doraHai="15" who="3" fromWho="1" sc="225,0,146,-29,517,0,112,29" /><INIT seed="3,1,0,3,4,102" ten="225,117,517,141" oya="3" hai0="14,126,59,62,29,37,87,74,53,108,31,49,97" hai1="99,33,0,39,105,38,95,42,111,92,3,56,22" hai2="112,28,2,66,78,51,30,107,89,135,12,20,98" hai3="7,81,10,23,47,32,54,117,104,109,90,63,82"/><W15/><G117/><T44/><D74/><U11/><E33/><V121/><F2/><W4/><G32/><T48/><D37/><U116/><E116/><V76/><F112/><W100/><G109/><T43/><D126/><U57/><E111/><V13/><F135/><W132/><G132/><T88/><D97/><U122/><E122/><V93/><F107/><W45/><G7/><T1/><D1/><U73/><E22/><V21/><F66/><W96/><G23/><N who="2" m="8777" /><F51/><W41/><G90/><T68/><D108/><U130/><E130/><V67/><F67/><W128/><G128/><T58/><D68/><U85/><E85/><V114/><F114/><W35/><G35/><T84/><D84/><U70/><E99/><V61/><F61/><W80/><REACH who="3" step="1"/><G41/><REACH who="3" ten="225,117,517,131" step="2"/><T86/><D88/><U103/><E42/><V24/><F121/><W115/><G115/><T40/><D43/><U5/><E5/><V52/><F89/><W27/><G27/><T71/><D40/><U91/><E91/><V18/><F24/><W119/><G119/><T64/><D31/><U26/><E26/><V120/><F120/><W133/><G133/><T127/><D29/><U134/><E134/><V16/><F28/><W131/><G131/><T34/><D34/><U124/><E11/><N who="2" m="6175" /><F30/><W77/><G77/><T83/><D127/><U129/><E124/><V65/><F78/><W113/><G113/><T36/><D36/><U8/><E129/><V50/><F76/><W125/><G125/><T72/><D71/><U25/><E70/><V94/><F18/><W55/><G55/><T69/><D53/><RYUUKYOKU ba="1,1" sc="225,-10,117,-10,517,-10,131,30" hai3="4,10,15,45,47,54,63,80,81,82,96,100,104" /><INIT seed="3,2,1,2,1,91" ten="215,107,507,161" oya="3" hai0="28,80,6,55,24,9,109,133,119,68,130,125,115" hai1="97,128,63,117,101,46,0,33,2,48,70,73,72" hai2="86,76,27,23,102,94,83,44,126,99,90,50,123" hai3="78,92,7,66,61,29,103,42,116,107,12,35,79"/><W124/><G116/><T113/><D119/><U4/><E117/><V20/><F126/><W8/><G107/><T127/><D109/><U43/><E128/><V25/><F123/><W53/><G124/><N who="0" m="47691" /><D68/><U112/><E112/><N who="0" m="43081" /><D55/><U85/><E33/><V37/><F37/><W111/><G42/><T45/><D45/><U5/><E85/><V38/><F38/><W84/><G53/><T60/><D60/><U105/><E70/><V15/><F15/><W56/><G111/><T59/><D59/><U121/><E63/><V13/><F13/><W41/><G41/><T40/><D40/><U69/><E69/><V74/><F25/><W49/><G49/><T129/><D80/><U30/><E121/><V31/><F23/><W52/><G66/><T10/><D133/><U87/><E43/><N who="2" m="24863" /><F74/><W93/><G103/><AGARI ba="2,1" hai="20,27,31,76,83,86,90,94,99,102,103" m="24863" machi="103" ten="30,2000,0" yaku="8,1,52,1" doraHai="91" who="2" fromWho="3" sc="215,0,107,0,507,36,161,-26" /><INIT seed="4,0,0,3,2,36" ten="215,107,543,135" oya="0" hai0="68,124,79,83,22,58,1,106,134,102,33,122,2" hai1="119,69,101,10,52,5,18,133,71,51,95,50,113" hai2="54,72,65,24,9,112,31,11,88,114,4,108,55" hai3="111,84,132,126,43,53,67,39,131,78,96,104,93"/><T14/><D68/><U26/><E119/><V45/><F108/><W42/><G111/><T35/><D122/><U32/><E133/><V86/><F72/><W130/><G39/><T89/><D134/><U47/><E113/><N who="2" m="43627" /><F65/><W61/><G132/><T109/><D109/><U23/><E32/><N who="2" m="20583" /><F45/><W6/><G6/><T94/><D124/><U116/><E116/><V110/><F110/><W37/><G37/><T120/><D120/><U0/><E101/><V20/><F20/><W103/><G53/><N who="2" m="19977" /><F4/><W48/><G48/><T44/><D44/><U74/><E74/><V38/><F38/><W15/><G126/><T129/><D22/><U107/><E107/><V77/><F77/><W27/><G27/><T3/><D35/><U92/><REACH who="1" step="1"/><E51/><REACH who="1" ten="215,97,543,135" step="2"/><V100/><F100/><W118/><G118/><T123/><D33/><U13/><E13/><V16/><F16/><W7/><G15/><T115/><D14/><U117/><E117/><V57/><F57/><W41/><G104/><T62/><D115/><U19/><E19/><V75/><F75/><W28/><G7/><T63/><D123/><U81/><E81/><AGARI ba="0,1" hai="9,11,81,86,88" m="19977,20583,43627" machi="81" ten="30,2000,0" yaku="15,1,54,1" doraHai="36" who="2" fromWho="1" sc="215,0,97,-20,543,30,135,0" /><INIT seed="5,0,0,1,3,50" ten="215,77,573,135" oya="1" hai0="5,19,85,11,101,75,79,64,14,132,123,127,81" hai1="31,3,43,80,76,95,97,73,7,41,53,117,74" hai2="23,27,2,61,109,40,54,105,8,121,89,21,17" hai3="49,55,91,83,72,28,129,42,12,115,124,0,13"/><U20/><E117/><V108/><F105/><W26/><G0/><T92/><D132/><U10/><E74/><V66/><F121/><W110/><G110/><T67/><D127/><U47/><E31/><V51/><F40/><W32/><G124/><T99/><D123/><U46/><E20/><V87/><F21/><W84/><G129/><T120/><D120/><U25/><E25/><V104/><F104/><W125/><G115/><T33/><D33/><U57/><E43/><V37/><F37/><W128/><G128/><T94/><D92/><U131/><E41/><V45/><F8/><W111/><G111/><T93/><D94/><U34/><E34/><V69/><F2/><W122/><G122/><T65/><D75/><U62/><REACH who="1" step="1"/><E131/><REACH who="1" ten="215,67,573,135" step="2"/><V90/><F108/><W63/><G125/><T15/><D65/><U130/><E130/><V59/><F109/><W22/><G72/><T18/><D64/><U112/><E112/><V78/><F66/><W134/><G134/><T6/><D67/><U36/><E36/><V113/><F113/><W16/><G42/><T107/><D107/><U126/><E126/><V68/><F23/><AGARI ba="0,1" hai="5,6,11,14,15,18,19,23,79,81,85,93,99,101" machi="23" ten="30,2000,0" yaku="7,1,8,1" doraHai="50" who="0" fromWho="2" sc="215,30,67,0,573,-20,135,0" /><INIT seed="6,0,0,3,0,13" ten="245,67,553,135" oya="2" hai0="70,129,120,104,93,9,82,50,100,23,40,91,25" hai1="99,60,54,130,115,28,24,85,45,69,76,18,59" hai2="16,71,102,113,106,6,29,26,123,39,11,98,38" hai3="32,14,33,133,73,80,117,31,107,41,89,122,126"/><V109/><F123/><W86/><G122/><T74/><D120/><U101/><E115/><V55/><F71/><W57/><G117/><T81/><D129/><U47/><E130/><V114/><F109/><W132/><G126/><T79/><D81/><U8/><E69/><V20/><F55/><W135/><G107/><T53/><D40/><U97/><E76/><V61/><F61/><W35/><G73/><T21/><D70/><U48/><E85/><V68/><F29/><W90/><G41/><T75/><D75/><U52/><E47/><V134/><F134/><W37/><G37/><T105/><D9/><U125/><E125/><V108/><F68/><W103/><G103/><T49/><D49/><U67/><E54/><V118/><F118/><W22/><G57/><T111/><D111/><U78/><E78/><V4/><F108/><W2/><G2/><T87/><D23/><U0/><E101/><V7/><F11/><W30/><G89/><T51/><D104/><U77/><E77/><V1/><F1/><W36/><G36/><T127/><D53/><U124/><E124/><V62/><F62/><W112/><G112/><AGARI ba="0,0" hai="4,6,7,16,20,26,38,39,98,102,106,112,113,114" machi="112" ten="40,7700,0" yaku="15,1,52,1,54,1" doraHai="13" who="2" fromWho="3" sc="245,0,67,0,553,77,135,-77" /><INIT seed="6,1,0,5,2,44" ten="245,67,630,58" oya="2" hai0="128,98,63,112,4,113,15,95,135,91,19,71,106" hai1="81,17,133,69,123,75,23,110,99,16,59,47,35" hai2="7,126,21,52,78,96,12,2,79,53,115,13,28" hai3="120,9,40,6,105,49,55,130,45,18,24,11,104"/><V3/><F126/><W8/><G120/><T111/><D111/><U103/><E110/><V82/><F115/><N who="0" m="44106" /><D135/><U97/><E69/><V67/><F67/><W117/><G117/><T89/><D106/><U61/><E35/><V1/><F96/><W124/><G124/><T65/><D4/><U58/><E123/><V57/><F53/><W62/><G130/><T73/><D73/><U33/><E33/><V102/><F102/><W88/><G6/><T108/><D108/><U119/><E99/><V27/><F7/><W37/><G62/><T109/><D109/><U77/><E133/><V129/><F129/><W101/><G101/><N who="0" m="60639" /><D128/><U122/><E119/><V31/><F3/><W29/><G18/><T90/><D89/><U32/><E32/><V68/><F31/><W42/><G88/><T93/><D93/><U30/><E122/><V25/><F28/><W66/><G66/><T84/><D84/><U70/><E30/><V38/><F2/><W50/><G37/><T114/><D114/><U10/><E17/><V20/><F38/><W94/><G94/><T26/><D26/><U41/><E97/><V22/><F1/><W0/><G0/><T76/><D76/><N who="2" m="29226" /><F82/><W46/><G55/><T121/><D121/><U14/><E103/><V54/><F54/><W132/><G132/><T92/><D92/><U72/><E72/><V60/><F27/><W34/><AGARI ba="1,0" hai="8,9,11,24,29,34,40,42,45,46,49,50,104,105" machi="34" ten="30,7900,0" yaku="0,1,9,1,52,2" doraHai="44" who="3" fromWho="3" sc="245,-21,67,-21,630,-40,58,82" /><INIT seed="7,0,0,5,3,33" ten="224,46,590,140" oya="3" hai0="11,20,24,123,94,91,41,14,110,30,17,63,81" hai1="59,116,19,83,7,97,37,16,132,48,8,40,27" hai2="103,134,3,73,21,115,6,72,56,58,92,114,122" hai3="90,26,62,129,53,9,39,64,42,51,80,78,45"/><W66/><G129/><T88/><D110/><U52/><E132/><V86/><F122/><W22/><G90/><T121/><D41/><U36/><E116/><V10/><F134/><W111/><G111/><T118/><D118/><U46/><E37/><V127/><F127/><W35/><G35/><T0/><D0/><U96/><E83/><V18/><F86/><W108/><G108/><T31/><D31/><U70/><E70/><V55/><F92/><W109/><G109/><T50/><D50/><U95/><E27/><V1/><F1/><W75/><G62/><T105/><D105/><U99/><REACH who="1" step="1"/><E95/><REACH who="1" ten="224,36,590,140" step="2"/><V57/><F103/><W32/><G32/><T120/><D81/><U68/><E68/><V34/><F34/><W128/><G128/><T60/><D94/><U43/><E43/><V82/><F82/><W71/><G71/><T54/><D24/><U5/><E5/><V131/><F131/><W126/><G39/><T38/><D38/><U12/><AGARI ba="0,1" hai="7,8,12,16,19,36,40,46,48,52,59,96,97,99" machi="12" ten="30,7900,0" yaku="1,1,0,1,54,2,53,0" doraHai="33" doraHaiUra="113" who="1" fromWho="1" sc="224,-20,36,89,590,-20,140,-39" owari="204,0.0,125,-27.0,570,67.0,101,-40.0" /></mjloggm>