<mjloggm ver="2.3"><GO type="169" lobby="0"/><UN n0="%E3%83%AB%E3%82%A2%E3%82%B4%E3%82%A4%E3%83%95" n1="%E3%82%82%E3%81%BF%E3%81%95%E3%81%92" n2="%E3%81%A1%E3%81%A3%E3%81%93%E3%82%8C%40" n3="%E8%A5%BF%E9%83%B7" dan="16,16,16,16" rate="2152.88,2059.06,2107.62,2086.64" sx="M,M,M,M"/><TAIKYOKU oya="0"/><INIT seed="0,0,0,1,3,113" ten="250,250,250,250" oya="0" hai0="132,133,126,86,115,68,42,28,124,83,7,39,30" hai1="31,114,125,100,128,29,105,50,66,93,106,104,53" hai2="35,8,80,54,34,97,0,56,130,65,18,99,46" hai3="116,96,92,107,78,90,117,88,98,103,12,74,32"/><T67/><D115/><U112/><E66/><V21/><F130/><W49/><G32/><T16/><D7/><U120/><E120/><V1/><F80/><N who="3" m="45143" /><G12/><T87/><D68/><U23/><E125/><N who="0" m="48233" /><D67/><U123/><E128/><V2/><F8/><W17/><G17/><T94/><D94/><U129/><E123/><V110/><F110/><W73/><G49/><T95/><D95/><U24/><E31/><N who="0" m="11817" /><D83/><U20/><E20/><V25/><F35/><W127/><G127/><T6/><D6/><U111/><E111/><V40/><F34/><W4/><G4/><T122/><D122/><U14/><E14/><V47/><F65/><W102/><G73/><T121/><D121/><U57/><E129/><V119/><F0/><W108/><G108/><T63/><D63/><U84/><E114/><V134/><F2/><W44/><G44/><N who="0" m="23647" /><D16/><U72/><E112/><V77/><F18/><W62/><G62/><T11/><D11/><U9/><E9/><V59/><F46/><W55/><G55/><T69/><D69/><U79/><E53/><V5/><F47/><W109/><G109/><T76/><D76/><U10/><E79/><V51/><F54/><W43/><G43/><T15/><D15/><U91/><E10/><V41/><F40/><W131/><G131/><T64/><D64/><U36/><E72/><V85/><F41/><W60/><G60/><T81/><D81/><U61/><E61/><V19/><F5/><W48/><G48/><T70/><D70/><U58/><E50/><V75/><F51/><W82/><G82/><T89/><D89/><AGARI ba="0,0" hai="88,89,90,92,96,98,102,103,107,116,117" m="45143" machi="89" ten="30,8000,1" yaku="34,2,52,2,54,1" doraHai="113" who="3" fromWho="0" sc="250,-80,250,0,250,0,250,80" /><INIT seed="1,0,0,2,2,75" ten="170,250,250,330" oya="1" hai0="12,63,53,122,78,102,90,97,86,74,70,62,100" hai1="127,135,29,48,4,71,42,15,112,64,40,17,69" hai2="104,105,45,18,79,59,60,73,38,2,25,58,91" hai3="65,55,88,44,84,52,98,129,32,123,46,0,21"/><U113/><E29/><V83/><F2/><W95/><G129/><T10/><D122/><U54/><E4/><V50/><F38/><W47/><G32/><T114/><D114/><U103/><E103/><V77/><F91/><W118/><G0/><T119/><D119/><U125/><E17/><V3/><F3/><W13/><G123/><T111/><D111/><U39/><E15/><V14/><F25/><W134/><G134/><T5/><D70/><N who="1" m="26635" /><E64/><V101/><F79/><W28/><G118/><T35/><D35/><U51/><E135/><V43/><F101/><W31/><G65/><T49/><D74/><U41/><E39/><V23/><REACH who="2" step="1"/><F59/><REACH who="2" ten="170,250,240,330" step="2"/><W36/><G36/><T87/><D78/><U61/><E113/><V96/><F96/><W85/><G98/><T26/><D26/><U94/><E112/><V107/><F107/><W89/><G13/><T126/><D100/><U82/><E82/><V116/><F116/><W27/><G31/><T68/><D102/><U108/><E94/><AGARI ba="0,1" hai="21,27,28,44,46,47,52,55,84,85,88,89,94,95" machi="94" ten="40,8000,1" yaku="9,1,8,1,54,2" doraHai="75" who="3" fromWho="1" sc="170,0,250,-80,240,0,330,90" /><INIT seed="2,0,0,1,1,71" ten="170,170,240,420" oya="2" hai0="73,18,61,50,31,121,86,120,14,15,49,132,46" hai1="134,111,39,126,63,12,125,45,135,78,59,90,4" hai2="103,98,48,87,97,79,114,105,110,5,38,32,89" hai3="101,19,43,131,124,29,104,21,65,127,41,55,76"/><V77/><F32/><W42/><G131/><T10/><D132/><N who="1" m="50731" /><E78/><N who="2" m="29707" /><F38/><W58/><G65/><T68/><D73/><U81/><E81/><N who="2" m="49391" /><F48/><W84/><G29/><T30/><D86/><U119/><E90/><V52/><F5/><W99/><G84/><T88/><D88/><U16/><E4/><V85/><F52/><W118/><G76/><T106/><D106/><U26/><E26/><V109/><F114/><W7/><G7/><T113/><D113/><U53/><E119/><V62/><F62/><W0/><G0/><T57/><D68/><U44/><E111/><N who="2" m="42507" /><F85/><W35/><G35/><T47/><D18/><U3/><E3/><V67/><F67/><W116/><G58/><T25/><D25/><U83/><E83/><V22/><F22/><W112/><G55/><T13/><D57/><U115/><E115/><V27/><F27/><W129/><G112/><T24/><D24/><U75/><E75/><V91/><F91/><W20/><G20/><T95/><D61/><U17/><E17/><V93/><F98/><W1/><G1/><T28/><D10/><N who="1" m="6167" /><E45/><V102/><F102/><W66/><G19/><T69/><D69/><U80/><E80/><V122/><F122/><N who="0" m="47210" /><D47/><U34/><E34/><V133/><F133/><W72/><G72/><T54/><D49/><U123/><E123/><V37/><F37/><W23/><G23/><T130/><D130/><U64/><E64/><V96/><F96/><W128/><G21/><T2/><D2/><U94/><E94/><AGARI ba="0,0" hai="93,94,97,103,105" m="42507,49391,29707" machi="94" ten="30,11600,0" yaku="14,1,10,1,34,2" doraHai="71" who="2" fromWho="1" sc="170,0,170,-116,240,116,420,0" /><INIT seed="2,1,0,2,3,2" ten="170,54,356,420" oya="2" hai0="77,71,132,4,68,120,103,0,58,8,62,106,21" hai1="36,81,73,72,118,64,78,95,134,135,39,19,124" hai2="116,96,22,50,40,52,119,30,117,33,97,57,112" hai3="13,31,67,131,126,26,99,83,94,15,108,48,75"/><V128/><F112/><W105/><G105/><T6/><D120/><U16/><E118/><V56/><F128/><W49/><G108/><T14/><D132/><N who="1" m="50731" /><E124/><V47/><F33/><W38/><G38/><N who="1" m="14378" /><E64/><V41/><F57/><W130/><G67/><T63/><D77/><U82/><E95/><V27/><REACH who="2" step="1"/><F40/><REACH who="2" ten="170,54,346,420" step="2"/><W125/><G131/><T79/><D58/><U101/><E101/><V45/><F45/><W35/><G130/><T65/><D103/><U60/><E60/><AGARI ba="1,1" hai="22,27,30,41,47,50,52,56,60,96,97,116,117,119" machi="60" ten="40,3900,0" yaku="1,1,54,1,53,0" doraHai="2" doraHaiUra="89" who="2" fromWho="1" sc="170,0,54,-42,346,52,420,0" /><INIT seed="2,2,0,1,1,17" ten="170,12,398,420" oya="2" hai0="101,40,78,119,60,74,95,129,88,61,114,67,21" hai1="86,127,52,72,107,110,10,27,115,0,63,68,46" hai2="62,103,16,33,34,80,25,38,85,132,118,20,79" hai3="117,19,122,71,77,3,39,37,130,45,84,98,133"/><V113/><F118/><W58/><G122/><T2/><D114/><U32/><E115/><V54/><F113/><W100/><G71/><T53/><D119/><U123/><E72/><V49/><F38/><W125/><G117/><T91/><D2/><U56/><E107/><V64/><F132/><W8/><G133/><T42/><D129/><U93/><E110/><V97/><F49/><W57/><G130/><T22/><D101/><U81/><E127/><V43/><F54/><W15/><G125/><T65/><D53/><U9/><E123/><V83/><F80/><W29/><G29/><T48/><D48/><U59/><E0/><V35/><F43/><W126/><G126/><T50/><D50/><U66/><E93/><V41/><F41/><W4/><G45/><T111/><D111/><U94/><E94/><V89/><F79/><W24/><G24/><T90/><D95/><U11/><E32/><V135/><F135/><W124/><G124/><T76/><D90/><U106/><E106/><V26/><F26/><W7/><G39/><T134/><D134/><U1/><E1/><V14/><F25/><W108/><G37/><T102/><D102/><U128/><E128/><V28/><F28/><W23/><G7/><T82/><D82/><U31/><E31/><V51/><F51/><W30/><G30/><T5/><D5/><U104/><E104/><N who="2" m="63599" /><F35/><W121/><G108/><T116/><D116/><U109/><E109/><V112/><F112/><W99/><G121/><T96/><D74/><U6/><E6/><V120/><F120/><W69/><G69/><T12/><D96/><RYUUKYOKU ba="2,0" sc="170,15,12,-15,398,15,420,-15" hai0="12,21,22,40,42,60,61,65,67,76,78,88,91" hai2="14,16,20,33,34,62,64,83,85,89" owari="185,-21.0,-3,-50.0,413,50.0,405,21.0" /></mjloggm>