<mjloggm ver="2.3"><GO type="169" lobby="0"/><UN n0="%E7%88%86%E7%89%8C%E3%82%A6%E3%82%B7%E3%82%B8%E3%83%9E%E3%81%8F%E3%82%93" n1="%4D%6B%72%74%72" n2="%6A%61%63%6F%62%69%33%35" n3="%74%61%6B%65%2D%79%6F%75" dan="16,16,17,17" rate="2183.49,2072.84,2185.65,2198.57" sx="M,M,M,M"/><TAIKYOKU oya="0"/><INIT seed="0,0,0,5,5,2" ten="250,250,250,250" oya="0" hai0="89,37,92,116,122,75,26,73,105,128,28,115,51" hai1="121,47,7,86,87,57,0,48,16,99,64,18,49" hai2="23,104,10,52,70,132,30,69,133,106,118,20,39" hai3="108,114,81,42,126,13,27,119,66,110,103,95,91"/><T77/><D37/><U60/><E121/><V34/><F39/><W90/><G114/><T94/><D115/><U46/><E99/><V129/><F34/><W43/><G119/><T113/><D113/><U78/><E0/><V111/><F111/><N who="3" m="42539" /><G126/><T36/><D36/><U53/><E7/><V50/><F129/><W74/><G66/><T3/><D3/><U101/><E101/><V93/><F93/><W38/><G103/><T14/><D105/><U56/><E78/><V12/><F118/><W79/><G27/><T17/><D77/><U84/><REACH who="1" step="1"/><E56/><REACH who="1" ten="250,240,250,250" step="2"/><V107/><F70/><W88/><G79/><T29/><D122/><U85/><N who="1" m="21504" /><DORA hai="6" /><U96/><E96/><V15/><F69/><W130/><G81/><T82/><D82/><U55/><AGARI ba="0,1" hai="16,18,46,47,48,49,53,55,57,60,64" m="21504" machi="55" ten="40,12000,2" yaku="1,1,0,1,9,1,8,1,54,1,53,1" doraHai="2,6" doraHaiUra="59,123" who="1" fromWho="1" sc="250,-60,240,130,250,-30,250,-30" /><INIT seed="1,0,0,5,2,45" ten="190,370,220,220" oya="1" hai0="133,64,135,124,88,115,92,111,57,91,76,41,119" hai1="103,48,121,130,63,132,39,52,0,126,6,14,134" hai2="125,123,11,2,30,40,49,34,17,84,96,35,128" hai3="129,85,73,24,71,18,28,83,74,3,10,19,33"/><U65/><E121/><V70/><F70/><W46/><G71/><T9/><D115/><U131/><E0/><V94/><F123/><W118/><G129/><N who="1" m="49162" /><E39/><V37/><F125/><W26/><G118/><T42/><D119/><U21/><E103/><V47/><F128/><W56/><G56/><T58/><D76/><U120/><E120/><V5/><F30/><W112/><G112/><T53/><D124/><U23/><E126/><V51/><F84/><W25/><G25/><T1/><D1/><U127/><E127/><V110/><F110/><W102/><G102/><T90/><D111/><U36/><E36/><V13/><F35/><W101/><G101/><T54/><D9/><N who="1" m="4407" /><E63/><V100/><REACH who="2" step="1"/><F34/><REACH who="2" ten="190,370,210,220" step="2"/><W62/><G33/><T113/><D113/><U122/><E122/><V114/><F114/><W97/><G28/><T27/><D133/><N who="1" m="51307" /><E65/><V98/><F98/><W86/><G97/><T7/><D64/><U107/><E107/><V89/><F89/><W8/><G86/><T117/><D90/><U75/><E75/><V67/><F67/><W81/><G85/><T80/><D135/><U61/><E61/><V105/><F105/><W50/><G62/><T72/><D72/><U38/><E38/><V31/><F31/><W66/><G66/><T109/><D91/><U77/><E77/><V29/><F29/><W95/><G73/><T4/><D88/><U22/><E22/><AGARI ba="0,1" hai="2,5,11,13,17,22,37,40,47,49,51,94,96,100" machi="22" ten="30,7700,0" yaku="1,1,7,1,52,2,53,0" doraHai="45" doraHaiUra="79" who="2" fromWho="1" sc="190,0,370,-77,210,87,220,0" /><INIT seed="2,0,0,5,2,87" ten="190,293,297,220" oya="2" hai0="109,117,39,13,101,16,108,59,55,58,104,35,91" hai1="23,56,37,47,14,64,6,10,52,72,50,48,88" hai2="68,131,71,30,105,65,121,31,119,106,123,25,9" hai3="103,73,111,62,129,102,69,82,84,100,4,83,18"/><V12/><F119/><W70/><G111/><N who="0" m="42571" /><D117/><U36/><E72/><V19/><F131/><W74/><G129/><T133/><D35/><U79/><E79/><V130/><F130/><W54/><G4/><T115/><D115/><U97/><E23/><V41/><F41/><W27/><G18/><T2/><D2/><U75/><E75/><V34/><F31/><W92/><G27/><T22/><D39/><U63/><REACH who="1" step="1"/><E50/><REACH who="1" ten="190,283,297,220" step="2"/><V125/><F121/><W49/><G74/><T32/><D32/><U17/><E17/><V113/><F123/><W90/><G73/><T43/><D22/><U57/><E57/><V95/><F19/><W107/><G70/><T118/><D58/><U76/><E76/><V51/><F68/><W8/><G69/><T11/><D59/><U5/><E5/><V110/><F110/><W122/><G122/><T81/><D16/><U78/><E78/><V53/><F71/><W116/><G116/><T80/><D118/><U3/><E3/><V132/><F51/><W124/><G49/><T67/><D13/><U15/><E15/><V112/><F12/><W33/><G33/><T44/><D44/><U60/><E60/><V99/><F34/><W1/><G62/><T127/><D11/><U135/><E135/><V46/><F132/><W24/><G1/><T7/><D133/><U21/><E21/><V45/><F45/><W40/><G8/><T42/><D7/><U28/><E28/><V126/><F46/><W134/><G24/><T128/><D128/><U93/><AGARI ba="0,1" hai="6,10,14,36,37,47,48,52,56,63,64,88,93,97" machi="93" ten="30,8000,1" yaku="1,1,0,1,52,1,54,2,53,0" doraHai="87" doraHaiUra="26" who="1" fromWho="1" sc="190,-20,283,90,297,-40,220,-20" /><INIT seed="3,0,0,3,3,106" ten="170,373,257,200" oya="3" hai0="2,22,28,7,69,76,6,72,104,21,59,87,123" hai1="49,127,79,101,102,88,81,78,44,99,96,3,45" hai2="117,16,55,77,84,91,63,111,40,125,86,41,113" hai3="100,53,92,121,42,93,46,13,51,85,129,32,134"/><W25/><G121/><T133/><D69/><U97/><E3/><V61/><F113/><W103/><G129/><T30/><D104/><U67/><E127/><V24/><F111/><W0/><G0/><T74/><D2/><U71/><E44/><V131/><F125/><W38/><G134/><T58/><D87/><N who="1" m="50287" /><E67/><V15/><F117/><W126/><G126/><T18/><D18/><U116/><E71/><V122/><F131/><W39/><G32/><T19/><D19/><U34/><E34/><V43/><F24/><W1/><G1/><T120/><REACH who="0" step="1"/><D76/><REACH who="0" ten="160,373,257,200" step="2"/><N who="1" m="29227" /><E116/><V98/><F77/><W89/><G85/><T36/><D36/><U73/><E73/><V135/><F135/><AGARI ba="0,1" hai="6,7,21,22,28,30,58,59,72,74,120,123,133,135" machi="135" ten="25,8000,1" yaku="1,1,22,2,52,2,53,0" doraHai="106" doraHaiUra="95" who="0" fromWho="2" sc="160,90,373,0,257,-80,200,0" /><INIT seed="4,0,0,2,1,98" ten="250,373,177,200" oya="0" hai0="114,78,29,45,69,9,28,68,38,51,113,81,79" hai1="35,93,17,127,57,82,77,30,10,65,100,119,134" hai2="97,106,49,121,66,107,130,16,5,3,133,123,18" hai3="90,13,56,46,72,111,24,47,62,108,60,80,8"/><T122/><D122/><U59/><E119/><V83/><F133/><W84/><G72/><T7/><D38/><U71/><E71/><V64/><F130/><W132/><G132/><T117/><D117/><U1/><E65/><V6/><F3/><W96/><G111/><T118/><D118/><U44/><E44/><V116/><F116/><W105/><G108/><T2/><D29/><U20/><E127/><V53/><F97/><W15/><G24/><T22/><D28/><U21/><E21/><V0/><F0/><W126/><G126/><T50/><D22/><U36/><E93/><V70/><F83/><W41/><G15/><T61/><D51/><U91/><E91/><V135/><F135/><W129/><G129/><T33/><D33/><U94/><E36/><V34/><F49/><W104/><G60/><T52/><D78/><U99/><E134/><V4/><F53/><W112/><G112/><N who="0" m="43115" /><D61/><U86/><E30/><V128/><F128/><W19/><G41/><T42/><D42/><U27/><E35/><V43/><F43/><W67/><REACH who="3" step="1"/><G105/><REACH who="3" ten="250,373,177,190" step="2"/><T101/><D2/><U102/><E1/><V92/><F107/><W37/><G37/><T103/><D69/><U58/><E27/><V11/><F70/><W75/><G75/><N who="0" m="43263" /><D68/><U85/><E20/><V74/><F34/><W88/><G88/><T115/><D115/><U124/><E124/><V95/><F74/><W131/><G131/><T32/><D32/><U110/><E110/><V76/><F76/><W125/><G125/><T73/><D73/><U55/><E77/><V40/><F40/><W120/><G120/><RYUUKYOKU ba="0,1" sc="250,15,373,-15,177,-15,190,15" hai0="7,9,45,50,52,101,103" hai3="8,13,19,46,47,56,62,67,80,84,90,96,104" /><INIT seed="4,1,1,0,0,35" ten="265,358,162,205" oya="0" hai0="48,76,88,42,57,111,129,68,10,124,91,34,81" hai1="19,67,87,74,15,98,14,125,2,4,26,44,63" hai2="37,113,64,92,20,109,95,102,0,83,93,46,121" hai3="5,122,59,18,25,117,33,1,90,80,116,30,12"/><T104/><D68/><U135/><E74/><V127/><F121/><W84/><G59/><T126/><D34/><U23/><E135/><V100/><F109/><W132/><G132/><T118/><D118/><U52/><E125/><N who="0" m="48233" /><D104/><U28/><E98/><V61/><F127/><W130/><G130/><T3/><D129/><U36/><E87/><V105/><F83/><W40/><G40/><T60/><D111/><U96/><E96/><V133/><F105/><W50/><G50/><T66/><D42/><U73/><E73/><V70/><F113/><W77/><G77/><T71/><D48/><U9/><E36/><V108/><F108/><W115/><G115/><T49/><D49/><N who="1" m="28711" /><E2/><V69/><F69/><W11/><REACH who="3" step="1"/><G122/><REACH who="3" ten="265,358,162,195" step="2"/><T39/><D57/><U128/><E128/><V62/><F133/><W27/><G27/><T47/><D47/><U110/><E110/><V17/><F46/><W55/><G55/><T65/><D65/><U106/><E67/><V103/><F37/><W89/><G89/><T120/><D39/><U32/><E63/><V75/><F62/><W22/><AGARI ba="1,2" hai="1,5,11,12,18,22,25,30,33,80,84,90,116,117" machi="22" ten="20,16000,3" yaku="1,1,0,1,7,1,24,2,52,1,53,2" doraHai="35" doraHaiUra="114" who="3" fromWho="3" sc="265,-81,358,-41,162,-41,195,183" /><INIT seed="5,0,0,2,3,94" ten="184,317,121,378" oya="1" hai0="76,2,101,34,115,86,17,81,18,122,132,119,22" hai1="27,73,19,16,74,30,103,59,13,57,135,112,49" hai2="5,1,84,14,25,126,79,64,130,37,50,40,11" hai3="95,121,106,83,77,100,3,109,104,92,65,75,38"/><U47/><E112/><V102/><F126/><W52/><G121/><T72/><D115/><U33/><E135/><V96/><F130/><W32/><G109/><T98/><D34/><U39/><E39/><V129/><F129/><W131/><G131/><T93/><D132/><U53/><E103/><V51/><F1/><W62/><G3/><T89/><D2/><U7/><E7/><V43/><F64/><W87/><G38/><T68/><D68/><U85/><E19/><V105/><F25/><W90/><G32/><T10/><D122/><U63/><E85/><V134/><F134/><W45/><G92/><T12/><D119/><U116/><E116/><V58/><F58/><W69/><REACH who="3" step="1"/><G100/><REACH who="3" ten="184,317,121,368" step="2"/><T20/><REACH who="0" step="1"/><D18/><REACH who="0" ten="174,317,121,368" step="2"/><U70/><E16/><V66/><F37/><W123/><G123/><T120/><D120/><U46/><E33/><V108/><F108/><W36/><G36/><T107/><AGARI ba="0,2" hai="10,12,17,20,22,72,76,81,86,89,93,98,101,107" machi="107" ten="20,12000,2" yaku="1,1,0,1,7,1,24,2,52,1,53,0" doraHai="94" doraHaiUra="60" who="0" fromWho="0" sc="174,140,317,-60,121,-30,368,-30" /><INIT seed="6,0,0,5,5,126" ten="314,257,91,338" oya="2" hai0="28,80,76,117,59,30,34,57,65,97,110,70,43" hai1="129,66,35,91,87,26,12,102,121,46,50,62,123" hai2="89,131,124,6,115,105,132,114,42,40,49,113,60" hai3="93,77,5,18,81,45,130,31,54,79,99,133,88"/><V86/><F124/><W82/><G133/><T8/><D110/><U111/><E111/><V58/><F132/><W98/><G130/><T13/><D70/><U1/><E1/><V61/><F131/><W44/><G31/><T73/><D117/><U125/><E125/><V47/><F105/><W108/><G108/><T16/><D43/><U107/><E129/><V101/><F101/><W64/><G64/><T94/><D34/><U135/><E135/><V85/><F6/><W48/><G5/><T74/><D74/><U127/><E127/><V29/><F29/><W51/><G18/><T72/><D72/><U4/><E26/><V36/><F85/><W109/><G109/><T96/><D96/><U69/><E35/><V68/><F68/><W22/><G22/><T20/><D65/><U3/><E3/><V90/><F90/><W21/><G21/><T134/><D134/><U67/><E67/><V33/><F33/><W120/><G120/><N who="1" m="46154" /><E102/><V9/><F9/><W2/><G2/><T83/><D83/><N who="3" m="31753" /><G99/><T38/><D38/><U27/><E27/><V63/><F36/><W39/><G39/><T104/><D104/><U55/><E107/><V122/><F122/><W32/><G32/><T92/><D92/><N who="1" m="54399" /><E4/><V0/><F0/><W71/><G71/><T37/><D37/><U15/><AGARI ba="0,0" hai="12,15,46,50,55,62,66,69" m="54399,46154" machi="15" ten="30,1100,0" yaku="13,1" doraHai="126" who="1" fromWho="1" sc="314,-3,257,11,91,-5,338,-3" /><INIT seed="7,0,0,5,0,27" ten="311,268,86,335" oya="3" hai0="73,70,3,98,45,109,18,87,132,22,25,52,48" hai1="106,76,58,67,11,19,99,47,91,81,60,64,119" hai2="50,7,78,38,71,41,43,1,65,107,83,95,115" hai3="84,94,12,33,86,59,82,108,35,21,100,133,121"/><W131/><G121/><T113/><D73/><U29/><E119/><V30/><F95/><W92/><G131/><T127/><D109/><U44/><E64/><V49/><F65/><W37/><G37/><T128/><D70/><U13/><E106/><V125/><F107/><W93/><G108/><T55/><D3/><U116/><E116/><V102/><F38/><W85/><G133/><T26/><D128/><U89/><E29/><V69/><F1/><W23/><G100/><T14/><D132/><U56/><E56/><V134/><F134/><W123/><G123/><T126/><D98/><U20/><E89/><V124/><F102/><W135/><G135/><T110/><D110/><U17/><E99/><V9/><F9/><W6/><G59/><T130/><D130/><U103/><E91/><V75/><F75/><W120/><G120/><T4/><D113/><U46/><E103/><V53/><F53/><W104/><G104/><T111/><D111/><U32/><E32/><V101/><F101/><W63/><G63/><T39/><D39/><U51/><E51/><V31/><F7/><W80/><G6/><T15/><D87/><U8/><REACH who="1" step="1"/><E19/><REACH who="1" ten="311,258,86,335" step="2"/><V117/><F117/><W2/><G35/><T24/><D55/><U96/><E96/><V97/><F97/><W68/><G33/><T129/><D129/><U66/><E66/><V77/><REACH who="2" step="1"/><F83/><REACH who="2" ten="311,258,76,335" step="2"/><W54/><G82/><T34/><D4/><U61/><E61/><V112/><AGARI ba="0,2" hai="30,31,41,43,49,50,69,71,77,78,112,115,124,125" machi="112" ten="25,12000,2" yaku="1,1,2,1,0,1,22,2,52,2,53,0" doraHai="27" doraHaiUra="40" who="2" fromWho="2" sc="311,-30,258,-30,76,140,335,-60" /><INIT seed="8,0,0,2,1,88" ten="281,228,216,275" oya="0" hai0="133,81,77,75,83,22,43,87,2,52,90,68,40" hai1="65,13,104,4,135,58,45,89,111,119,130,96,14" hai2="47,74,114,48,109,17,108,36,44,31,7,26,118" hai3="59,99,12,103,107,27,51,21,19,123,71,78,91"/><T95/><D68/><U16/><E111/><V20/><F114/><W92/><G71/><T55/><D2/><U63/><E119/><V32/><F118/><W5/><G123/><T67/><D133/><U76/><E135/><V15/><F74/><W34/><G78/><T79/><D67/><U94/><E130/><V23/><F23/><W42/><G34/><T10/><D10/><N who="1" m="4295" /><E104/><V60/><F7/><W64/><G42/><T117/><D117/><U54/><E76/><V116/><F116/><W37/><G37/><T41/><D22/><N who="1" m="11543" /><E45/><V46/><F36/><W57/><G64/><AGARI ba="0,0" hai="54,58,63,64,65,89,94,96" m="11543,4295" machi="64" ten="30,3900,0" yaku="8,1,52,1,54,1" doraHai="88" who="1" fromWho="3" sc="281,0,228,39,216,0,275,-39" /><INIT seed="9,0,0,0,4,64" ten="281,267,216,236" oya="1" hai0="93,129,67,31,92,82,48,105,27,131,62,135,114" hai1="78,42,125,14,16,128,20,29,124,54,121,22,133" hai2="72,130,25,123,50,19,97,24,116,44,37,61,21" hai3="87,111,34,36,74,53,103,28,68,75,119,35,80"/><U69/><E121/><V120/><F116/><W17/><G111/><T12/><D114/><U49/><E42/><V40/><F130/><N who="0" m="49674" /><D105/><U106/><E128/><V112/><F112/><W134/><G36/><T76/><D48/><U100/><E78/><V84/><F72/><W71/><G119/><T70/><D12/><U4/><E4/><V1/><F1/><W89/><G134/><T101/><D101/><U113/><E113/><V11/><F37/><W96/><G17/><T57/><D57/><U52/><E69/><N who="3" m="26698" /><G53/><T115/><D135/><U58/><E133/><V56/><F11/><W8/><G8/><T88/><D88/><U90/><E90/><V122/><F84/><W7/><G7/><T117/><D117/><U108/><E108/><V126/><F126/><N who="1" m="48745" /><E54/><V5/><F5/><W99/><G75/><N who="0" m="43295" /><D115/><U30/><E22/><AGARI ba="0,0" hai="22,27,31,62,67,70,92,93" m="43295,49674" machi="22" ten="30,2000,0" yaku="19,1,52,1" doraHai="64" who="0" fromWho="1" sc="281,20,267,-20,216,0,236,0" owari="301,39.0,247,5.0,216,-28.0,236,-16.0" /></mjloggm>