<mjloggm ver="2.3"><GO type="169" lobby="0"/><UN n0="%E7%A9%B4%E3%81%BD%E3%81%93%E4%BB%99%E4%BA%BA" n1="%E5%90%89%E7%B1%B3%E8%80%81%E5%B8%AB" n2="%E4%BD%90%E3%80%85%E6%9C%A8%E5%AF%BF%E4%BA%BA%50" n3="%E3%82%A8%E3%82%B9%E3%82%BF%E3%83%BC" dan="16,16,16,17" rate="2160.52,2072.51,2184.80,2175.97" sx="M,M,M,M"/><TAIKYOKU oya="0"/><INIT seed="0,0,0,0,4,11" ten="250,250,250,250" oya="0" hai0="93,80,91,29,129,26,105,131,36,123,118,85,68" hai1="40,37,41,34,74,115,65,0,84,4,98,9,38" hai2="14,89,42,21,109,6,103,59,13,49,116,79,15" hai3="104,132,63,25,97,88,28,127,1,39,10,3,58"/><T94/><D118/><U125/><E74/><V31/><F116/><W95/><G39/><T45/><D123/><U114/><E34/><V16/><F109/><W117/><G117/><T60/><D105/><U86/><E125/><V50/><F103/><W101/><G127/><T30/><D30/><U134/><E134/><V5/><F79/><W64/><G132/><T33/><D68/><U51/><E98/><V83/><F31/><W100/><G100/><T46/><D60/><U81/><E65/><V71/><F71/><W55/><G64/><T52/><D36/><N who="1" m="13931" /><E51/><N who="2" m="19467" /><F59/><W73/><G73/><T76/><D52/><U43/><E81/><V69/><F42/><W120/><G120/><T19/><D19/><U75/><E75/><V107/><F107/><W126/><G10/><T102/><D102/><U119/><E119/><V113/><F113/><AGARI ba="0,0" hai="0,4,9,40,41,43,84,86,113,114,115" m="13931" machi="113" ten="40,1300,0" yaku="11,1" doraHai="11" who="1" fromWho="2" sc="250,0,250,13,250,-13,250,0" /><INIT seed="1,0,0,0,0,102" ten="250,263,237,250" oya="1" hai0="119,118,75,135,50,117,29,9,54,126,44,88,60" hai1="125,114,34,52,41,73,106,111,65,107,5,109,83" hai2="19,95,58,69,43,39,128,62,23,32,80,89,63" hai3="15,124,3,81,17,45,26,86,35,36,131,16,46"/><U64/><E114/><V94/><F32/><W121/><G121/><T18/><D75/><U13/><E34/><V108/><F108/><N who="1" m="41545" /><E125/><V57/><F128/><W120/><G3/><T74/><D74/><U134/><E134/><V129/><F129/><W33/><G120/><T49/><D126/><U61/><E41/><V104/><F69/><W113/><G113/><T97/><D135/><U68/><E64/><V38/><F80/><W82/><G131/><T24/><D60/><U116/><E116/><V6/><F6/><W99/><G36/><T92/><D49/><U132/><E52/><V91/><F43/><W93/><G82/><T27/><REACH who="0" step="1"/><D29/><REACH who="0" ten="240,263,237,250" step="2"/><U87/><E73/><V101/><F39/><W66/><G124/><T133/><D133/><U10/><E132/><V28/><F38/><W123/><G123/><T100/><D100/><U115/><E115/><V8/><F101/><N who="3" m="60655" /><G35/><T55/><D55/><U130/><E130/><V77/><F28/><W105/><G33/><T11/><D11/><U79/><AGARI ba="0,1" hai="5,10,13,61,65,68,79,83,87,106,107" m="41545" machi="79" ten="30,11700,0" yaku="14,1,10,1,52,2" doraHai="102" who="1" fromWho="1" sc="240,-39,263,127,237,-39,250,-39" /><INIT seed="1,1,0,2,0,7" ten="201,390,198,211" oya="1" hai0="24,130,72,114,20,33,58,101,50,92,112,77,5" hai1="135,28,49,32,18,115,123,46,76,105,31,27,22" hai2="119,82,91,102,17,47,120,12,65,13,74,84,0" hai3="95,11,19,23,93,100,90,75,113,9,103,14,26"/><U132/><E105/><V73/><F119/><W25/><G75/><T126/><D33/><U97/><E123/><V44/><F120/><W2/><G2/><T122/><D122/><U106/><E115/><V30/><F0/><W108/><G108/><T15/><D130/><U6/><E76/><V21/><F102/><N who="3" m="38955" /><G113/><T125/><D77/><U133/><E106/><V34/><F65/><W124/><G124/><N who="0" m="47723" /><D72/><U78/><E78/><V83/><F74/><W36/><G36/><T10/><D50/><U48/><E97/><V63/><F63/><W41/><G41/><T67/><D58/><U96/><E96/><V43/><F47/><W71/><G71/><T39/><D67/><U62/><E62/><V107/><F107/><W45/><G45/><T111/><D39/><U61/><E61/><V4/><F73/><W55/><G55/><T56/><D56/><U8/><E48/><V1/><F34/><W86/><G93/><T134/><D111/><U42/><REACH who="1" step="1"/><E32/><REACH who="1" ten="201,380,198,211" step="2"/><V70/><F70/><W80/><G80/><T85/><D114/><U37/><E37/><V35/><F82/><W59/><G59/><T69/><D69/><U29/><E29/><V116/><F30/><W81/><G81/><T54/><D112/><U88/><E88/><V89/><F89/><W110/><G110/><T68/><D68/><U53/><E53/><V128/><F91/><W127/><G127/><T79/><D54/><U117/><E117/><V38/><F35/><W118/><G118/><T129/><D79/><U121/><E121/><V66/><F116/><W98/><G98/><T51/><D51/><RYUUKYOKU ba="1,1" sc="201,-15,380,15,198,-15,211,15" hai1="6,8,18,22,27,28,31,42,46,49,132,133,135" hai3="9,11,14,19,23,25,26,86,90,95" /><INIT seed="1,2,1,2,5,110" ten="186,395,183,226" oya="1" hai0="57,48,28,11,88,36,119,117,121,13,102,103,68" hai1="63,14,4,101,79,34,135,12,134,76,21,107,83" hai2="37,23,91,86,43,26,93,62,124,35,99,3,65" hai3="116,90,98,2,115,66,94,111,104,32,89,113,56"/><U41/><E34/><V38/><F124/><W30/><G104/><T78/><D68/><U0/><E41/><V74/><F74/><W1/><G111/><T77/><D36/><U27/><E79/><V105/><F3/><W25/><G116/><T87/><D28/><U15/><E63/><V6/><F6/><W44/><G44/><T131/><D131/><U47/><E47/><V45/><F35/><W120/><G120/><T69/><D69/><U126/><E126/><V42/><F105/><W53/><G66/><T33/><D33/><U8/><E101/><N who="0" m="38409" /><D121/><U123/><E107/><V54/><F54/><W81/><G81/><N who="0" m="49263" /><D119/><U128/><E128/><V55/><F55/><W67/><G67/><T70/><D70/><U106/><E106/><V84/><F38/><W108/><G89/><T58/><D117/><U59/><E123/><V112/><F43/><W132/><G108/><T127/><D48/><U10/><E10/><V92/><F92/><W5/><G132/><T20/><D20/><U64/><E83/><V16/><REACH who="2" step="1"/><F112/><REACH who="2" ten="186,395,173,226" step="2"/><W40/><G40/><T60/><D127/><U125/><E125/><V100/><F100/><W114/><REACH who="3" step="1"/><G5/><REACH who="3" ten="186,395,173,216" step="2"/><N who="0" m="3311" /><D58/><AGARI ba="2,3" hai="16,23,26,37,42,45,58,62,65,84,86,91,93,99" machi="58" ten="30,3900,0" yaku="1,1,7,1,54,1,53,0" doraHai="110" doraHaiUra="7" who="2" fromWho="0" sc="186,-45,395,0,173,75,216,0" /><INIT seed="2,0,0,4,2,54" ten="141,395,248,216" oya="2" hai0="120,84,129,91,92,42,29,24,118,57,18,108,70" hai1="22,106,1,5,103,121,95,69,127,110,55,12,109" hai2="62,98,81,36,83,89,101,32,125,63,14,75,102" hai3="49,119,105,96,113,130,6,82,53,134,46,9,126"/><V97/><F32/><W88/><G119/><T111/><D120/><U45/><E69/><V65/><F36/><W133/><G113/><T61/><D70/><U64/><E64/><V58/><F125/><W13/><G126/><T15/><D42/><U35/><E35/><V107/><F75/><W10/><G130/><T100/><D100/><U23/><E127/><V71/><F89/><W131/><G131/><T19/><D129/><U25/><E106/><V85/><F85/><W86/><G105/><T38/><D38/><U11/><E121/><V135/><F135/><W37/><G37/><T60/><D60/><U31/><E95/><V44/><F44/><W20/><G96/><T51/><D51/><N who="1" m="29167" /><E103/><V56/><F71/><W0/><REACH who="3" step="1"/><G20/><REACH who="3" ten="141,395,248,206" step="2"/><T74/><D118/><U67/><E23/><V80/><F98/><W50/><G50/><T76/><D111/><U132/><E22/><V128/><F128/><W7/><AGARI ba="0,1" hai="0,6,7,9,10,13,46,49,53,82,86,88,133,134" machi="7" ten="30,4000,0" yaku="1,1,0,1,54,1,53,0" doraHai="54" doraHaiUra="115" who="3" fromWho="3" sc="141,-10,395,-10,248,-20,206,50" /><INIT seed="3,0,0,3,1,45" ten="131,385,228,256" oya="3" hai0="21,71,130,29,43,40,110,51,18,15,94,124,79" hai1="25,109,3,99,8,80,82,28,14,49,34,73,57" hai2="122,72,128,16,9,135,120,27,53,65,68,46,17" hai3="32,133,58,77,81,75,126,114,13,36,127,106,67"/><W23/><G32/><T1/><D1/><U39/><E39/><V48/><F72/><W129/><G36/><T107/><D107/><U87/><E109/><V55/><F135/><W0/><G0/><T78/><D110/><U108/><E108/><V59/><F65/><W19/><G114/><T125/><D71/><U118/><E118/><V117/><F68/><W101/><G133/><T84/><D130/><U37/><E37/><V134/><F134/><W69/><G69/><T2/><D2/><U97/><E3/><V132/><F132/><W111/><G111/><T74/><D29/><U115/><E82/><V70/><F70/><W88/><G129/><T4/><D4/><U60/><E73/><V123/><F117/><W96/><G67/><T47/><D43/><U5/><E49/><N who="2" m="31215" /><F128/><W83/><REACH who="3" step="1"/><G58/><REACH who="3" ten="131,385,228,246" step="2"/><T30/><D124/><U35/><E35/><V24/><F9/><W52/><G52/><T90/><D125/><U50/><E115/><V102/><F102/><W89/><G89/><T33/><REACH who="0" step="1"/><D74/><REACH who="0" ten="121,385,228,246" step="2"/><U20/><E34/><V93/><F123/><W41/><G41/><T121/><D121/><U104/><E57/><V116/><F122/><W95/><G95/><T119/><D119/><U31/><E104/><V86/><F120/><W64/><G64/><T26/><AGARI ba="0,2" hai="15,18,21,26,30,33,40,47,51,78,79,84,90,94" machi="26" ten="30,4000,0" yaku="1,1,0,1,52,1,53,0" doraHai="45" doraHaiUra="76" who="0" fromWho="0" sc="121,60,385,-10,228,-10,246,-20" /><INIT seed="4,0,0,0,5,47" ten="181,375,218,226" oya="0" hai0="30,94,82,61,80,17,37,18,109,103,21,22,90" hai1="120,74,10,88,135,105,32,83,91,26,14,102,43" hai2="63,48,49,117,29,96,33,59,89,39,58,34,2" hai3="6,112,12,100,130,31,65,131,132,108,41,69,40"/><T66/><D37/><U75/><E120/><V55/><F39/><W15/><G108/><T118/><D30/><U56/><E135/><V99/><F2/><W113/><G31/><T11/><D11/><U111/><E43/><N who="3" m="16458" /><G6/><T67/><D103/><U27/><E56/><V44/><F117/><W133/><G65/><T36/><D36/><U86/><E91/><V92/><F29/><W0/><G69/><T134/><D134/><N who="3" m="51817" /><G0/><T3/><D3/><U104/><E32/><V110/><F110/><W51/><G51/><T126/><D126/><U20/><E111/><V28/><F28/><W13/><G100/><T98/><D118/><U71/><E71/><V107/><F33/><W70/><G70/><T125/><D125/><U95/><E105/><V97/><F107/><W73/><G73/><T45/><D45/><U53/><E75/><V24/><F34/><W72/><G72/><T123/><D109/><U42/><E74/><V16/><F58/><W9/><G9/><T127/><D127/><U54/><E104/><V4/><F4/><W93/><G93/><T116/><D116/><U1/><E95/><V7/><F7/><W25/><G25/><N who="0" m="14511" /><D123/><U5/><E102/><V38/><F38/><W115/><AGARI ba="0,0" hai="12,13,15,112,113,115,130,131" m="51817,16458" machi="115" ten="50,8000,1" yaku="28,2,15,1,20,1" doraHai="47" who="3" fromWho="3" sc="181,-40,375,-20,218,-20,226,80" /><INIT seed="5,0,0,2,0,80" ten="141,355,198,306" oya="1" hai0="28,49,107,134,112,56,32,22,97,124,59,87,115" hai1="40,88,90,53,35,36,128,120,19,104,123,95,16" hai2="117,34,0,17,92,64,108,58,109,43,39,111,96" hai3="13,83,119,27,66,26,55,116,51,65,89,125,82"/><U24/><E104/><V122/><F117/><N who="3" m="45131" /><G13/><T7/><D32/><U11/><E128/><V99/><F122/><W133/><G125/><T132/><D7/><U71/><E71/><V20/><F34/><W106/><G106/><T6/><D6/><U76/><E76/><V113/><F0/><W57/><G82/><T75/><D75/><U93/><E53/><V60/><F43/><W2/><G2/><T44/><D124/><U110/><E110/><V9/><F39/><W5/><G5/><T73/><D73/><U101/><E101/><V118/><F118/><W105/><G105/><T114/><D97/><U54/><E54/><V45/><F45/><W61/><G133/><N who="0" m="51307" /><D107/><U29/><E36/><V3/><F3/><W67/><G61/><T126/><D126/><U86/><E40/><V33/><F9/><W31/><G31/><T62/><D62/><U84/><E11/><V15/><F33/><W42/><G42/><N who="0" m="24727" /><D28/><U30/><E29/><V14/><F14/><W37/><G37/><T69/><D69/><U38/><E38/><V18/><F18/><AGARI ba="0,0" hai="16,18,19,24,30,35,84,86,88,90,93,95,120,123" machi="18" ten="40,12000,1" yaku="9,1,52,2,54,2" doraHai="80" who="1" fromWho="2" sc="141,0,355,120,198,-120,306,0" /><INIT seed="5,1,0,0,2,122" ten="141,475,78,306" oya="1" hai0="93,38,52,77,131,106,3,42,45,14,119,76,70" hai1="1,115,46,66,29,43,59,85,94,121,90,74,13" hai2="16,36,132,0,23,92,73,120,75,63,24,31,65" hai3="104,80,39,107,95,130,55,129,44,110,41,89,4"/><U103/><E121/><V9/><F120/><W97/><G4/><T60/><D119/><U27/><E1/><V28/><F132/><W32/><G32/><T7/><D106/><U68/><E74/><V50/><F36/><W21/><G80/><T69/><D3/><U83/><E68/><V33/><F31/><W112/><G112/><T58/><D131/><N who="3" m="50185" /><G110/><T84/><D76/><U111/><E111/><V67/><F92/><W37/><G37/><T62/><D62/><N who="1" m="38239" /><E13/><V35/><F35/><W51/><G21/><T12/><D12/><U79/><E103/><V126/><F126/><W48/><G39/><T98/><D84/><U96/><E115/><V5/><F50/><W114/><G114/><T11/><REACH who="0" step="1"/><D77/><REACH who="0" ten="131,475,78,306" step="2"/><U125/><E79/><V40/><F67/><W26/><G26/><T57/><D57/><AGARI ba="1,1" hai="41,44,48,51,55,57,89,95,97,104,107" m="50185" machi="57" ten="30,1000,0" yaku="19,1" doraHai="122" who="3" fromWho="0" sc="131,-13,475,0,78,0,306,23" /><INIT seed="6,0,0,3,3,82" ten="118,475,78,329" oya="2" hai0="80,106,64,86,114,29,105,42,71,122,9,10,109" hai1="34,8,108,11,30,55,124,20,46,49,127,13,129" hai2="24,118,70,76,85,0,107,125,103,45,96,2,78" hai3="61,117,87,57,51,53,132,23,18,97,115,119,131"/><V47/><F118/><W59/><G132/><T39/><D109/><U65/><E108/><V88/><F125/><N who="1" m="48201" /><E65/><V31/><F70/><W73/><G73/><T89/><D122/><U91/><E129/><V110/><F110/><W17/><G131/><T12/><D10/><U28/><E91/><V54/><F2/><W121/><G121/><T32/><D114/><U14/><E34/><V79/><F0/><W99/><G115/><T44/><D64/><U38/><E38/><V5/><F54/><N who="3" m="31967" /><G18/><T93/><D71/><U4/><E20/><V128/><F5/><AGARI ba="0,0" hai="4,5,8,11,13,14,28,30,46,49,55" m="48201" machi="5" ten="30,1000,0" yaku="18,1" doraHai="82" who="1" fromWho="2" sc="118,0,475,10,78,-10,329,0" /><INIT seed="7,0,0,4,3,62" ten="118,485,68,329" oya="3" hai0="83,26,36,39,38,119,13,24,50,14,110,127,69" hai1="76,34,100,84,57,107,64,25,12,68,66,131,37" hai2="93,11,73,115,19,31,7,52,87,4,18,129,6" hai3="54,53,95,86,94,44,67,74,45,46,88,61,9"/><W3/><G74/><T35/><D110/><U20/><E37/><V75/><F129/><W10/><G3/><T102/><D69/><U47/><E68/><V40/><F115/><W80/><G80/><T81/><D50/><U22/><E34/><V99/><F40/><W113/><G113/><T29/><D102/><U23/><E131/><V60/><F31/><W15/><G95/><T78/><D127/><U98/><E47/><V130/><F130/><W120/><G120/><T89/><D89/><U105/><E105/><V55/><F87/><W21/><G21/><T128/><D119/><U17/><E57/><V59/><F75/><W63/><G9/><T43/><D43/><U30/><E22/><V134/><F134/><W97/><G97/><T42/><D42/><U126/><E126/><V65/><F73/><W56/><REACH who="3" step="1"/><G61/><REACH who="3" ten="118,485,68,319" step="2"/><T121/><D83/><U90/><E76/><V122/><F122/><W114/><G114/><T28/><D81/><AGARI ba="0,1" hai="12,17,20,23,25,30,64,66,81,84,90,98,100,107" machi="81" ten="30,3900,0" yaku="7,1,52,2" doraHai="62" who="1" fromWho="0" sc="118,-39,485,49,68,0,319,0" owari="79,-32.0,534,63.0,68,-43.0,319,12.0" /></mjloggm>