<mjloggm ver="2.3"><GO type="185" lobby="0"/><UN n0="%E9%BE%8D%E9%A6%AC%E3%81%AE%E5%B0%8F%E5%80%89" n1="%65%6C%75%6C%75" n2="%E3%82%A2%E3%83%AA%E3%82%A2%E3%83%AA%E5%90%9B" n3="" dan="18,17,16,0" rate="2314.24,2277.73,2214.97,1500.00" sx="M,M,M,C"/><TAIKYOKU oya="0"/><INIT seed="0,0,0,3,2,133" ten="350,350,350,0" oya="0" hai0="125,62,100,41,82,68,52,35,47,74,44,104,101" hai1="2,70,40,75,94,112,3,55,95,105,87,42,39" hai2="32,83,78,37,57,76,72,124,81,64,85,110,90" hai3=""/><T77/><D35/><U114/><E75/><V58/><F32/><T43/><D125/><U46/><E105/><V97/><F110/><T128/><D128/><U1/><E70/><V127/><F37/><T69/><D52/><U121/><N who="1" m="31008" /><U118/><E118/><V109/><F109/><T73/><D62/><U48/><E42/><V131/><F131/><T96/><D100/><U49/><E39/><V122/><N who="2" m="31264" /><V67/><F67/><T53/><D53/><U116/><E116/><V65/><F65/><T106/><D106/><U61/><E61/><V0/><F0/><T86/><D86/><U99/><E87/><V54/><F64/><T63/><D63/><U71/><E71/><V45/><F57/><T91/><D91/><U36/><E36/><V50/><F45/><T66/><D66/><U117/><E117/><V98/><REACH who="2" step="1"/><F90/><REACH who="2" ten="350,350,340,0" step="2"/><T115/><D68/><U123/><N who="1" m="31520" /><U88/><REACH who="1" step="1"/><E95/><REACH who="1" ten="350,340,340,0" step="2"/><V80/><F80/><T60/><D69/><U134/><E134/><V108/><F108/><T56/><D82/><U120/><N who="1" m="30752" /><U89/><E89/><V34/><F34/><T93/><D93/><U59/><AGARI ba="0,2" hai="1,2,3,40,46,48,49,55,59,88,94,99,112,114" m="30752,31520,31008" machi="59" ten="40,9000,2" yaku="1,1,0,1,52,3,54,1,53,0" doraHai="133" doraHaiUra="102" who="1" fromWho="1" sc="350,-60,340,110,340,-30,0,0" /><INIT seed="1,0,0,4,5,106" ten="290,450,310,0" oya="1" hai0="135,80,40,102,33,123,2,121,87,86,44,39,63" hai1="114,38,77,52,101,59,47,64,95,53,131,113,81" hai2="111,115,36,109,107,120,99,48,66,85,42,126,1" hai3=""/><U108/><E131/><V127/><N who="2" m="30752" /><V65/><F1/><T71/><N who="0" m="31008" /><T0/><N who="0" m="31520" /><T125/><D33/><U84/><E64/><V35/><F35/><T37/><D125/><N who="2" m="47626" /><F36/><T96/><D39/><U93/><E108/><N who="2" m="41547" /><F85/><T43/><D43/><U119/><E119/><V73/><F73/><T94/><D135/><U75/><E114/><V90/><F115/><T69/><D86/><U68/><E68/><V57/><F90/><T32/><D32/><U83/><E113/><V62/><F48/><T82/><D82/><U88/><E101/><V41/><F66/><T50/><D37/><U49/><E38/><V78/><F78/><T98/><D96/><U58/><E47/><V124/><N who="2" m="47634" /><V104/><DORA hai="70" /><F104/><T67/><REACH who="0" step="1"/><D71/><REACH who="0" ten="280,450,310,0" step="2"/><U122/><N who="1" m="31264" /><U116/><REACH who="1" step="1"/><E116/><REACH who="1" ten="280,440,310,0" step="2"/><V54/><F65/><T129/><D129/><U92/><E92/><V34/><F34/><T118/><D118/><U133/><E133/><V91/><F107/><T51/><D51/><AGARI ba="0,2" hai="49,51,52,53,58,59,75,77,81,83,84,88,93,95" m="31264" machi="51" ten="30,24000,3" yaku="1,1,7,1,9,1,52,2,54,2,53,2" doraHai="106,70" doraHaiUra="61,79" who="1" fromWho="0" sc="280,-240,440,260,310,0,0,0" /><INIT seed="1,1,0,3,0,103" ten="40,700,310,0" oya="1" hai0="39,125,35,1,61,76,95,120,69,60,92,62,127" hai1="117,46,91,70,0,118,129,101,36,135,59,47,89" hai2="74,64,108,104,90,116,2,121,119,98,75,48,88" hai3=""/><U96/><E70/><V80/><N who="2" m="31008" /><V3/><F108/><T43/><N who="0" m="30752" /><T112/><D112/><U33/><E33/><V65/><F48/><T38/><D35/><U40/><E0/><V58/><F58/><T45/><D1/><U81/><E129/><V109/><F98/><T124/><D69/><U83/><E135/><V94/><F94/><N who="0" m="35882" /><D76/><U41/><E59/><V113/><F109/><T67/><D67/><U100/><E96/><V114/><REACH who="2" step="1"/><F80/><REACH who="2" ten="40,700,300,0" step="2"/><T102/><D102/><U131/><E83/><V79/><F79/><T54/><D38/><U34/><E81/><V86/><F86/><T68/><D68/><U78/><E78/><V111/><F111/><T56/><AGARI ba="1,1" hai="39,43,45,54,56,60,61,62,124,125,127" m="35882,30752" machi="56" ten="40,2000,0" yaku="18,1,52,1" doraHai="103" who="0" fromWho="0" sc="40,32,700,-14,300,-8,0,0" /><INIT seed="2,0,0,2,5,90" ten="72,686,292,0" oya="2" hai0="88,76,100,116,60,62,103,58,44,113,102,67,121" hai1="33,48,114,1,75,49,55,34,109,77,131,86,101" hai2="51,127,104,85,80,46,72,70,64,84,92,68,106" hai3=""/><V93/><F72/><T96/><N who="0" m="31008" /><T110/><D116/><U38/><E38/><V81/><F127/><T65/><D110/><U43/><E109/><V61/><F70/><T89/><D113/><U135/><E1/><V79/><F106/><T32/><D32/><U59/><E114/><V133/><F104/><T94/><D76/><U130/><E101/><V108/><F133/><T50/><D89/><U107/><E107/><V111/><F111/><T74/><D74/><U35/><E135/><V0/><F0/><T125/><D125/><U47/><E75/><V41/><REACH who="2" step="1"/><F108/><REACH who="2" ten="72,686,282,0" step="2"/><T63/><REACH who="0" step="1"/><D65/><REACH who="0" ten="62,686,282,0" step="2"/><U73/><E73/><V36/><F36/><T37/><D37/><U71/><E33/><V115/><F115/><T66/><D66/><U69/><E34/><V122/><F122/><T129/><D129/><U124/><E35/><V52/><F52/><AGARI ba="0,2" hai="44,50,52,58,60,62,63,67,88,94,96,100,102,103" m="31008" machi="52" ten="40,12000,2" yaku="1,1,8,1,52,2,54,2,53,0" doraHai="90" doraHaiUra="128" who="0" fromWho="2" sc="62,140,686,0,282,-120,0,0" /><INIT seed="4,0,0,4,1,99" ten="202,686,162,0" oya="0" hai0="73,41,110,59,86,52,1,77,50,39,88,49,68" hai1="107,103,78,113,64,72,0,100,66,32,3,123,92" hai2="134,65,130,43,133,56,35,47,69,94,128,90,55" hai3=""/><T116/><D116/><U122/><E107/><V58/><F35/><T37/><D1/><U119/><E32/><V121/><N who="2" m="31008" /><V34/><F34/><T120/><N who="0" m="30752" /><T46/><D68/><U53/><E53/><V48/><F94/><T57/><D110/><U131/><E92/><V60/><F56/><T102/><D102/><U51/><E51/><V63/><F90/><T91/><D73/><U135/><E119/><V76/><F76/><T109/><D109/><U117/><E117/><V61/><F61/><T80/><D37/><U45/><E72/><V44/><F44/><T114/><D114/><U2/><E45/><V36/><F63/><T95/><D95/><U89/><E113/><V108/><F108/><T118/><D118/><U81/><E3/><V98/><F98/><T87/><D87/><U85/><E85/><V106/><F106/><T96/><D96/><U54/><E2/><V111/><F111/><T33/><D33/><U127/><E0/><V79/><F79/><T105/><D105/><U71/><E78/><V83/><REACH who="2" step="1"/><F83/><REACH who="2" ten="202,686,152,0" step="2"/><T67/><D67/><U129/><N who="1" m="31264" /><U104/><E66/><V75/><F75/><T93/><D93/><U124/><E64/><V101/><F101/><T132/><D132/><AGARI ba="0,1" hai="36,43,47,48,55,58,60,65,69,128,130,132,133,134" m="31008" machi="132" ten="40,16000,3" yaku="1,1,6,1,24,2,20,1,34,3,52,1,53,1" doraHai="99" doraHaiUra="62" who="2" fromWho="0" sc="202,-160,686,0,152,170,0,0" /><INIT seed="5,0,0,1,1,49" ten="42,686,322,0" oya="1" hai0="75,79,74,132,110,81,61,51,88,56,121,113,125" hai1="118,92,115,42,123,65,39,76,67,85,129,99,47" hai2="38,126,72,105,0,32,114,37,63,46,135,64,43" hai3=""/><U131/><N who="1" m="31520" /><U116/><E115/><V124/><F0/><T34/><N who="0" m="31008" /><T117/><D110/><U50/><E39/><V62/><F32/><T91/><D34/><U112/><E112/><V35/><F35/><T53/><D113/><U133/><E133/><V36/><F105/><T78/><D132/><U122/><N who="1" m="31264" /><U130/><E85/><V120/><N who="2" m="30752" /><V71/><F72/><T59/><D125/><N who="2" m="48234" /><F135/><T82/><REACH who="0" step="1"/><D117/><REACH who="0" ten="32,686,322,0" step="2"/><N who="1" m="45163" /><E76/><V101/><F114/><T33/><D33/><U40/><E40/><V66/><F101/><AGARI ba="0,1" hai="42,47,50,65,67,92,99,101,129,130,131" m="45163,31264,31520" machi="101" ten="40,7700,0" yaku="19,1,52,2" doraHai="49" who="1" fromWho="2" sc="32,0,686,87,322,-77,0,0" /><INIT seed="5,1,0,3,4,92" ten="32,773,245,0" oya="1" hai0="110,45,84,63,104,40,43,36,74,96,105,89,101" hai1="72,73,95,58,122,42,68,88,53,103,77,57,106" hai2="131,48,83,133,67,86,134,52,126,109,65,119,37" hai3=""/><U55/><N who="1" m="31264" /><U130/><E68/><V113/><F119/><T79/><D110/><U82/><E130/><V125/><F109/><T111/><D111/><U129/><E129/><V85/><F37/><T76/><D43/><U60/><E42/><V135/><F113/><T54/><D104/><U56/><E73/><V121/><N who="2" m="31008" /><V108/><F108/><T81/><REACH who="0" step="1"/><D74/><REACH who="0" ten="22,773,245,0" step="2"/><U127/><E127/><V78/><F131/><T118/><D118/><U46/><E106/><V51/><F126/><T2/><D2/><U115/><E115/><V116/><F125/><T59/><AGARI ba="1,1" hai="36,40,45,54,59,63,76,79,81,84,89,96,101,105" machi="59" ten="30,3000,0" yaku="1,1,0,1,52,1,53,0" doraHai="92" doraHaiUra="61" who="0" fromWho="0" sc="22,42,773,-21,245,-11,0,0" /><INIT seed="6,0,0,3,3,41" ten="64,752,234,0" oya="2" hai0="87,134,120,44,117,91,118,61,35,75,59,36,73" hai1="65,99,51,115,90,98,101,100,107,78,130,55,124" hai2="1,116,83,64,66,131,122,0,114,54,60,106,45" hai3=""/><V50/><N who="2" m="31264" /><V70/><F116/><T40/><N who="0" m="30752" /><T135/><D35/><U37/><E37/><V112/><F106/><T62/><D87/><U2/><E2/><V71/><F131/><T81/><D91/><U58/><E78/><V133/><F133/><T56/><D81/><U125/><E115/><N who="2" m="44075" /><F83/><T104/><D104/><U113/><E113/><V69/><F66/><T111/><D111/><U94/><E130/><V108/><F108/><T127/><D127/><N who="1" m="48715" /><E65/><V63/><F63/><T39/><REACH who="0" step="1"/><D40/><REACH who="0" ten="54,752,234,0" step="2"/><U43/><E43/><V33/><F33/><T3/><D3/><AGARI ba="0,1" hai="0,1,3,45,50,54,60,64,69,70,71" m="44075,31264" machi="3" ten="30,5800,0" yaku="15,1,52,2" doraHai="41" who="2" fromWho="0" sc="54,-58,752,0,234,68,0,0" owari="-4,-60.0,752,70.0,302,-10.0,0,0.0" /></mjloggm>