<mjloggm ver="2.3"><GO type="169" lobby="0"/><UN n0="%74%61%6B%65%2D%79%6F%75" n1="%E3%83%9E%E3%82%A4%E3%82%B3%E3%83%B3" n2="%61%6E%64%6F%35%35" n3="%61%6B%69%62%61%62%61%6E" dan="17,17,16,16" rate="2196.38,2211.93,2164.89,2114.23" sx="M,M,M,M"/><TAIKYOKU oya="0"/><INIT seed="0,0,0,5,2,94" ten="250,250,250,250" oya="0" hai0="81,52,30,105,135,3,56,98,97,114,64,129,93" hai1="111,133,5,47,0,63,89,131,23,65,53,109,45" hai2="48,20,44,42,74,18,16,58,27,107,116,82,36" hai3="119,68,130,14,99,106,115,71,86,103,54,6,85"/><T73/><D114/><U132/><E89/><V76/><F116/><W92/><G119/><T29/><D3/><U66/><E23/><V17/><REACH who="2" step="1"/><F107/><REACH who="2" ten="250,250,240,250" step="2"/><W101/><G115/><T123/><D105/><U126/><E0/><V110/><F110/><N who="1" m="41993" /><E5/><V59/><F59/><W118/><G71/><T19/><D56/><N who="1" m="35215" /><E126/><V77/><F77/><W69/><G69/><T7/><D7/><U117/><E117/><V43/><F43/><W80/><G68/><T113/><D113/><U11/><E131/><V9/><F9/><W127/><G130/><T32/><D129/><U46/><E11/><V90/><F90/><W34/><G6/><T124/><D124/><U1/><E1/><V55/><AGARI ba="0,1" hai="16,17,18,20,27,36,42,44,48,55,58,74,76,82" machi="55" ten="30,7900,0" yaku="1,1,0,1,54,1,53,1" doraHai="94" doraHaiUra="38" who="2" fromWho="2" sc="250,-39,250,-20,240,89,250,-20" /><INIT seed="1,0,0,4,2,9" ten="211,230,329,230" oya="1" hai0="48,72,118,94,55,47,40,95,120,13,0,57,70" hai1="5,81,76,135,38,96,91,22,7,102,119,107,75" hai2="79,11,62,77,134,43,105,133,104,68,46,125,56" hai3="109,89,25,123,85,37,20,8,12,63,49,116,51"/><U74/><E74/><V93/><F68/><W129/><G123/><T111/><D118/><U42/><E119/><V99/><F125/><W32/><G32/><T100/><D0/><U18/><E135/><N who="2" m="51723" /><F11/><W130/><G37/><T6/><D72/><U50/><E38/><N who="2" m="21879" /><F104/><W10/><G10/><T23/><D70/><U4/><E42/><V33/><F33/><W44/><G63/><T97/><D120/><U122/><E122/><V124/><F105/><W19/><G109/><T132/><D132/><U53/><E91/><N who="2" m="55743" /><F124/><W15/><G116/><T127/><D127/><U52/><REACH who="1" step="1"/><E50/><REACH who="1" ten="211,220,329,230" step="2"/><V1/><F1/><W82/><G49/><T36/><D111/><U31/><E31/><V41/><F41/><N who="3" m="24975" /><G130/><T88/><D40/><U112/><E112/><V27/><F79/><W29/><G129/><T71/><D48/><U103/><E103/><V64/><F77/><W30/><G30/><T66/><D100/><U110/><E110/><V69/><F69/><W60/><G60/><T54/><D71/><U2/><E2/><V67/><F27/><AGARI ba="0,1" hai="4,5,7,18,22,27,52,53,75,76,81,96,102,107" machi="27" ten="40,7700,0" yaku="1,1,54,1,53,1" doraHai="9" doraHaiUra="16" who="1" fromWho="2" sc="211,0,220,87,329,-77,230,0" /><INIT seed="1,1,0,5,2,16" ten="211,307,252,230" oya="1" hai0="122,40,110,85,13,14,75,90,38,66,35,93,73" hai1="134,9,103,117,120,11,114,37,21,39,0,17,91" hai2="128,41,53,10,81,56,135,123,60,8,119,102,12" hai3="126,121,74,108,92,111,64,2,77,70,76,5,1"/><U32/><E114/><V97/><F119/><W130/><G121/><T55/><D35/><U49/><E117/><V131/><F123/><W71/><G5/><T52/><D122/><U45/><E120/><V89/><F135/><W22/><G92/><T61/><D110/><N who="3" m="42025" /><G64/><T54/><D38/><U101/><E32/><V124/><F124/><W113/><G113/><T65/><D40/><U3/><E134/><V78/><F41/><W100/><G100/><T50/><D50/><U72/><E72/><V43/><F43/><W58/><G58/><T31/><D31/><U109/><E109/><V68/><F89/><W112/><G112/><T20/><D65/><U118/><E118/><V15/><F68/><N who="3" m="26155" /><G74/><T46/><D46/><U33/><E33/><V79/><F12/><W23/><G126/><T94/><D94/><U115/><E115/><V67/><F67/><W96/><G96/><T87/><D87/><U28/><E91/><V47/><F47/><W27/><G27/><T6/><D6/><U30/><E45/><V62/><F15/><W132/><G130/><N who="2" m="49705" /><F62/><W127/><G127/><T69/><REACH who="0" step="1"/><D13/><REACH who="0" ten="201,307,252,230" step="2"/><U116/><E116/><V48/><F48/><W63/><G63/><T83/><D83/><U19/><E49/><V99/><F81/><W36/><G36/><T105/><D105/><U104/><E104/><N who="2" m="63567" /><F99/><W34/><G34/><T125/><D125/><U133/><E133/><V25/><F25/><W82/><G132/><T29/><D29/><U57/><E57/><V86/><F86/><N who="3" m="48455" /><G77/><AGARI ba="1,1" hai="8,10,53,56,60,77,78,79" m="63567,49705" machi="77" ten="30,1000,0" yaku="19,1" doraHai="16" who="2" fromWho="3" sc="201,0,307,0,252,23,230,-13" /><INIT seed="2,0,0,2,5,72" ten="201,307,275,217" oya="2" hai0="103,2,67,63,71,41,90,105,111,17,83,38,7" hai1="107,18,8,32,3,19,81,97,62,50,21,29,128" hai2="92,57,122,133,55,125,48,126,96,4,53,42,98" hai3="15,61,80,117,121,20,13,66,120,0,114,49,124"/><V123/><F4/><W106/><G117/><T86/><D111/><U75/><E128/><V36/><F98/><W30/><G0/><T82/><D17/><U11/><E50/><N who="2" m="30903" /><F92/><W87/><G106/><T35/><D35/><U9/><E19/><V113/><F96/><W69/><G124/><N who="2" m="47721" /><F113/><W22/><G114/><T119/><D119/><U45/><E29/><V70/><F133/><W47/><G20/><T33/><D7/><U16/><E32/><V95/><F95/><W74/><G74/><T52/><D33/><U31/><E31/><V5/><F5/><W65/><G65/><T132/><D132/><U130/><E130/><V89/><F89/><W135/><G13/><T129/><D129/><U14/><E3/><V6/><F6/><W34/><G34/><T79/><D2/><U51/><E18/><V46/><F70/><W39/><G15/><T110/><D103/><U99/><E107/><V91/><F91/><W77/><G135/><T73/><D105/><U23/><E23/><V116/><F116/><W109/><G22/><T131/><D131/><U44/><E75/><V93/><F93/><W12/><G12/><T56/><D110/><U37/><E81/><V25/><F25/><W43/><G109/><T101/><D101/><U88/><E88/><V102/><F102/><W26/><G26/><T64/><REACH who="0" step="1"/><D71/><REACH who="0" ten="191,307,275,217" step="2"/><U10/><E10/><V78/><F78/><W68/><G68/><T112/><D112/><U58/><E11/><V127/><F127/><W76/><G30/><T108/><D108/><U115/><E115/><V1/><F1/><W24/><G77/><RYUUKYOKU ba="0,1" sc="191,15,307,-15,275,15,217,-15" hai0="38,41,52,56,63,64,67,73,79,82,83,86,90" hai2="36,42,46,48,55,122,123" /><INIT seed="2,1,1,0,2,123" ten="206,292,290,202" oya="2" hai0="14,111,81,29,19,8,54,11,61,20,62,80,48" hai1="90,1,47,38,92,24,75,84,41,127,28,70,22" hai2="118,0,134,97,17,26,131,51,9,93,116,30,125" hai3="7,6,23,104,46,52,130,15,101,115,39,64,66"/><V124/><F51/><N who="3" m="28791" /><G39/><T53/><D53/><U85/><E127/><N who="2" m="48715" /><F134/><W94/><G104/><T13/><D29/><U21/><E75/><V135/><F135/><W105/><G105/><T79/><D111/><U35/><E70/><V18/><F93/><W86/><G130/><T132/><D132/><U129/><E1/><V55/><F55/><W45/><G45/><T120/><D120/><U98/><E129/><V126/><F97/><N who="3" m="59575" /><G86/><T25/><D62/><U59/><E59/><V31/><F131/><W57/><G115/><T121/><D61/><U108/><E108/><V78/><F78/><W109/><G109/><T128/><D121/><U112/><E112/><V27/><N who="2" m="48723" /><V50/><DORA hai="107" /><F50/><W3/><G3/><T89/><D128/><U44/><E44/><V33/><F0/><W76/><G76/><T34/><D79/><U102/><REACH who="1" step="1"/><E85/><REACH who="1" ten="206,282,290,202" step="2"/><V117/><F9/><W43/><G57/><T4/><D11/><U71/><E71/><V96/><F96/><W83/><G66/><T95/><D8/><U16/><E16/><N who="2" m="6251" /><F118/><W103/><G64/><T10/><D14/><U56/><E56/><V2/><F2/><W36/><G15/><T42/><D13/><U77/><E77/><V68/><F68/><W106/><G6/><T73/><D4/><U114/><E114/><V58/><F58/><W37/><G7/><T119/><D10/><U113/><E113/><V65/><F65/><W12/><G12/><T87/><D119/><U69/><E69/><V122/><F122/><W74/><G74/><T88/><D73/><U99/><E99/><V5/><F5/><RYUUKYOKU ba="1,2" sc="206,-15,282,15,290,15,202,-15" hai1="21,22,24,28,35,38,41,47,84,90,92,98,102" hai2="26,27,30,31,33,116,117" /><INIT seed="2,2,2,5,2,95" ten="191,297,305,187" oya="2" hai0="17,107,37,15,43,117,33,27,8,75,110,66,91" hai1="135,104,128,56,4,46,82,72,126,35,85,62,131" hai2="80,68,67,11,9,55,69,92,58,31,90,25,89" hai3="105,13,0,20,18,73,97,77,36,21,19,121,124"/><V6/><F67/><W109/><G121/><T84/><D75/><U10/><E35/><V57/><F57/><W129/><G0/><T125/><D110/><U34/><E34/><V47/><F47/><W111/><G36/><T16/><D125/><U51/><E72/><V81/><F68/><W98/><G105/><T127/><D127/><U52/><E104/><V114/><F69/><W53/><G124/><T103/><D117/><U133/><E126/><V122/><F114/><W32/><G32/><T100/><D66/><U26/><E26/><V14/><F122/><W112/><G112/><T132/><D132/><U116/><E116/><V79/><F90/><W74/><G53/><T60/><D60/><U50/><E10/><V115/><F115/><W113/><G113/><T87/><D37/><U29/><E29/><V2/><F79/><W64/><G64/><T1/><D43/><N who="1" m="24927" /><E4/><V102/><F102/><W41/><G41/><T86/><D100/><U48/><E85/><V71/><F71/><W42/><G42/><T96/><D1/><U45/><E82/><V23/><F11/><W65/><G65/><T76/><D76/><U54/><E62/><N who="2" m="36191" /><F2/><W93/><G77/><T38/><D38/><U40/><E40/><V108/><F108/><W118/><G118/><T130/><D130/><AGARI ba="2,2" hai="45,48,51,52,54,56,128,130,131,133,135" m="24927" machi="130" ten="30,7700,0" yaku="19,1,34,2,54,1" doraHai="95" who="1" fromWho="0" sc="191,-83,297,103,305,0,187,0" /><INIT seed="3,0,0,2,3,117" ten="108,400,305,187" oya="3" hai0="81,124,68,108,50,87,89,111,9,71,123,12,97" hai1="33,112,24,32,51,28,40,42,102,8,65,53,11" hai2="58,3,90,15,41,2,85,78,94,92,17,72,113" hai3="4,95,73,122,48,105,80,23,69,83,115,128,76"/><W79/><G69/><T70/><D124/><U13/><E33/><V55/><F113/><W127/><G4/><T130/><D130/><U18/><E112/><V75/><F41/><W96/><G115/><T34/><D34/><U107/><E65/><V99/><F75/><W52/><G127/><T64/><D64/><U43/><E102/><V129/><F72/><W120/><G105/><T66/><D66/><U74/><E74/><V21/><F129/><W62/><G62/><T93/><D50/><U103/><E103/><V101/><REACH who="2" step="1"/><F78/><REACH who="2" ten="108,400,295,187" step="2"/><W86/><G128/><T47/><D111/><U31/><E42/><V77/><F77/><W104/><G104/><T134/><D108/><U25/><E107/><V1/><F1/><W38/><G38/><T26/><D134/><U37/><E37/><V19/><F19/><W135/><G135/><T118/><D118/><U126/><E126/><V54/><F54/><W114/><G114/><T106/><D106/><U56/><E43/><V91/><F91/><W63/><G79/><T6/><D89/><U22/><E40/><V132/><F132/><W67/><G73/><T121/><D6/><U5/><E5/><V131/><F131/><W0/><G0/><T82/><D123/><U125/><E125/><V7/><F7/><W133/><G133/><T39/><D121/><U35/><AGARI ba="0,1" hai="8,11,13,18,22,24,25,28,31,32,35,51,53,56" machi="35" ten="20,2700,0" yaku="0,1,7,1,9,1" doraHai="117" who="1" fromWho="1" sc="108,-7,400,37,295,-7,187,-13" /><INIT seed="4,0,0,4,1,88" ten="101,437,288,174" oya="0" hai0="17,126,57,119,80,68,135,67,2,99,73,52,29" hai1="107,130,106,75,78,40,79,125,90,16,60,87,8" hai2="128,21,51,84,122,120,37,48,117,62,38,85,94" hai3="92,41,23,20,97,24,112,19,35,59,72,27,4"/><T134/><D119/><U113/><E40/><V34/><F34/><W31/><G72/><T86/><D73/><U95/><E125/><V39/><F117/><W105/><G112/><T76/><D2/><U132/><E113/><V58/><F128/><W49/><G105/><T12/><D126/><U18/><E130/><V109/><F109/><W102/><G4/><T30/><D67/><U26/><E132/><N who="0" m="50729" /><D68/><U36/><E36/><V54/><F21/><W63/><G35/><T28/><D99/><U65/><E107/><V32/><F32/><W114/><G114/><T118/><D118/><U43/><E43/><V129/><F129/><W81/><G81/><T98/><D98/><U50/><E50/><V14/><F14/><W116/><G116/><T64/><D64/><U108/><E106/><V56/><F85/><W133/><G133/><T42/><D42/><U74/><E108/><V3/><F3/><W66/><G41/><T100/><D100/><U123/><E123/><N who="2" m="47147" /><F94/><W5/><G5/><T1/><D1/><U25/><E75/><V69/><F84/><W61/><G61/><N who="0" m="36007" /><D30/><U101/><E101/><V6/><F6/><W55/><G49/><N who="2" m="19017" /><F58/><W22/><G22/><AGARI ba="0,0" hai="12,17,22,28,29,76,80,86" m="36007,50729" machi="22" ten="30,2900,0" yaku="20,1,54,1" doraHai="88" who="0" fromWho="3" sc="101,29,437,0,288,0,174,-29" /><INIT seed="4,1,0,3,1,100" ten="130,437,288,145" oya="0" hai0="135,23,113,63,132,50,94,60,74,26,42,82,81" hai1="45,89,127,78,25,101,83,76,121,24,71,34,84" hai2="46,123,49,130,57,19,102,126,15,40,21,86,134" hai3="37,4,110,13,52,61,114,6,14,65,44,103,68"/><T106/><D113/><U72/><E121/><V32/><F123/><W91/><G110/><T90/><D42/><U2/><E2/><V48/><F32/><W59/><G114/><T115/><D115/><U79/><E71/><V43/><F134/><N who="0" m="51242" /><D50/><U112/><E112/><V18/><F126/><W95/><G103/><T54/><D106/><U3/><E127/><V64/><F130/><W124/><G124/><T41/><D41/><U58/><E3/><V47/><F102/><W36/><G36/><T62/><D54/><U70/><E70/><V69/><F69/><W30/><G30/><N who="0" m="17759" /><D74/><U97/><E45/><V80/><F18/><W99/><G37/><T107/><D107/><U55/><E34/><V120/><F120/><W56/><G44/><T87/><AGARI ba="1,0" hai="60,62,63,81,82,87,90,94" m="17759,51242" machi="87" ten="30,1500,0" yaku="20,1" doraHai="100" who="0" fromWho="0" sc="130,18,437,-6,288,-6,145,-6" /><INIT seed="4,2,0,1,2,84" ten="148,431,282,139" oya="0" hai0="10,56,58,29,31,131,96,14,129,98,128,109,105" hai1="68,112,127,123,45,22,110,95,11,26,38,115,43" hai2="106,33,16,47,48,42,2,67,117,46,82,104,94" hai3="54,51,25,40,107,35,30,132,24,130,91,61,15"/><T6/><D109/><U1/><E110/><V62/><F2/><W0/><G0/><T4/><D4/><U60/><E123/><V77/><F33/><W17/><G107/><T102/><REACH who="0" step="1"/><D98/><REACH who="0" ten="138,431,282,139" step="2"/><U55/><E1/><V119/><F117/><W3/><G3/><T59/><AGARI ba="2,1" hai="6,10,14,29,31,56,58,59,96,102,105,128,129,131" machi="59" ten="40,12000,1" yaku="1,1,2,1,0,1,19,1,53,0" doraHai="84" doraHaiUra="74" who="0" fromWho="0" sc="138,136,431,-42,282,-42,139,-42" /><INIT seed="4,3,0,0,1,101" ten="274,389,240,97" oya="0" hai0="45,25,5,132,133,44,97,96,11,10,102,70,61" hai1="84,40,55,7,64,130,112,73,9,22,129,48,37" hai2="68,99,86,4,100,127,93,82,27,34,98,13,20" hai3="76,107,3,103,23,63,1,122,62,39,134,121,131"/><T58/><D70/><U24/><E73/><V94/><F127/><W125/><G39/><T2/><D11/><U79/><E64/><V66/><F34/><W117/><G117/><T53/><D25/><U54/><E112/><V65/><F68/><W92/><G125/><T12/><D2/><U0/><E79/><N who="2" m="46431" /><F13/><W90/><G131/><N who="1" m="50186" /><E84/><V46/><F46/><W123/><G76/><T51/><D96/><U33/><E33/><V87/><F87/><W71/><G134/><N who="0" m="51819" /><D61/><N who="3" m="23049" /><G71/><T119/><D119/><U105/><E37/><V88/><F4/><W77/><G77/><T104/><AGARI ba="3,0" hai="5,10,12,44,45,51,53,58,97,102,104" m="51819" machi="104" ten="30,3000,0" yaku="20,1,52,1" doraHai="101" who="0" fromWho="0" sc="274,39,389,-13,240,-13,97,-13" /><INIT seed="4,4,0,4,0,87" ten="313,376,227,84" oya="0" hai0="85,129,7,128,36,83,125,98,70,114,51,72,104" hai1="18,55,43,96,48,102,91,88,50,123,64,9,92" hai2="31,13,61,49,8,1,93,135,58,28,10,101,90" hai3="44,73,62,112,86,21,34,79,4,133,118,60,27"/><T109/><D36/><U122/><E64/><V120/><F120/><W77/><G118/><T22/><D70/><U38/><E38/><V103/><F135/><W69/><G34/><T12/><D72/><U105/><E123/><V75/><F75/><W110/><G110/><T37/><D37/><U84/><E122/><V127/><F49/><W119/><G119/><T111/><D51/><U25/><E105/><V132/><F127/><W131/><G133/><T41/><D41/><U56/><E84/><N who="2" m="52423" /><F1/><W33/><G33/><T106/><D7/><U47/><E25/><V20/><F132/><W35/><G35/><T53/><D53/><U82/><E82/><V46/><F46/><W59/><G73/><T126/><D12/><AGARI ba="4,0" hai="9,12,18,43,47,48,50,55,56,88,91,92,96,102" machi="12" ten="40,8000,1" yaku="8,1,52,2,54,1" doraHai="87" who="1" fromWho="0" sc="313,-92,376,92,227,0,84,0" /><INIT seed="5,0,0,5,3,60" ten="221,468,227,84" oya="1" hai0="63,38,26,122,56,43,3,31,97,45,103,4,111" hai1="54,1,66,108,102,78,37,88,6,133,24,107,2" hai2="114,36,68,39,76,104,14,85,44,10,96,110,25" hai3="87,52,112,5,93,16,127,61,130,120,106,28,22"/><U9/><E78/><V117/><F110/><W0/><G120/><T75/><D111/><U69/><E108/><V27/><F117/><W18/><G106/><T83/><D122/><U134/><E37/><V91/><F76/><W67/><G112/><T21/><D3/><U90/><E2/><V100/><F68/><W131/><G127/><T62/><D4/><U23/><E54/><V82/><F114/><W51/><G28/><T81/><D75/><U80/><E80/><V92/><F39/><W72/><G72/><T124/><D124/><U135/><E102/><V47/><F104/><W123/><G123/><T89/><D89/><U95/><E107/><V121/><F121/><W101/><G5/><T7/><D7/><U13/><E13/><V35/><F35/><W94/><G0/><T19/><D19/><N who="3" m="7209" /><G22/><T79/><D79/><U40/><E40/><V84/><F84/><W48/><G48/><T119/><D119/><U77/><E77/><V105/><F105/><W32/><G87/><T64/><D62/><N who="1" m="40151" /><E95/><AGARI ba="0,0" hai="21,26,31,38,43,45,56,63,64,81,83,95,97,103" machi="95" ten="30,7700,0" yaku="7,1,25,2,52,1" doraHai="60" who="0" fromWho="1" sc="221,77,468,-77,227,0,84,0" /><INIT seed="6,0,0,3,5,117" ten="298,391,227,84" oya="2" hai0="51,94,95,12,38,68,108,119,65,118,48,106,63" hai1="41,5,85,93,23,35,73,37,31,122,1,47,13" hai2="105,3,11,124,59,24,102,71,91,30,130,22,61" hai3="121,97,18,57,50,79,77,58,87,96,129,133,114"/><V64/><F124/><W26/><G129/><T2/><D2/><U72/><E85/><V99/><F130/><W7/><G133/><T74/><D108/><U42/><E93/><N who="0" m="35337" /><D106/><U43/><E43/><V17/><F91/><W100/><G7/><T54/><D74/><U46/><E23/><V44/><F44/><W104/><G114/><T101/><D101/><U103/><E13/><V107/><F107/><W8/><G97/><T27/><D12/><U134/><E103/><V84/><F84/><W4/><G121/><T127/><D38/><U69/><E69/><V132/><F132/><W98/><G98/><T86/><D27/><N who="1" m="18943" /><E134/><V66/><F66/><W78/><G87/><T125/><D86/><U123/><E5/><V120/><F71/><W128/><G128/><T21/><D21/><U67/><E67/><V82/><F82/><W92/><G104/><T90/><D90/><U113/><E1/><V116/><F116/><N who="0" m="44586" /><D51/><U89/><E89/><V76/><F76/><W19/><G26/><T15/><D15/><U112/><E73/><V40/><F40/><W60/><G50/><T110/><D110/><U56/><E56/><AGARI ba="0,0" hai="48,54,56,63,65,68,125,127" m="44586,35337" machi="56" ten="30,1000,0" yaku="12,1" doraHai="117" who="0" fromWho="1" sc="298,10,391,-10,227,0,84,0" /><INIT seed="7,0,0,4,2,9" ten="308,381,227,84" oya="3" hai0="18,37,76,59,55,41,52,124,49,99,129,23,134" hai1="114,44,97,103,67,68,65,10,110,87,91,70,58" hai2="62,54,123,112,102,117,93,27,130,135,106,77,56" hai3="5,125,63,84,34,42,13,105,28,116,71,82,122"/><W127/><G116/><T113/><D129/><U107/><E110/><V17/><F117/><W35/><G105/><T131/><D131/><U50/><E114/><V101/><F130/><W46/><G122/><T90/><D113/><U0/><E58/><V75/><F112/><W88/><G71/><T89/><D134/><U57/><E57/><V20/><F135/><W66/><G66/><T22/><D124/><N who="3" m="47689" /><G63/><T21/><D76/><U39/><E39/><V48/><F106/><W80/><G80/><T11/><D37/><U85/><E85/><V100/><F123/><W115/><G115/><T15/><D41/><U32/><E32/><N who="3" m="12330" /><G28/><T72/><D72/><U47/><E67/><N who="2" m="39367" /><F75/><W12/><G5/><T61/><REACH who="0" step="1"/><D99/><REACH who="0" ten="298,381,227,84" step="2"/><U8/><E97/><N who="2" m="59439" /><F77/><W69/><G69/><T40/><D40/><U36/><E70/><V29/><F29/><W96/><G96/><T14/><D14/><U104/><E68/><V121/><F121/><W3/><G3/><T73/><D73/><U133/><E0/><V19/><F19/><W53/><G53/><T132/><D132/><U95/><E133/><V83/><F83/><W60/><G60/><T98/><D98/><U92/><E36/><AGARI ba="0,1" hai="12,13,36,42,46,82,84,88" m="12330,47689" machi="36" ten="30,11600,0" yaku="18,1,52,2,54,1" doraHai="9" who="3" fromWho="1" sc="298,0,381,-116,227,0,84,126" /><INIT seed="7,1,0,2,4,126" ten="298,265,227,210" oya="3" hai0="21,49,116,30,96,34,82,5,119,0,129,112,123" hai1="26,80,83,128,94,53,50,93,81,6,23,121,90" hai2="1,98,77,2,108,16,131,46,20,120,39,67,29" hai3="62,115,95,88,66,122,36,118,101,33,134,60,42"/><W135/><G122/><T76/><D123/><U44/><E128/><V63/><F108/><W107/><G118/><T47/><D34/><U14/><E121/><V79/><F120/><W103/><G33/><T35/><D35/><U10/><REACH who="1" step="1"/><E90/><REACH who="1" ten="298,255,227,210" step="2"/><V55/><F131/><W11/><G115/><T8/><D129/><U51/><E51/><V127/><F39/><W64/><G62/><T48/><D112/><U109/><E109/><V24/><F63/><W99/><G11/><T87/><D49/><U78/><E78/><V32/><F79/><W18/><G103/><T104/><D48/><U106/><E106/><V57/><F77/><W84/><G18/><AGARI ba="1,1" hai="6,10,14,18,23,26,44,50,53,80,81,83,93,94" machi="18" ten="40,5200,0" yaku="1,1,8,1,53,1" doraHai="126" doraHaiUra="7" who="1" fromWho="3" sc="298,0,255,65,227,0,210,-55" owari="298,10.0,320,41.0,227,-17.0,155,-34.0" /></mjloggm>