<mjloggm ver="2.3"><GO type="185" lobby="0"/><UN n0="%73%74%72%65%67%69%73" n1="%E3%82%82%E3%82%8D%E3%82%86%E3%81%86" n2="%E8%B5%A4%E8%A3%8F%E3%83%9B%E3%82%B7%E3%83%BC%E3%83%8E" n3="" dan="17,16,16,0" rate="2217.73,2110.09,2157.90,1500.00" sx="M,M,M,C"/><TAIKYOKU oya="0"/><INIT seed="0,0,0,3,5,86" ten="350,350,350,0" oya="0" hai0="133,58,42,38,122,85,69,75,84,50,105,103,101" hai1="95,78,125,111,127,94,0,115,48,52,135,131,113" hai2="55,44,119,98,40,128,120,83,60,64,123,51,93" hai3=""/><T96/><N who="0" m="31264" /><T66/><D75/><U67/><E0/><V36/><N who="2" m="30752" /><V130/><N who="2" m="31520" /><V134/><F119/><T70/><D133/><U57/><E135/><V97/><F134/><T56/><D103/><U118/><E118/><V100/><F83/><T62/><D70/><U37/><E37/><V65/><F98/><T80/><D58/><U71/><E131/><N who="2" m="50219" /><F60/><T79/><D85/><U129/><E129/><V81/><F81/><T59/><REACH who="0" step="1"/><D50/><REACH who="0" ten="340,350,350,0" step="2"/><U3/><E48/><V41/><F40/><T74/><D74/><U76/><E57/><AGARI ba="0,1" hai="36,41,44,51,55,57,64,65,93,97,100" m="50219,31520,30752" machi="57" ten="30,3900,0" yaku="19,1,52,2" doraHai="86" who="2" fromWho="1" sc="340,0,350,-39,350,49,0,0" /><INIT seed="1,0,0,1,0,44" ten="340,311,399,0" oya="1" hai0="81,107,133,105,123,101,78,70,72,121,108,56,135" hai1="127,40,68,64,62,66,69,99,54,49,76,84,48" hai2="55,112,39,90,60,85,34,96,116,67,74,125,41" hai3=""/><U87/><E127/><V61/><F125/><T104/><N who="0" m="31008" /><T93/><N who="0" m="31520" /><T130/><D70/><U100/><E40/><V134/><F34/><T58/><D58/><U103/><E76/><V102/><F74/><T52/><D108/><U115/><E99/><V122/><N who="2" m="31264" /><V77/><F77/><T2/><D2/><U129/><E54/><V124/><F55/><T88/><D101/><U46/><E46/><V36/><F41/><T120/><N who="0" m="30752" /><T45/><D45/><U3/><E3/><V82/><F61/><T71/><D71/><U63/><REACH who="1" step="1"/><E129/><REACH who="1" ten="340,301,399,0" step="2"/><V79/><F124/><T126/><D126/><U0/><E0/><V73/><F79/><T110/><D130/><U119/><E119/><V57/><F96/><T80/><D110/><U114/><AGARI ba="0,1" hai="48,49,62,63,64,66,68,69,84,87,100,103,114,115" machi="114" ten="25,12000,2" yaku="1,1,0,1,22,2,52,2,53,0" doraHai="44" doraHaiUra="51" who="1" fromWho="1" sc="340,-60,301,130,399,-60,0,0" /><INIT seed="1,1,0,4,2,37" ten="280,431,339,0" oya="1" hai0="124,49,34,114,127,56,109,55,50,101,100,125,33" hai1="120,122,91,88,105,35,67,74,61,68,46,93,58" hai2="89,128,41,70,104,90,59,110,66,0,83,71,95" hai3=""/><U82/><N who="1" m="30752" /><U63/><N who="1" m="31264" /><U77/><E35/><N who="0" m="13321" /><D114/><U3/><E3/><V118/><F83/><T102/><D109/><U42/><E105/><V81/><F81/><T39/><D39/><U48/><E93/><V99/><F95/><T62/><AGARI ba="1,0" hai="49,50,55,56,62,100,101,102,124,125,127" m="13321" machi="62" ten="40,1100,0" yaku="18,1" doraHai="37" who="0" fromWho="0" sc="280,13,431,-8,339,-5,0,0" /><INIT seed="2,0,0,0,4,100" ten="293,423,334,0" oya="2" hai0="62,51,34,83,117,73,121,60,113,79,119,93,59" hai1="42,32,44,40,48,131,80,76,85,103,122,98,92" hai2="105,89,123,35,112,0,72,128,43,90,102,66,108" hai3=""/><V87/><N who="2" m="31520" /><V132/><F0/><T41/><N who="0" m="31008" /><T88/><D34/><U37/><N who="1" m="31264" /><U99/><E32/><V2/><F2/><T135/><D135/><U71/><E71/><V86/><F35/><T127/><D127/><U55/><E131/><V65/><F43/><T134/><D134/><U54/><E37/><V129/><F132/><T50/><D62/><U106/><REACH who="1" step="1"/><E54/><REACH who="1" ten="293,413,334,0" step="2"/><V53/><F53/><T70/><D70/><U91/><AGARI ba="0,1" hai="40,42,44,48,55,76,80,85,91,92,98,99,103,106" m="31264" machi="91" ten="20,9000,2" yaku="1,1,2,1,0,1,7,1,52,2,53,1" doraHai="100" doraHaiUra="45" who="1" fromWho="1" sc="293,-30,413,100,334,-60,0,0" /><INIT seed="4,0,0,0,3,67" ten="263,513,274,0" oya="0" hai0="68,77,79,78,45,124,105,33,50,34,135,81,96" hai1="91,72,35,88,57,47,121,102,39,52,75,58,115" hai2="42,133,104,49,37,3,131,46,87,41,129,2,48" hai3=""/><T82/><D135/><U112/><N who="1" m="31008" /><U103/><E35/><V95/><F104/><T116/><D116/><U64/><E64/><V38/><F133/><T94/><D105/><U101/><E39/><V73/><F87/><T0/><D0/><U53/><E47/><V100/><F46/><T66/><D124/><U106/><E106/><V56/><F95/><T85/><D34/><U89/><E58/><V99/><F56/><T118/><D118/><U90/><N who="1" m="22528" /><DORA hai="65" /><U71/><E71/><V55/><F100/><T84/><D33/><U44/><E44/><V97/><REACH who="2" step="1"/><F55/><REACH who="2" ten="263,513,264,0" step="2"/><N who="1" m="21065" /><E57/><V83/><F83/><T63/><D78/><U51/><E51/><V126/><F126/><T1/><D1/><U117/><E117/><V128/><F128/><T113/><D50/><U32/><E32/><V69/><F69/><T111/><D45/><U114/><AGARI ba="0,1" hai="72,75,101,102,103,112,114,115" m="21065,22528,31008" machi="114" ten="60,12000,3" yaku="29,2,28,2,15,1,11,1,52,1,54,2" doraHai="67,65" who="1" fromWho="1" sc="263,-80,513,130,264,-40,0,0" /><INIT seed="5,0,0,2,1,90" ten="183,643,224,0" oya="1" hai0="47,133,116,122,88,89,68,128,135,134,49,51,126" hai1="113,132,84,121,79,71,35,106,46,50,111,102,61" hai2="98,45,78,91,100,54,110,38,117,131,2,52,60" hai3=""/><U92/><N who="1" m="31008" /><U3/><E35/><V109/><F2/><T48/><N who="0" m="31264" /><T124/><D68/><U97/><E3/><V80/><F117/><T95/><D116/><U63/><E111/><V36/><F91/><N who="0" m="34890" /><D95/><U64/><E132/><N who="0" m="33793" /><T120/><N who="0" m="30752" /><DORA hai="67" /><T37/><D128/><U129/><E113/><V1/><F131/><T82/><D82/><U72/><E72/><V119/><F80/><T118/><D118/><U43/><E129/><V81/><F81/><T87/><D87/><U123/><N who="1" m="31520" /><U112/><E112/><V85/><F85/><T58/><D58/><U108/><E108/><V66/><F119/><T101/><D101/><U75/><E75/><V42/><F100/><T86/><D86/><U62/><E79/><V77/><F77/><T93/><D93/><U127/><E84/><V70/><F78/><T69/><D69/><U115/><E115/><V83/><F70/><T94/><D94/><U125/><E92/><V65/><F83/><T57/><D57/><U130/><E130/><V53/><F110/><T103/><D103/><U55/><E63/><V105/><F60/><T96/><D96/><U44/><E62/><V40/><F98/><T74/><D74/><U32/><E32/><V33/><F33/><RYUUKYOKU ba="0,0" sc="183,10,643,10,224,-20,0,0" hai0="37,47,48,49,51,124,126" hai1="43,44,46,50,55,61,64,71,97,102,106,125,127" /><INIT seed="5,1,0,2,4,73" ten="193,653,204,0" oya="1" hai0="61,51,110,46,50,2,70,68,132,98,71,88,75" hai1="108,103,123,44,77,72,90,45,49,63,122,74,64" hai2="99,102,134,59,131,100,121,135,120,35,115,112,76" hai3=""/><U57/><N who="1" m="31264" /><U87/><N who="1" m="31520" /><U117/><E117/><V78/><N who="2" m="30752" /><V129/><N who="2" m="31008" /><V65/><F35/><T48/><D2/><U133/><E108/><V104/><F59/><T42/><D75/><U96/><E133/><N who="2" m="50699" /><F65/><T0/><D132/><U92/><E77/><N who="2" m="29803" /><F102/><T124/><D0/><U118/><E118/><V125/><F125/><T56/><D110/><U79/><E79/><V38/><F38/><T93/><REACH who="0" step="1"/><D124/><REACH who="0" ten="183,653,204,0" step="2"/><U69/><E74/><V34/><F34/><T94/><D94/><U33/><E33/><V1/><F1/><T55/><AGARI ba="1,1" hai="42,46,48,50,51,55,56,61,68,70,71,88,93,98" machi="55" ten="30,3000,0" yaku="1,1,0,1,54,1,53,0" doraHai="73" doraHaiUra="114" who="0" fromWho="0" sc="183,42,653,-21,204,-11,0,0" /><INIT seed="6,0,0,5,2,42" ten="225,632,193,0" oya="2" hai0="115,88,120,56,87,48,122,35,43,40,72,126,95" hai1="68,37,77,60,112,118,53,114,132,41,102,92,113" hai2="107,62,78,111,51,58,106,135,73,47,110,76,86" hai3=""/><V108/><F73/><T69/><N who="0" m="30752" /><T93/><N who="0" m="31264" /><T74/><D35/><U61/><E132/><V89/><F135/><T84/><D69/><U71/><E118/><V101/><F101/><T70/><D70/><N who="1" m="26667" /><E77/><N who="2" m="29803" /><F58/><T82/><D126/><U98/><E53/><V105/><F62/><N who="1" m="24169" /><E41/><V59/><F59/><T129/><D40/><U49/><E49/><V66/><F66/><T46/><D56/><U130/><E130/><V63/><F63/><T32/><D129/><U96/><E96/><V121/><N who="2" m="31008" /><V134/><F134/><T91/><D32/><U65/><E65/><V39/><F39/><AGARI ba="0,0" hai="37,39,92,98,102,112,113,114" m="24169,26667" machi="39" ten="40,1300,0" yaku="15,1" doraHai="42" who="1" fromWho="2" sc="225,0,632,13,193,-13,0,0" owari="225,-17.0,645,59.0,180,-42.0,0,0.0" /></mjloggm>