<mjloggm ver="2.3"><GO type="169" lobby="0"/><UN n0="%E6%82%A0%E3%80%85%2E" n1="%53%61%6F%2D%48%7A%78" n2="%E6%84%9A%E5%BE%B9" n3="%E3%82%AB%E3%82%B6%E3%83%A9%E3%82%AD" dan="16,17,16,17" rate="2124.57,2164.08,2068.21,2281.62" sx="M,F,M,M"/><TAIKYOKU oya="0"/><INIT seed="0,0,0,0,1,3" ten="250,250,250,250" oya="0" hai0="118,2,128,4,64,114,132,25,104,99,81,68,7" hai1="122,14,46,51,37,108,103,9,13,15,31,57,19" hai2="65,39,107,110,0,130,58,52,100,38,54,78,119" hai3="70,62,85,53,116,96,47,22,41,49,11,92,67"/><T80/><D118/><U102/><E122/><V34/><F78/><W133/><G116/><T94/><D114/><U12/><E108/><V98/><F119/><W69/><G133/><T21/><D104/><U111/><E111/><V112/><F112/><W105/><G105/><T30/><D128/><U120/><E120/><V117/><F110/><W75/><G75/><T18/><D132/><U84/><E37/><V90/><F117/><W87/><G69/><T44/><D68/><U77/><E31/><V43/><F34/><W61/><G22/><N who="0" m="15671" /><D44/><U86/><E57/><V66/><F54/><W10/><G62/><T71/><D64/><U27/><E27/><V125/><F125/><W93/><G93/><T109/><D2/><U95/><E77/><V126/><F126/><W131/><G131/><T82/><D71/><U123/><E123/><V8/><F90/><W79/><G53/><T106/><D106/><U36/><E36/><V127/><F39/><W23/><G23/><T73/><D73/><U124/><E124/><V56/><F56/><W48/><G79/><T32/><D32/><U91/><REACH who="1" step="1"/><E84/><REACH who="1" ten="250,240,250,250" step="2"/><V72/><F127/><W42/><G85/><T28/><D28/><U101/><E101/><V134/><F72/><W129/><G87/><T24/><D109/><U29/><E29/><V60/><F130/><W63/><G129/><T115/><D115/><U76/><E76/><V16/><F134/><W113/><G113/><T33/><D33/><U97/><E97/><V17/><F66/><W5/><G67/><T88/><AGARI ba="0,1" hai="4,7,18,21,24,80,81,82,88,94,99" m="15671" machi="88" ten="30,11700,0" yaku="8,1,52,2,54,1" doraHai="3" who="0" fromWho="0" sc="250,127,240,-39,250,-39,250,-39" /><INIT seed="0,1,0,3,0,20" ten="377,201,211,211" oya="0" hai0="47,87,1,113,123,71,94,104,116,109,0,78,92" hai1="98,115,17,73,95,121,112,39,46,108,75,93,53" hai2="6,68,29,26,12,21,57,131,13,125,4,44,11" hai3="62,86,40,48,61,64,72,105,69,28,82,15,24"/><T89/><D71/><U117/><E121/><V27/><F68/><W59/><G72/><T22/><D123/><U7/><E117/><V132/><F44/><W107/><G15/><T18/><D104/><U101/><E108/><V84/><F131/><W102/><G48/><T37/><D113/><N who="1" m="43595" /><E7/><N who="2" m="3199" /><F84/><W41/><G41/><T76/><D116/><U134/><E134/><V38/><F57/><W54/><G40/><T30/><D47/><U3/><E3/><V129/><F38/><W52/><G54/><T32/><D37/><U49/><E39/><V35/><F129/><W111/><G102/><T81/><D109/><U36/><E36/><V2/><F125/><W85/><G85/><T133/><D133/><U83/><E83/><V5/><F132/><W110/><G110/><T55/><D55/><U88/><E17/><N who="2" m="12591" /><F13/><W77/><REACH who="3" step="1"/><G111/><REACH who="3" ten="377,201,211,201" step="2"/><T66/><D0/><AGARI ba="1,1" hai="0,2,4,5,6,27,29,35" m="12591,3199" machi="0" ten="30,12000,2" yaku="35,5,52,2" doraHai="20" who="2" fromWho="0" sc="377,-123,201,0,211,133,201,0" /><INIT seed="1,0,0,2,3,105" ten="254,201,344,201" oya="1" hai0="39,133,6,100,16,33,34,99,115,1,68,60,72" hai1="17,119,32,11,9,92,41,29,58,71,36,70,61" hai2="27,122,84,28,66,86,4,67,89,74,13,42,82" hai3="52,111,26,126,106,76,135,117,47,46,124,81,112"/><U113/><E113/><V21/><F122/><W91/><G106/><N who="0" m="63775" /><D16/><U134/><E119/><V55/><F74/><W95/><G112/><T38/><D133/><U120/><E120/><V10/><F42/><W57/><G117/><T104/><D104/><U108/><E134/><V96/><F96/><W23/><G111/><T64/><D72/><U109/><E92/><V79/><REACH who="2" step="1"/><F55/><REACH who="2" ten="254,201,334,201" step="2"/><W83/><G135/><T24/><D115/><U35/><E41/><V132/><F132/><W12/><G126/><T65/><D65/><U94/><E109/><V97/><F97/><W75/><G124/><T18/><D39/><U37/><E108/><V116/><F116/><W107/><G107/><T44/><D38/><U48/><E36/><V69/><F69/><W102/><G102/><T85/><D64/><U19/><E37/><V8/><F8/><W129/><G129/><T103/><D68/><U25/><E70/><V40/><F40/><W101/><G101/><T77/><D103/><U118/><E71/><V128/><F128/><W121/><G121/><T88/><D34/><U131/><E118/><V14/><F14/><W125/><G12/><T56/><D33/><U2/><E131/><V49/><F49/><W78/><G125/><T98/><D98/><U127/><E127/><V87/><F87/><N who="3" m="52735" /><G23/><T73/><D73/><U93/><E35/><V43/><F43/><W50/><G26/><T63/><D24/><U123/><E123/><V53/><F53/><W0/><G0/><T7/><D1/><U30/><E2/><V90/><F90/><W45/><G75/><T31/><D88/><RYUUKYOKU ba="0,1" sc="254,-15,201,-15,334,15,201,15" hai2="4,10,13,21,27,28,66,67,79,82,84,86,89" hai3="45,46,47,50,52,57,76,78,81,83" /><INIT seed="2,1,1,2,0,86" ten="239,186,349,216" oya="2" hai0="134,93,88,83,66,60,23,49,34,81,18,52,56" hai1="62,31,108,75,95,54,80,27,96,68,33,115,71" hai2="41,103,16,36,85,40,10,19,111,73,45,59,123" hai3="5,89,106,25,32,70,127,76,92,91,82,38,43"/><V51/><F123/><W69/><G106/><T11/><D34/><U114/><E108/><V107/><F73/><W65/><G65/><T97/><D11/><U109/><E109/><V48/><F111/><W79/><G25/><T67/><D134/><U105/><E105/><V102/><F107/><W30/><G30/><T47/><D67/><U17/><E114/><V7/><F36/><W28/><G28/><T122/><D122/><U116/><E116/><V87/><F10/><W74/><G32/><T135/><D135/><U50/><E17/><V121/><F121/><W8/><G79/><T14/><AGARI ba="1,1" hai="14,18,23,47,49,52,56,60,66,81,83,88,93,97" machi="14" ten="20,12000,2" yaku="0,1,7,1,8,1,52,1,54,2" doraHai="86" who="0" fromWho="0" sc="239,133,186,-31,349,-61,216,-31" /><INIT seed="3,0,0,3,2,9" ten="372,155,288,185" oya="3" hai0="108,135,67,4,123,76,15,107,16,89,95,66,1" hai1="119,61,58,122,111,129,116,64,90,33,5,32,75" hai2="41,56,130,113,127,125,87,40,38,103,102,29,13" hai3="93,112,100,73,37,91,10,104,132,86,94,97,17"/><W30/><G30/><T46/><D108/><U42/><E122/><V31/><F113/><W99/><G37/><T115/><D107/><U18/><E111/><V128/><F87/><W49/><G112/><T54/><D123/><U98/><E129/><N who="2" m="49771" /><F56/><W2/><G73/><T24/><D76/><U48/><E75/><V85/><F85/><W105/><G132/><T6/><D24/><U110/><E5/><V121/><F38/><W96/><G49/><N who="0" m="28983" /><D1/><U3/><E3/><V26/><F13/><N who="3" m="7351" /><G2/><T39/><D39/><U101/><E110/><V71/><F71/><W62/><G105/><T74/><D135/><U124/><E124/><N who="2" m="47691" /><F121/><W8/><G104/><T84/><D74/><U45/><E101/><N who="2" m="38411" /><F26/><W79/><G62/><T19/><D115/><U53/><E116/><V22/><F22/><W51/><G79/><T25/><D25/><U47/><E119/><V7/><F7/><W20/><G20/><T28/><D6/><U55/><E61/><V118/><F118/><W34/><G34/><T12/><D4/><U35/><E35/><V60/><F60/><W117/><G117/><T23/><D66/><U106/><E33/><V120/><F120/><W65/><G65/><T92/><D67/><U68/><E32/><V0/><F0/><W80/><G8/><T114/><D114/><U27/><E64/><V126/><N who="2" m="47699" /><V109/><DORA hai="82" /><F109/><W78/><G51/><T72/><D72/><U11/><E68/><V21/><F21/><W50/><G50/><T133/><D23/><N who="1" m="13815" /><E11/><V88/><F88/><W52/><G97/><T36/><D36/><U81/><E98/><RYUUKYOKU ba="0,0" sc="372,-15,155,-15,288,15,185,15" hai2="29,31,40,41" hai3="52,78,80,86,91,93,94,96,99,100" /><INIT seed="3,1,0,2,5,42" ten="357,140,303,200" oya="3" hai0="30,91,52,2,0,44,13,121,96,49,61,46,31" hai1="127,20,34,113,86,101,22,107,111,88,130,40,29" hai2="112,35,85,37,39,14,93,69,25,68,117,56,47" hai3="59,116,21,54,104,108,118,84,115,12,123,17,67"/><W105/><G115/><T19/><D121/><U79/><E113/><V57/><F112/><W10/><G123/><T58/><D2/><U131/><E111/><V7/><F117/><W95/><G67/><T9/><D0/><U122/><E122/><V18/><F7/><W41/><G41/><T94/><REACH who="0" step="1"/><D44/><REACH who="0" ten="347,140,303,200" step="2"/><U15/><E131/><V11/><F47/><W50/><G108/><T133/><D133/><U43/><E130/><V6/><F39/><W53/><G118/><T134/><D134/><U135/><E135/><V38/><F38/><W125/><G116/><T60/><D60/><U114/><E114/><V28/><F37/><W109/><G109/><T129/><D129/><U5/><E40/><AGARI ba="1,1" hai="9,13,19,30,31,40,46,49,52,58,61,91,94,96" machi="40" ten="30,8000,1" yaku="1,1,7,1,8,1,52,1,54,1,53,0" doraHai="42" doraHaiUra="97" who="0" fromWho="1" sc="347,93,140,-83,303,0,200,0" /><INIT seed="4,0,0,4,3,73" ten="440,57,303,200" oya="0" hai0="30,43,130,109,79,48,110,58,74,34,125,106,29" hai1="24,10,51,61,129,68,19,80,69,105,133,5,44" hai2="41,15,89,0,99,97,2,66,123,64,86,78,6" hai3="59,104,108,42,36,18,49,75,70,91,46,37,72"/><T107/><D130/><U121/><E129/><V9/><F123/><W32/><G104/><T90/><D125/><U39/><E121/><V4/><F41/><W122/><G32/><T53/><D43/><U63/><E105/><N who="0" m="39945" /><D90/><U65/><E133/><V40/><F40/><W56/><G75/><T132/><D34/><U62/><E39/><V87/><F89/><W3/><G3/><T134/><D29/><U85/><E19/><V95/><F95/><W71/><G72/><T33/><D30/><U67/><E24/><V76/><F15/><W116/><G18/><T88/><D88/><U23/><E23/><V27/><F27/><W26/><G26/><T115/><D33/><U54/><E10/><AGARI ba="0,0" hai="0,2,4,6,9,10,64,66,76,78,86,87,97,99" machi="10" ten="25,6400,0" yaku="22,2,52,2" doraHai="73" who="2" fromWho="1" sc="440,0,57,-64,303,64,200,0" owari="440,54.0,-7,-51.0,367,17.0,200,-20.0" /></mjloggm>