<mjloggm ver="2.3"><GO type="225" lobby="0"/><UN n0="%E5%85%94%E6%96%AF%E5%9F%BA" n1="%E7%AD%89%E3%80%85%E5%8A%9B%E5%8A%87%E5%A0%B4" n2="%E3%83%89%E3%83%A9%E3%81%8F%E3%82%8C" n3="%E8%A8%88%E7%AE%97%E6%A9%9F%E8%87%AA%E7%84%B6" dan="16,16,17,18" rate="2038.31,2079.98,2172.53,2234.64" sx="M,M,M,M"/><TAIKYOKU oya="0"/><INIT seed="0,0,0,0,0,52" ten="250,250,250,250" oya="0" hai0="35,19,59,98,127,87,133,57,116,0,90,20,68" hai1="99,12,3,89,46,103,94,17,13,88,33,32,76" hai2="24,36,77,82,29,97,9,63,113,66,115,10,121" hai3="75,11,135,38,125,81,64,79,72,54,26,31,42"/><T122/><D35/><U14/><E3/><V130/><F36/><W34/><G125/><T118/><D122/><U18/><E76/><V131/><F121/><W30/><G135/><T111/><D68/><U83/><E33/><V132/><F132/><W2/><G30/><T21/><D133/><U91/><E32/><N who="2" m="20519" /><F97/><W7/><G64/><T65/><D0/><U124/><E124/><V27/><F27/><W73/><G54/><T108/><D65/><U93/><E83/><V71/><F10/><W51/><G51/><T40/><D127/><U25/><E25/><V49/><F9/><W44/><AGARI ba="0,0" hai="2,7,11,26,31,34,38,42,44,72,73,75,79,81" machi="44" ten="30,12000,2" yaku="0,1,25,2,33,3" doraHai="52" who="3" fromWho="3" sc="250,-60,250,-30,250,-30,250,120" /><INIT seed="1,0,0,1,3,47" ten="190,220,220,370" oya="1" hai0="4,50,29,11,124,104,115,117,46,32,52,5,33" hai1="106,108,125,121,25,62,74,92,135,1,72,86,89" hai2="48,0,57,88,39,16,109,114,113,94,79,103,116" hai3="95,20,129,91,73,107,24,37,12,10,82,96,6"/><U85/><E121/><V133/><F116/><W66/><G37/><T98/><D115/><N who="2" m="44042" /><F39/><W3/><G129/><T65/><D117/><U101/><E1/><V13/><F0/><W28/><G107/><T127/><D65/><U58/><E135/><V30/><F133/><W119/><G119/><T27/><D33/><U122/><E122/><V61/><F79/><W22/><G66/><T69/><D69/><U110/><E25/><V9/><F30/><W53/><G53/><T19/><D19/><U15/><E15/><V68/><F103/><W38/><G38/><T43/><D43/><U71/><E71/><V60/><F68/><W51/><G51/><T31/><D31/><U84/><E125/><N who="0" m="48201" /><D11/><U80/><E58/><V126/><F126/><W128/><G82/><T83/><D83/><U81/><E62/><V40/><F109/><N who="1" m="42089" /><E106/><V59/><F59/><W49/><G12/><T90/><D104/><U105/><E105/><V34/><F34/><W45/><G24/><T100/><D100/><U111/><N who="1" m="42097" /><U21/><DORA hai="7" /><E21/><V17/><F17/><W112/><G112/><T131/><D131/><U77/><E101/><V93/><F93/><AGARI ba="0,0" hai="4,5,27,29,32,46,50,52,90,93,98" m="48201" machi="93" ten="30,3900,0" yaku="18,1,52,1,54,1" doraHai="47,7" who="0" fromWho="2" sc="190,39,220,0,220,-39,370,0" /><INIT seed="2,0,0,5,0,96" ten="229,220,181,370" oya="2" hai0="135,77,53,8,54,119,118,131,35,41,124,123,70" hai1="4,47,61,48,59,24,11,25,57,16,87,111,95" hai2="129,31,26,98,5,18,49,33,32,62,36,76,44" hai3="3,104,99,132,88,71,14,110,93,107,63,121,115"/><V56/><F129/><W20/><G121/><T60/><D35/><U21/><E111/><V66/><F36/><W0/><G110/><T64/><D77/><U43/><E25/><V81/><F5/><W126/><G126/><T80/><D80/><U22/><E22/><V46/><F18/><W86/><G132/><T27/><D27/><U75/><E75/><V17/><F17/><W97/><G115/><T28/><D28/><U58/><E87/><V102/><F33/><W6/><G20/><T50/><D8/><U10/><E10/><V19/><F19/><W127/><G127/><T72/><D72/><U13/><REACH who="1" step="1"/><E95/><REACH who="1" ten="229,210,181,370" step="2"/><V84/><REACH who="2" step="1"/><F49/><REACH who="2" ten="229,210,171,370" step="2"/><W114/><G114/><T52/><D124/><U100/><E100/><V23/><F23/><W12/><G6/><T29/><D50/><U39/><E39/><V117/><F117/><W38/><G38/><T30/><D119/><U45/><E45/><V68/><F68/><W2/><G71/><T90/><D118/><U74/><E74/><V85/><F85/><W112/><G112/><T65/><D70/><U51/><E51/><V122/><F122/><W128/><G86/><T125/><D123/><U101/><E101/><V37/><F37/><W78/><G128/><T91/><D131/><U109/><E109/><V116/><F116/><W55/><G0/><T133/><D125/><U106/><E106/><AGARI ba="0,2" hai="26,31,32,44,46,56,62,66,76,81,84,98,102,106" machi="106" ten="30,5800,0" yaku="1,1,7,1,52,1,53,0" doraHai="96" doraHaiUra="9" who="2" fromWho="1" sc="229,0,210,-58,171,78,370,0" /><INIT seed="2,1,0,4,2,54" ten="229,152,249,370" oya="2" hai0="128,20,97,9,89,14,43,69,86,7,101,56,64" hai1="31,57,110,62,61,65,72,103,105,87,109,2,21" hai2="114,111,75,63,123,119,112,50,26,84,39,66,115" hai3="74,78,135,52,125,1,24,100,77,113,99,91,5"/><V117/><F75/><W40/><G40/><T60/><D128/><U51/><E72/><V85/><F39/><W122/><G122/><T0/><D43/><U124/><E2/><V33/><F123/><W15/><G1/><T68/><D20/><U133/><E133/><V8/><F8/><W47/><G135/><T70/><D0/><U96/><E124/><V98/><F50/><W16/><G113/><T129/><D129/><U59/><E51/><V45/><F45/><W81/><G5/><T90/><REACH who="0" step="1"/><D86/><REACH who="0" ten="219,152,249,370" step="2"/><U34/><E34/><V106/><F84/><W10/><G74/><T12/><D12/><U30/><E87/><V38/><F85/><W120/><G15/><T118/><D118/><U95/><E105/><AGARI ba="1,1" hai="7,9,14,56,60,64,68,69,70,89,90,97,101,105" machi="105" ten="40,5200,0" yaku="1,1,52,1,53,1" doraHai="54" doraHaiUra="53" who="0" fromWho="1" sc="219,65,152,-55,249,0,370,0" /><INIT seed="3,0,0,1,2,23" ten="284,97,249,370" oya="3" hai0="88,85,119,101,19,92,36,124,38,98,8,69,3" hai1="83,114,84,45,30,123,132,15,100,58,67,28,127" hai2="43,34,51,32,93,35,65,113,112,22,44,21,26" hai3="86,110,134,5,126,94,117,87,89,17,27,9,33"/><W13/><G117/><T71/><D119/><U39/><E123/><V2/><F2/><W102/><G126/><T25/><D124/><U40/><E127/><V78/><F65/><W99/><G134/><T62/><D3/><U111/><E114/><V77/><F93/><W47/><G110/><T125/><D125/><U122/><E122/><V56/><F22/><N who="3" m="13775" /><G33/><T107/><D8/><U6/><E132/><V109/><F109/><W80/><G86/><T20/><REACH who="0" step="1"/><D62/><REACH who="0" ten="274,97,249,370" step="2"/><U131/><E111/><V97/><F97/><W49/><G49/><T53/><D53/><U105/><E131/><V75/><F113/><W70/><G70/><AGARI ba="0,1" hai="19,20,25,36,38,69,70,71,85,88,92,98,101,107" machi="70" ten="40,8000,1" yaku="1,1,52,1,54,1,53,1" doraHai="23" doraHaiUra="14" who="0" fromWho="3" sc="274,90,97,0,249,0,370,-80" owari="364,46.0,97,-40.0,249,-15.0,290,9.0" /></mjloggm>