<mjloggm ver="2.3"><GO type="169" lobby="0"/><UN n0="%E3%82%A2%E3%83%95%E3%83%AA%E3%82%AB" n1="%E8%8A%B1%E6%A1%9C%E9%87%8C" n2="%6B%61%6B%6B%6F%E6%A3%A0" n3="%E6%8C%AF%E3%82%8A%E8%BE%BC%E3%81%BF%E3%83%9E%E3%82%B8%E3%83%B3%E3%82%AC" dan="16,16,16,16" rate="2185.77,2124.09,2106.59,2092.96" sx="M,M,M,M"/><TAIKYOKU oya="0"/><INIT seed="0,0,0,3,2,80" ten="250,250,250,250" oya="0" hai0="74,95,82,108,25,26,59,70,51,89,77,83,27" hai1="4,53,132,28,22,79,13,3,36,47,73,96,35" hai2="58,9,32,8,17,127,78,91,10,120,34,21,29" hai3="75,69,66,110,133,33,97,40,46,116,50,125,72"/><T102/><BYE who="3" /><D70/><U54/><E132/><V76/><F120/><W15/><G15/><T103/><D108/><UN n3="%E6%8C%AF%E3%82%8A%E8%BE%BC%E3%81%BF%E3%83%9E%E3%82%B8%E3%83%B3%E3%82%AC" /><U45/><E96/><V49/><F127/><W65/><G33/><T107/><D83/><U52/><E79/><V126/><F126/><W100/><G110/><T42/><D107/><U7/><E73/><V117/><F117/><W61/><G133/><T90/><D90/><U128/><E128/><V85/><F85/><W111/><G111/><T20/><D20/><U84/><E84/><V16/><F29/><W1/><G1/><T31/><D31/><U98/><E98/><V134/><F134/><W44/><G116/><T86/><REACH who="0" step="1"/><D42/><REACH who="0" ten="240,250,250,250" step="2"/><U37/><E28/><V101/><F32/><W12/><G125/><T30/><D30/><U124/><E124/><V135/><F34/><W129/><G129/><T39/><D39/><U131/><E35/><V121/><F91/><W113/><G113/><T64/><D64/><U87/><E131/><V115/><F115/><W88/><G65/><T6/><D6/><U48/><E36/><V23/><F21/><W18/><G88/><T0/><D0/><U93/><E3/><V67/><F23/><W106/><REACH who="3" step="1"/><G46/><REACH who="3" ten="240,250,250,240" step="2"/><T123/><D123/><U112/><E47/><V119/><F121/><W71/><G71/><T60/><D60/><U63/><E63/><V105/><F119/><W55/><G55/><AGARI ba="0,2" hai="25,26,27,51,55,59,74,77,82,86,89,95,102,103" machi="55" ten="40,3900,0" yaku="1,1,52,1,53,0" doraHai="80" doraHaiUra="92" who="0" fromWho="3" sc="240,59,250,0,250,0,240,-39" /><INIT seed="0,1,0,1,4,57" ten="299,250,250,201" oya="0" hai0="47,39,128,134,27,48,49,51,31,109,124,42,101" hai1="35,55,119,52,80,112,69,122,64,12,19,114,65" hai2="43,17,22,9,83,100,92,16,123,50,68,67,79" hai3="0,29,127,113,7,98,86,15,25,28,44,97,105"/><T13/><D124/><U6/><E122/><V117/><F123/><W107/><G127/><T133/><D101/><U1/><E119/><V26/><F117/><W116/><G113/><T78/><D78/><U40/><E35/><V88/><F100/><W94/><G116/><T36/><D13/><U8/><E40/><V87/><F67/><W91/><G0/><T106/><D106/><U131/><E80/><V129/><F68/><W62/><G107/><T135/><D36/><U125/><E131/><V38/><F38/><W76/><G76/><T95/><D95/><U21/><E65/><V96/><F129/><W33/><G44/><T66/><D128/><U53/><REACH who="1" step="1"/><E125/><REACH who="1" ten="299,240,250,201" step="2"/><V103/><F43/><W3/><G33/><N who="0" m="20735" /><D66/><U56/><E56/><V61/><F50/><W121/><G121/><T75/><D75/><U73/><E73/><V77/><F61/><AGARI ba="1,1" hai="1,6,8,12,19,21,52,53,55,61,64,69,112,114" machi="61" ten="40,5200,0" yaku="1,1,52,1,54,1,53,0" doraHai="57" doraHaiUra="24" who="1" fromWho="2" sc="299,0,240,65,250,-55,201,0" /><INIT seed="1,0,0,3,0,66" ten="299,305,195,201" oya="1" hai0="128,118,129,10,3,68,31,14,6,57,124,34,132" hai1="84,95,8,134,100,11,123,121,47,15,23,49,99" hai2="30,102,125,51,82,29,13,61,114,2,89,69,28" hai3="110,131,79,17,58,59,67,105,38,94,85,21,101"/><U103/><E134/><V113/><F2/><W93/><G110/><T48/><D132/><U35/><E35/><V73/><F102/><W27/><G131/><T50/><D118/><U109/><E109/><V111/><F111/><W106/><G38/><T70/><D34/><U135/><E103/><V12/><F125/><W22/><G79/><T91/><D31/><U112/><E112/><N who="2" m="43115" /><F51/><W120/><G67/><T18/><D124/><U40/><E135/><V116/><F116/><W4/><G4/><T77/><D77/><U92/><E123/><V63/><F63/><W37/><G37/><T44/><D91/><U75/><E75/><V32/><F32/><W72/><G72/><T46/><D57/><U33/><E33/><V107/><F107/><W122/><G101/><T41/><D129/><U104/><E104/><V64/><F73/><W115/><G115/><T54/><REACH who="0" step="1"/><D128/><REACH who="0" ten="289,305,195,201" step="2"/><U45/><E121/><V62/><F89/><W39/><G58/><T98/><D98/><U9/><E99/><V108/><F108/><W127/><G59/><T133/><D133/><U60/><E100/><V56/><F82/><W43/><G127/><T130/><D130/><U117/><E117/><V119/><F119/><W5/><G122/><T24/><D24/><U74/><E95/><V83/><F83/><W16/><G93/><T1/><D1/><U20/><E92/><V88/><F88/><W87/><G94/><T0/><D0/><U78/><E78/><V19/><F19/><W97/><G16/><T53/><D53/><AGARI ba="0,1" hai="12,13,28,29,30,53,56,61,62,64,69" m="43115" machi="53" ten="30,2000,0" yaku="11,1,52,1" doraHai="66" who="2" fromWho="0" sc="289,-20,305,0,195,30,201,0" /><INIT seed="2,0,0,0,4,77" ten="269,305,225,201" oya="2" hai0="84,134,107,5,13,126,14,32,83,131,39,21,43" hai1="95,102,59,111,121,1,4,105,123,37,133,24,45" hai2="31,65,97,125,47,48,117,87,29,135,22,73,56" hai3="6,7,54,124,8,33,96,78,76,68,49,26,55"/><V3/><F73/><W60/><G124/><T44/><D32/><U57/><E105/><V109/><F125/><W86/><G96/><T72/><D107/><U98/><E111/><V132/><F117/><W115/><G115/><T58/><D72/><U88/><E133/><N who="2" m="51275" /><F3/><W100/><G100/><T80/><D134/><U12/><E1/><V11/><F109/><W112/><G112/><T38/><D38/><U35/><E102/><V17/><F11/><W71/><G33/><T103/><D103/><U42/><E4/><V99/><F87/><W23/><G71/><T53/><D126/><U30/><REACH who="1" step="1"/><E12/><REACH who="1" ten="269,295,225,201" step="2"/><N who="2" m="9511" /><F99/><W15/><G6/><T75/><D5/><U114/><E114/><V116/><F97/><W89/><G68/><T93/><D13/><U18/><E18/><V118/><F118/><W61/><G15/><T34/><D14/><U40/><E40/><N who="2" m="24679" /><F116/><W41/><G7/><T113/><D113/><U9/><E9/><V16/><F16/><W62/><G8/><T85/><D43/><U130/><E130/><V46/><F29/><W94/><G41/><T120/><D131/><U63/><E63/><N who="2" m="38119" /><F31/><N who="3" m="17887" /><G49/><T106/><D106/><U36/><E36/><V91/><F46/><W122/><G122/><AGARI ba="0,1" hai="24,30,35,37,42,45,57,59,88,95,98,121,122,123" machi="122" ten="40,8000,1" yaku="1,1,13,1,54,1,53,1" doraHai="77" doraHaiUra="90" who="1" fromWho="3" sc="269,0,295,90,225,0,201,-80" /><INIT seed="3,0,0,3,1,93" ten="269,385,225,121" oya="3" hai0="103,95,78,100,133,101,106,87,132,81,72,62,75" hai1="82,111,67,5,131,99,46,69,19,102,47,38,49" hai2="113,24,108,88,22,77,115,43,31,27,9,1,121" hai3="0,83,55,2,107,134,25,118,30,96,112,127,109"/><W42/><G112/><T86/><D62/><U85/><E111/><V39/><F108/><W98/><G118/><T53/><D53/><U116/><E131/><V35/><F77/><W51/><G134/><N who="0" m="51819" /><D106/><U122/><E122/><V23/><F121/><W73/><G127/><T97/><D87/><U56/><E116/><V29/><F43/><W71/><G71/><T61/><D61/><U57/><E5/><N who="2" m="1199" /><F88/><AGARI ba="0,0" hai="72,75,78,81,86,88,95,97,100,101,103" m="51819" machi="88" ten="30,8000,1" yaku="20,1,34,2,52,1,54,1" doraHai="93" who="0" fromWho="2" sc="269,80,385,0,225,-80,121,0" /><INIT seed="4,0,0,4,2,54" ten="349,385,145,121" oya="0" hai0="31,85,74,30,98,121,59,110,47,104,131,84,73" hai1="34,38,109,92,135,95,27,124,51,48,66,58,83" hai2="1,129,28,62,79,88,15,67,91,7,29,25,56" hai3="111,40,53,63,114,72,65,82,103,14,77,26,36"/><T126/><D47/><U49/><E38/><V130/><F1/><W105/><G114/><T43/><D43/><U44/><E109/><V99/><F79/><W106/><G111/><T132/><D110/><U16/><E135/><V33/><F28/><W127/><G127/><T81/><D81/><U87/><E34/><V115/><F115/><W134/><G134/><T24/><D24/><U6/><E6/><V97/><F7/><W60/><G103/><T46/><D46/><U0/><E0/><V123/><F123/><W116/><G116/><T20/><D20/><U21/><E124/><V4/><F97/><W102/><G102/><T80/><D80/><U42/><E42/><V86/><F99/><W107/><G26/><T69/><D98/><U22/><E22/><V37/><F37/><W5/><G40/><T133/><D126/><U128/><E44/><V75/><F75/><W13/><G5/><T2/><D2/><U68/><E68/><V41/><F41/><W11/><G11/><T35/><D35/><U90/><E128/><N who="2" m="49259" /><F86/><W93/><G93/><T122/><D131/><U9/><E9/><AGARI ba="0,0" hai="4,9,15,25,29,33,56,62,67,88,91" m="49259" machi="9" ten="30,3900,0" yaku="19,1,52,1,54,1" doraHai="54" who="2" fromWho="1" sc="349,0,385,-39,145,39,121,0" /><INIT seed="5,0,0,1,1,56" ten="349,346,184,121" oya="1" hai0="69,97,44,99,26,42,54,104,47,96,126,127,76" hai1="131,6,72,59,13,117,111,40,15,84,4,75,22" hai2="108,58,30,24,35,66,5,41,57,106,12,78,82" hai3="39,115,77,36,64,68,93,8,31,14,80,65,113"/><U17/><E117/><V120/><F108/><W128/><G128/><T23/><D69/><U19/><E131/><V74/><F120/><W98/><G31/><T85/><D104/><U132/><E111/><V61/><F41/><W62/><G65/><T46/><D54/><U119/><E119/><V55/><F106/><W123/><G123/><T43/><D85/><U53/><E40/><N who="0" m="15401" /><D23/><U50/><E132/><V18/><F5/><W16/><G98/><T33/><D26/><U32/><E32/><V1/><F1/><W79/><G93/><T105/><D105/><U70/><E70/><V114/><F114/><N who="3" m="43531" /><G79/><T34/><D76/><U48/><E75/><AGARI ba="0,0" hai="8,14,16,36,39,62,64,68,75,77,80" m="43531" machi="75" ten="30,3900,0" yaku="15,1,52,1,54,1" doraHai="56" who="3" fromWho="1" sc="349,0,346,-39,184,0,121,39" /><INIT seed="6,0,0,4,4,135" ten="349,307,184,160" oya="2" hai0="57,74,124,59,119,127,134,17,73,116,55,42,89" hai1="85,23,96,27,101,28,14,97,26,77,1,87,76" hai2="15,12,7,2,11,5,8,31,130,46,65,133,10" hai3="95,21,50,75,71,13,16,131,107,4,64,128,110"/><V33/><F65/><W103/><G110/><T32/><D32/><U106/><E1/><N who="2" m="47" /><F46/><W99/><G75/><N who="0" m="28683" /><D134/><U40/><E14/><N who="2" m="5163" /><F133/><W37/><G4/><T3/><D3/><U41/><E106/><V22/><F130/><N who="3" m="49707" /><G37/><T48/><D17/><U25/><E101/><V121/><F121/><W86/><G50/><T115/><D115/><U100/><E100/><V92/><F92/><W38/><G38/><T105/><D105/><U68/><E68/><V118/><F118/><N who="0" m="45098" /><D89/><U132/><E132/><V80/><F80/><W0/><G0/><T44/><D57/><U56/><E56/><V81/><F81/><W49/><G49/><AGARI ba="0,0" hai="42,44,48,49,55,59,124,127" m="45098,28683" machi="49" ten="30,3900,0" yaku="12,1,52,2" doraHai="135" who="0" fromWho="3" sc="349,39,307,0,184,0,160,-39" /><INIT seed="7,0,0,1,0,68" ten="388,307,184,121" oya="3" hai0="52,64,57,88,97,34,38,58,109,44,83,114,28" hai1="81,98,16,41,120,76,17,9,4,19,93,46,54" hai2="95,77,90,43,94,96,65,14,3,106,85,72,84" hai3="74,112,118,29,111,33,63,78,21,20,59,102,131"/><W40/><G118/><T15/><D109/><U22/><E54/><V125/><F3/><W10/><G112/><T107/><D34/><U56/><E56/><V71/><F43/><W121/><G121/><T103/><D28/><U31/><E31/><V50/><F71/><W133/><G131/><T37/><D114/><U60/><E60/><V110/><F110/><W24/><G133/><T11/><D57/><U51/><E120/><V80/><F65/><W13/><G111/><T116/><D64/><U53/><E53/><V5/><F50/><W82/><G102/><T89/><D116/><U67/><E67/><V0/><F0/><W66/><REACH who="3" step="1"/><G40/><REACH who="3" ten="388,307,184,111" step="2"/><T62/><D103/><U12/><E98/><V119/><F119/><W115/><G115/><T92/><D97/><U42/><E42/><V35/><F96/><W70/><G70/><T26/><D107/><U86/><REACH who="1" step="1"/><E93/><REACH who="1" ten="388,297,184,111" step="2"/><V61/><F95/><W36/><G36/><T48/><D92/><U113/><E113/><V6/><F94/><W135/><G135/><T105/><D38/><U108/><E108/><V134/><F134/><W69/><G69/><T132/><D37/><U87/><E87/><V2/><F85/><W8/><G8/><T27/><D132/><U39/><E39/><V7/><F84/><W99/><G99/><T1/><D11/><U49/><E49/><V128/><F106/><W32/><G32/><T123/><D105/><U117/><E117/><V100/><F35/><W124/><G124/><T73/><D48/><U104/><E104/><V122/><F125/><W101/><G101/><T45/><D123/><RYUUKYOKU ba="0,2" sc="388,-15,297,15,184,-15,111,15" hai1="4,9,12,16,17,19,22,41,46,51,76,81,86" hai3="10,13,20,21,24,29,33,59,63,66,74,78,82" /><INIT seed="7,1,2,4,4,60" ten="373,312,169,126" oya="3" hai0="41,87,52,86,122,105,20,56,36,74,39,19,70" hai1="3,135,34,1,72,16,65,15,27,62,29,111,98" hai2="0,117,125,68,118,5,119,97,18,129,134,100,23" hai3="4,40,77,43,25,61,22,85,102,69,50,94,114"/><W37/><G114/><T58/><D74/><U54/><E111/><V104/><F68/><W10/><G37/><T48/><D105/><U106/><E72/><V133/><F129/><W110/><G110/><T59/><D70/><N who="1" m="42295" /><E54/><V26/><F125/><W53/><G77/><T82/><D122/><U73/><E73/><V90/><F90/><W33/><G33/><T8/><D8/><N who="1" m="6247" /><E135/><N who="2" m="51723" /><F5/><W51/><G69/><T132/><D132/><U89/><E89/><V75/><F75/><W121/><G121/><T76/><D86/><U128/><E128/><V95/><F0/><W66/><G4/><T32/><D32/><U49/><E49/><N who="3" m="18442" /><G10/><T30/><D30/><U12/><E12/><V112/><F112/><W79/><G79/><T64/><D39/><U84/><E84/><V31/><F31/><N who="3" m="17847" /><G66/><T42/><D64/><U45/><E45/><V131/><F131/><W92/><G85/><T80/><D36/><U17/><E17/><V6/><F6/><W38/><G38/><T130/><D130/><U113/><E113/><V109/><F109/><W81/><G81/><T126/><D82/><U83/><E83/><V47/><F47/><W2/><G2/><T24/><D126/><U14/><E14/><V44/><F44/><AGARI ba="1,2" hai="19,20,24,41,42,44,48,52,56,58,59,76,80,87" machi="44" ten="40,2600,0" yaku="8,1,54,1" doraHai="60" who="0" fromWho="2" sc="373,49,312,0,169,-29,126,0" owari="422,52.0,312,11.0,140,-26.0,126,-37.0" /></mjloggm>