<mjloggm ver="2.3"><GO type="169" lobby="0"/><UN n0="%E3%83%9D%E3%83%B3%E3%81%A1%E3%82%83%E3%82%93%E2%98%86" n1="%E3%81%BF%E3%82%84%E3%81%B3%40%E6%9D%B1%E9%A2%A8" n2="%E7%A9%B4%E3%81%BD%E3%81%93%E4%BB%99%E4%BA%BA" n3="%53%65%72%69%61" dan="16,16,16,17" rate="2141.43,2111.84,2164.99,2122.33" sx="M,M,M,M"/><TAIKYOKU oya="0"/><INIT seed="0,0,0,0,4,17" ten="250,250,250,250" oya="0" hai0="116,103,27,60,42,115,106,63,72,67,5,41,36" hai1="1,85,75,6,114,123,129,66,64,82,131,47,45" hai2="120,87,10,38,2,68,25,50,13,128,8,3,91" hai3="54,80,33,59,4,78,48,127,83,29,134,77,69"/><T14/><D115/><U35/><E123/><V104/><F104/><W117/><G117/><T119/><D72/><U11/><E114/><V135/><F38/><W90/><G69/><T111/><D111/><U12/><E35/><V23/><F68/><W55/><G134/><T28/><D63/><U18/><E75/><V99/><F135/><W109/><G4/><T26/><D26/><U15/><E1/><V122/><F128/><W7/><G7/><T107/><D107/><U71/><E131/><V94/><F2/><W113/><G33/><T53/><D53/><U20/><E129/><V124/><F3/><W32/><G32/><N who="0" m="20511" /><D14/><U58/><E71/><V108/><F108/><W125/><G109/><T73/><D73/><U97/><E97/><V40/><F10/><W95/><G29/><T39/><D5/><U16/><E6/><V126/><F13/><W61/><G113/><T88/><D88/><N who="1" m="51255" /><E58/><V22/><F8/><W65/><G59/><N who="0" m="37279" /><D39/><U102/><E102/><V34/><F34/><W89/><G61/><T105/><D105/><U44/><AGARI ba="0,0" hai="11,12,15,16,18,20,44,45,47,64,66" m="51255" machi="44" ten="30,7900,0" yaku="8,1,52,1,54,2" doraHai="17" who="1" fromWho="1" sc="250,-39,250,79,250,-20,250,-20" /><INIT seed="1,0,0,1,0,41" ten="211,329,230,230" oya="1" hai0="113,128,34,104,93,59,82,56,129,108,45,105,118" hai1="121,132,130,38,86,99,26,36,109,90,131,60,22" hai2="91,16,11,115,66,80,96,81,5,44,62,42,32" hai3="75,54,65,19,40,98,49,119,47,12,85,27,30"/><U33/><E121/><V55/><F32/><W7/><G75/><T123/><D113/><U48/><E132/><V67/><F55/><W8/><G119/><T20/><D118/><U28/><E60/><V51/><F115/><W110/><G110/><T23/><D34/><U43/><E99/><V50/><F50/><W97/><G65/><N who="2" m="24585" /><F62/><W68/><G68/><T9/><D108/><U24/><E109/><V134/><F5/><W69/><G69/><T125/><D93/><U35/><E48/><V120/><F134/><W4/><G85/><T58/><D9/><U3/><E3/><V100/><F100/><W46/><G7/><T15/><D15/><U94/><E36/><V133/><F120/><W112/><G4/><T14/><D14/><U18/><REACH who="1" step="1"/><E35/><REACH who="1" ten="211,319,230,230" step="2"/><V74/><F133/><W76/><G112/><T29/><D123/><U39/><E39/><V0/><F0/><W70/><G70/><T83/><D128/><U114/><E114/><V17/><F96/><W107/><G98/><T126/><D129/><U95/><E95/><V6/><F51/><N who="3" m="27079" /><G97/><T21/><D105/><U88/><E88/><V72/><F91/><W101/><G107/><T53/><D104/><U102/><E102/><V106/><F106/><W77/><G101/><T57/><N who="0" m="14336" /><DORA hai="73" /><T124/><D29/><U92/><E92/><V116/><F116/><W31/><G31/><T2/><D2/><U63/><E63/><V103/><F103/><W89/><G89/><T61/><D61/><U84/><E84/><V79/><F74/><W1/><G1/><T71/><D71/><U117/><E117/><RYUUKYOKU ba="0,1" sc="211,10,319,10,230,-30,230,10" hai0="20,21,23,45,53,82,83,124,125,126" hai1="18,22,24,26,28,33,38,43,86,90,94,130,131" hai3="8,12,19,27,30,47,49,54,76,77" /><INIT seed="1,1,1,5,4,96" ten="221,329,200,240" oya="1" hai0="55,62,130,84,105,18,116,103,14,73,112,47,65" hai1="78,90,45,126,134,17,8,39,61,30,52,53,32" hai2="131,107,122,119,117,95,88,48,26,56,120,66,85" hai3="1,10,97,43,28,87,94,135,128,129,57,127,31"/><U22/><E134/><V20/><F107/><W59/><G135/><T54/><D116/><U83/><E126/><V91/><F131/><N who="3" m="50251" /><G127/><T71/><D112/><U69/><E90/><V13/><F13/><W51/><G87/><T121/><D73/><U7/><E69/><V79/><F79/><W16/><G43/><T99/><D130/><U72/><E61/><V110/><F110/><W114/><G114/><T64/><D64/><U115/><E115/><V34/><F34/><W77/><G77/><T4/><D4/><U92/><E92/><V49/><F117/><W15/><G1/><T93/><D121/><U38/><E30/><N who="3" m="11306" /><G51/><T100/><D47/><U106/><E32/><V42/><F42/><W132/><G132/><T63/><D63/><U108/><E108/><V118/><F118/><W60/><G60/><T23/><REACH who="0" step="1"/><D84/><REACH who="0" ten="211,329,200,240" step="2"/><U76/><E45/><V35/><F119/><W101/><AGARI ba="1,2" hai="10,15,16,57,59,94,97,101" m="11306,50251" machi="101" ten="30,4000,0" yaku="19,1,52,1,54,1" doraHai="96" who="3" fromWho="3" sc="211,-11,329,-21,200,-11,240,63" /><INIT seed="2,0,0,4,0,94" ten="200,308,189,303" oya="2" hai0="56,66,103,135,60,70,26,127,114,85,21,58,41" hai1="68,117,47,46,80,36,84,20,32,112,35,27,6" hai2="90,9,23,48,52,109,74,108,120,25,101,93,121" hai3="3,55,62,130,126,131,42,78,64,97,10,43,110"/><V34/><F74/><W88/><G110/><N who="2" m="42601" /><F101/><W45/><G126/><T50/><D114/><U11/><E112/><V82/><F82/><W31/><G31/><T113/><D113/><U12/><E68/><V76/><F9/><W69/><G78/><T8/><D127/><U37/><E117/><V96/><F34/><W22/><G22/><T83/><D103/><U116/><E116/><V98/><F76/><W106/><G55/><T18/><D135/><U92/><E92/><V134/><F134/><W133/><G133/><T24/><D24/><U53/><E35/><V102/><F23/><W0/><G43/><T119/><D8/><U111/><E32/><V40/><F40/><W86/><G10/><T19/><D19/><U72/><E111/><V15/><F15/><W63/><G3/><T44/><REACH who="0" step="1"/><D119/><REACH who="0" ten="190,308,189,303" step="2"/><U105/><E72/><V39/><F25/><W59/><G0/><T132/><D132/><U91/><E105/><N who="2" m="63687" /><F39/><W71/><G106/><T100/><D100/><U30/><E37/><V67/><F67/><W49/><G64/><T95/><D95/><U33/><E36/><V87/><F87/><W14/><G86/><T29/><D29/><U73/><E73/><V75/><F75/><W51/><G14/><T89/><AGARI ba="0,1" hai="18,21,26,41,44,50,56,58,60,66,70,83,85,89" machi="89" ten="20,5200,0" yaku="1,1,0,1,7,1,53,1" doraHai="94" doraHaiUra="38" who="0" fromWho="0" sc="190,62,308,-13,189,-26,303,-13" /><INIT seed="3,0,0,2,2,35" ten="252,295,163,290" oya="3" hai0="127,121,2,22,59,45,80,112,114,70,6,43,122" hai1="91,40,34,79,81,71,3,110,25,118,24,46,8" hai2="18,62,125,15,102,57,26,60,93,51,5,21,52" hai3="31,61,96,44,12,37,68,103,128,7,130,36,76"/><W108/><G76/><T23/><D70/><U101/><E91/><V116/><F125/><W63/><G31/><T10/><D59/><U109/><E101/><V131/><F131/><N who="3" m="50219" /><G108/><N who="1" m="41578" /><E71/><V49/><F116/><W119/><G119/><T124/><D80/><U107/><E107/><V133/><F133/><W47/><G12/><T120/><D45/><N who="3" m="17481" /><G7/><T134/><D43/><U54/><E54/><V30/><F5/><W88/><G88/><T89/><D89/><U41/><E41/><V72/><F72/><W11/><G11/><T83/><D83/><U13/><E118/><V98/><REACH who="2" step="1"/><F62/><REACH who="2" ten="252,295,153,290" step="2"/><N who="3" m="23563" /><G68/><T132/><D124/><U97/><E34/><AGARI ba="0,1" hai="15,18,21,26,30,34,49,51,52,57,60,93,98,102" machi="34" ten="30,3900,0" yaku="1,1,7,1,54,1,53,0" doraHai="35" doraHaiUra="38" who="2" fromWho="1" sc="252,0,295,-39,153,49,290,0" /><INIT seed="4,0,0,0,5,106" ten="252,256,202,290" oya="0" hai0="50,54,94,122,17,112,9,41,23,64,18,43,130" hai1="107,74,70,27,105,39,51,69,40,99,1,46,35" hai2="24,81,66,100,44,85,71,29,38,123,55,5,124" hai3="118,88,93,75,79,53,134,113,84,65,97,101,6"/><T90/><D122/><U80/><E1/><V8/><F123/><W2/><G118/><T127/><D112/><U104/><E51/><V19/><F124/><W117/><G117/><T103/><D103/><U91/><E99/><V121/><F121/><W14/><G113/><T59/><D130/><U12/><E12/><V135/><F135/><W4/><G134/><T67/><D127/><U108/><E91/><V57/><F100/><W33/><G33/><T114/><D114/><U73/><E108/><V56/><F19/><W47/><G2/><T86/><D9/><U30/><E80/><V16/><F71/><AGARI ba="0,0" hai="27,30,35,39,40,46,69,70,71,73,74,104,105,107" machi="71" ten="50,8000,1" yaku="33,3,52,2" doraHai="106" who="1" fromWho="2" sc="252,0,256,80,202,-80,290,0" /><INIT seed="5,0,0,3,4,43" ten="252,336,122,290" oya="1" hai0="72,121,45,0,76,40,68,73,77,74,110,81,108" hai1="126,48,69,109,122,65,99,33,47,115,54,105,116" hai2="86,58,118,84,56,80,18,61,95,8,16,67,52" hai3="55,36,119,50,90,71,46,135,127,41,27,78,11"/><U93/><E116/><V44/><F118/><W26/><G119/><T124/><D121/><U83/><E122/><V107/><F107/><W9/><G135/><T133/><D68/><U103/><E115/><V1/><F1/><W82/><G127/><T19/><D124/><U134/><E126/><V57/><F95/><W12/><G71/><T38/><D133/><U120/><E120/><V101/><F101/><W79/><G90/><T91/><D91/><U114/><E114/><V88/><F84/><W25/><G12/><T131/><D131/><U92/><E134/><V98/><F98/><W35/><G35/><T20/><D0/><U28/><E83/><V123/><F123/><W60/><G60/><T100/><D100/><U94/><E109/><V31/><F31/><W132/><G132/><T17/><D17/><N who="2" m="6762" /><F8/><W102/><G102/><T42/><D42/><U32/><REACH who="1" step="1"/><E28/><REACH who="1" ten="252,326,122,290" step="2"/><V34/><F34/><W62/><G82/><T87/><REACH who="0" step="1"/><D77/><REACH who="0" ten="242,326,122,290" step="2"/><U128/><E128/><V3/><F3/><W29/><G79/><T15/><AGARI ba="0,2" hai="15,19,20,38,40,45,72,73,74,76,81,87,108,110" machi="15" ten="30,12000,2" yaku="1,1,2,1,0,1,52,1,53,3" doraHai="43" doraHaiUra="106" who="0" fromWho="0" sc="242,140,326,-60,122,-30,290,-30" /><INIT seed="6,0,0,5,5,91" ten="382,266,92,260" oya="2" hai0="34,133,24,28,93,123,43,59,96,7,104,68,67" hai1="3,73,44,58,23,19,0,27,131,26,132,112,88" hai2="35,29,39,108,86,79,31,84,4,101,8,114,50" hai3="15,130,18,69,57,51,100,25,37,92,135,81,32"/><V85/><F39/><W78/><G69/><T30/><D123/><U46/><E112/><V48/><F79/><W128/><G37/><T52/><D28/><N who="2" m="10826" /><F35/><W87/><G32/><T126/><D7/><U116/><E116/><V89/><F114/><W72/><G25/><T83/><D83/><U90/><E73/><V11/><F108/><W20/><G135/><T80/><D80/><U60/><E132/><V56/><F101/><W17/><G17/><T13/><D13/><U111/><E111/><V120/><F120/><W95/><G100/><N who="0" m="62471" /><D133/><U115/><E115/><V110/><F110/><W82/><G57/><T16/><D16/><U106/><E106/><V71/><F71/><W6/><G51/><N who="2" m="19497" /><F56/><W65/><G65/><T22/><D43/><U1/><E131/><N who="3" m="50218" /><G6/><T77/><D77/><AGARI ba="0,0" hai="15,18,20,72,77,78,81,82,87,92,95" m="50218" machi="77" ten="30,3900,0" yaku="19,1,52,2" doraHai="91" who="3" fromWho="0" sc="382,-39,266,0,92,0,260,39" /><INIT seed="7,0,0,5,3,65" ten="343,266,92,299" oya="3" hai0="92,19,51,129,47,0,106,69,28,7,27,90,82" hai1="119,110,38,49,4,8,134,125,99,15,17,29,116" hai2="11,10,105,43,35,72,102,118,1,127,80,76,30" hai3="48,37,68,97,56,84,113,52,104,16,2,54,100"/><W45/><G113/><T59/><D106/><U21/><E49/><V20/><F20/><W55/><G2/><T95/><D69/><U111/><E99/><V39/><F11/><W64/><G84/><T41/><D129/><U88/><E88/><V103/><F127/><W61/><G16/><T63/><D19/><U124/><E38/><V5/><F103/><W77/><G77/><T109/><D109/><N who="1" m="41483" /><E29/><V112/><F112/><W78/><G78/><T42/><D42/><AGARI ba="0,0" hai="37,42,45,48,52,54,55,56,61,64,68,97,100,104" machi="42" ten="40,12000,1" yaku="24,2,52,1,54,1" doraHai="65" who="3" fromWho="0" sc="343,-120,266,0,92,0,299,120" owari="223,-18.0,266,7.0,92,-41.0,419,52.0" /></mjloggm>