<mjloggm ver="2.3"><GO type="169" lobby="0"/><UN n0="%E9%8A%80%E8%89%B2%E3%81%84%E3%81%8C%E3%81%90%E3%82%8A" n1="%4D%4D%44%54%30%37%31%35" n2="%E3%83%88%E3%83%B3%E3%83%8D%E3%83%AB%E5%A4%A9%E5%9B%BD" n3="%79%61%6D%69%6E%65%6B%6F" dan="17,16,16,16" rate="2173.77,2118.09,2141.43,2170.91" sx="M,M,M,F"/><TAIKYOKU oya="0"/><INIT seed="0,0,0,3,5,122" ten="250,250,250,250" oya="0" hai0="42,50,10,30,36,65,63,21,0,44,41,26,123" hai1="22,55,105,102,76,78,64,8,27,88,12,14,115" hai2="6,39,31,92,58,18,107,93,2,49,104,87,73" hai3="69,130,82,100,48,124,62,74,71,85,127,131,33"/><T119/><D123/><U38/><E105/><V83/><F39/><W59/><G33/><T111/><D119/><U57/><E102/><V95/><F73/><W68/><G100/><T66/><D111/><U112/><E64/><V54/><F31/><W4/><G4/><T15/><D0/><U98/><E38/><V114/><F18/><W134/><G85/><T86/><D36/><U5/><E14/><V43/><F43/><W129/><G82/><T94/><D42/><U108/><E108/><V16/><F6/><W61/><G74/><T11/><D63/><U28/><E115/><V81/><F81/><W60/><G134/><T116/><D10/><U47/><E47/><V84/><F84/><W19/><G19/><T45/><D44/><U126/><E126/><N who="3" m="48170" /><G48/><T34/><D34/><U32/><E32/><V132/><F2/><W23/><G23/><T24/><D26/><U17/><E28/><V7/><F7/><W101/><G101/><T35/><D116/><U113/><E112/><V1/><F1/><W133/><G133/><T37/><D35/><U80/><E80/><V106/><F132/><W117/><G117/><T20/><D20/><U53/><E53/><AGARI ba="0,0" hai="53,59,60,61,62,68,69,71,129,130,131" m="48170" machi="53" ten="40,8000,1" yaku="19,1,18,1,34,2" doraHai="122" who="3" fromWho="1" sc="250,0,250,-80,250,0,250,80" /><INIT seed="1,0,0,4,1,66" ten="250,170,250,330" oya="1" hai0="6,51,65,39,132,53,110,15,81,46,61,3,122" hai1="93,1,62,37,111,9,31,115,75,73,19,54,135" hai2="47,58,13,45,49,67,84,85,131,20,26,69,34" hai3="91,125,40,60,98,16,68,95,30,38,103,88,14"/><U130/><E115/><V99/><F131/><W114/><G114/><T29/><D3/><U119/><E119/><V23/><F34/><W102/><G125/><T128/><D128/><U7/><E31/><V41/><F99/><W5/><G5/><T50/><D39/><U33/><E130/><V120/><F120/><W105/><G30/><T104/><D104/><U112/><E33/><V2/><F2/><W100/><G40/><T117/><D117/><U83/><E112/><V118/><F13/><W90/><G38/><T109/><D29/><U21/><E37/><V113/><F47/><W32/><G32/><T8/><D132/><U12/><E111/><V52/><F118/><W116/><G116/><T97/><D122/><U36/><E36/><V63/><F113/><W133/><G133/><T129/><D97/><U87/><E93/><V56/><F20/><W123/><G123/><T11/><D11/><U92/><E92/><V35/><F35/><W108/><G108/><N who="0" m="41579" /><D51/><U80/><E80/><V43/><F43/><W79/><G79/><T4/><D81/><U59/><REACH who="1" step="1"/><E135/><REACH who="1" ten="250,160,250,330" step="2"/><V101/><F101/><W82/><G82/><T24/><D129/><U126/><E126/><V124/><F124/><W0/><G95/><T55/><D4/><U10/><E10/><V78/><F23/><W25/><G105/><T28/><D8/><U72/><E72/><V64/><F84/><W127/><G127/><T27/><D28/><U121/><E121/><V48/><F85/><W17/><G98/><T134/><D134/><U96/><E96/><V86/><F86/><W22/><G22/><RYUUKYOKU ba="0,1" sc="250,-10,160,30,250,-10,330,-10" hai1="1,7,9,12,19,21,54,59,62,73,75,83,87" /><INIT seed="1,1,1,2,3,53" ten="240,190,240,320" oya="1" hai0="82,130,71,34,57,93,16,19,2,121,38,122,54" hai1="59,90,118,58,22,92,46,41,27,131,18,98,106" hai2="125,134,6,124,97,133,81,112,3,14,55,32,87" hai3="128,42,47,36,104,75,7,132,1,115,111,56,63"/><U103/><E131/><V99/><F32/><W95/><G115/><T43/><D130/><U51/><REACH who="1" step="1"/><E118/><REACH who="1" ten="240,180,240,320" step="2"/><V65/><F133/><W120/><G128/><T10/><D121/><U12/><E12/><V26/><F14/><W72/><G132/><T4/><D122/><U20/><E20/><V76/><F134/><W73/><G120/><T105/><D34/><U114/><E114/><V119/><F112/><W60/><G1/><T45/><D105/><U23/><E23/><V52/><F119/><W40/><G104/><T101/><D71/><U17/><E17/><V35/><F124/><W5/><G7/><T116/><D116/><U91/><E91/><V50/><F125/><W77/><G5/><T8/><D8/><U29/><E29/><V117/><F117/><W96/><G77/><T79/><D101/><U129/><E129/><V48/><F6/><W13/><G13/><T39/><D39/><U126/><E126/><V88/><F3/><W44/><G111/><T68/><D68/><U37/><E37/><V127/><F88/><W83/><G36/><T33/><D33/><U89/><E89/><V9/><F9/><W25/><G25/><T15/><D15/><U64/><E64/><V69/><F127/><W61/><G83/><T94/><D93/><U110/><E110/><V30/><F26/><W66/><G95/><T107/><D94/><U113/><E113/><V100/><F81/><W21/><G21/><T85/><D107/><U31/><E31/><V80/><F80/><W49/><G96/><AGARI ba="1,2" hai="18,22,27,41,46,51,58,59,90,92,96,98,103,106" machi="96" ten="30,11600,0" yaku="1,1,7,1,52,2,53,0" doraHai="53" doraHaiUra="78" who="1" fromWho="3" sc="240,0,180,139,240,0,320,-119" /><INIT seed="1,2,0,4,4,92" ten="240,319,240,201" oya="1" hai0="118,24,78,81,15,6,39,12,82,1,76,134,86" hai1="17,112,66,11,9,57,4,41,101,62,22,67,0" hai2="116,93,23,109,72,127,3,129,43,60,105,107,110" hai3="85,135,103,77,125,104,121,37,68,132,53,7,98"/><U83/><E112/><V48/><F116/><W65/><G37/><T88/><D118/><U124/><E124/><V126/><F3/><W108/><G125/><N who="2" m="47625" /><F72/><W80/><G121/><T89/><D134/><U114/><E114/><V30/><F60/><W74/><G7/><T59/><D39/><U50/><E11/><V28/><F93/><W130/><G53/><T94/><D1/><U63/><E101/><V38/><F38/><W56/><G56/><T13/><D6/><U99/><E83/><V58/><F23/><W54/><G54/><T25/><D59/><U97/><E50/><V33/><F58/><W5/><G5/><T19/><D19/><U47/><E47/><N who="2" m="25727" /><F129/><W34/><G34/><T87/><REACH who="0" step="1"/><D89/><REACH who="0" ten="230,319,240,201" step="2"/><U18/><E17/><V69/><F69/><W117/><G117/><T51/><D51/><U115/><E115/><V106/><F28/><W95/><G130/><T70/><D70/><U119/><E119/><V2/><F2/><W52/><G132/><T21/><D21/><U100/><E63/><V14/><F30/><W79/><G135/><T46/><D46/><U55/><E66/><V131/><F131/><W31/><G65/><T96/><AGARI ba="2,1" hai="12,13,15,24,25,76,78,81,82,86,87,88,94,96" machi="96" ten="30,12000,2" yaku="1,1,0,1,9,1,8,1,52,1,54,1,53,0" doraHai="92" doraHaiUra="16" who="0" fromWho="0" sc="230,136,319,-62,240,-32,201,-32" /><INIT seed="2,0,0,0,4,5" ten="366,257,208,169" oya="2" hai0="32,37,56,43,12,74,104,28,109,40,62,116,59" hai1="63,101,124,77,67,53,97,22,70,19,113,55,76" hai2="8,7,6,2,14,45,39,57,93,10,31,75,108" hai3="117,47,103,71,41,48,44,0,81,127,134,29,86"/><V121/><F121/><W102/><G117/><T120/><D74/><U112/><E124/><V91/><F75/><W92/><G71/><T96/><D120/><U99/><E99/><V129/><F129/><W69/><G69/><T106/><D116/><U78/><E113/><V123/><F123/><W94/><G127/><T58/><D109/><U36/><E36/><V128/><F128/><W119/><G119/><T24/><D62/><U133/><E133/><V125/><F108/><W34/><G0/><T23/><D37/><U9/><E9/><V115/><F115/><W33/><G29/><T100/><D104/><U18/><E18/><V105/><F105/><W111/><G111/><T13/><REACH who="0" step="1"/><D32/><REACH who="0" ten="356,257,208,169" step="2"/><U126/><E112/><V114/><F114/><W132/><G34/><T131/><D131/><U122/><E126/><V21/><F125/><W118/><G33/><T49/><D49/><U80/><E122/><V60/><F39/><W61/><G118/><T4/><D4/><U25/><REACH who="1" step="1"/><E80/><REACH who="1" ten="356,247,208,169" step="2"/><V17/><F31/><W15/><G81/><T27/><D27/><U72/><E72/><V46/><F7/><W54/><G134/><T85/><D85/><U107/><AGARI ba="0,2" hai="19,22,25,53,55,63,67,70,76,77,78,97,101,107" machi="107" ten="30,2000,0" yaku="1,1,0,1,53,0" doraHai="5" doraHaiUra="52" who="1" fromWho="1" sc="356,-5,247,40,208,-10,169,-5" /><INIT seed="3,0,0,3,2,20" ten="351,287,198,164" oya="3" hai0="65,100,17,3,45,38,36,101,7,27,53,118,114" hai1="5,63,102,135,98,0,95,107,16,62,86,72,119" hai2="23,58,69,110,29,115,30,70,78,133,75,89,13" hai3="123,124,39,91,99,64,120,2,6,57,50,43,82"/><W83/><G39/><T48/><D118/><U55/><E135/><V122/><F110/><W33/><G33/><T131/><D65/><U42/><E119/><V77/><F115/><W61/><G124/><T93/><D114/><U56/><E0/><V108/><F108/><W37/><G37/><T92/><D131/><U28/><E5/><V8/><F133/><W18/><G2/><T12/><D38/><U59/><E72/><V35/><F122/><W21/><G6/><T24/><D7/><U54/><E42/><V44/><F58/><W113/><G113/><T126/><D36/><U49/><E28/><V132/><F44/><N who="3" m="25887" /><G123/><T112/><D3/><U117/><E117/><V105/><F105/><W9/><G9/><N who="0" m="6287" /><D126/><U66/><E86/><V128/><F35/><W22/><G22/><T40/><D40/><U25/><E107/><V80/><F23/><W130/><G130/><T85/><D112/><U127/><E127/><V116/><F116/><W19/><G19/><T129/><D85/><U79/><E16/><V94/><F128/><W84/><G99/><N who="0" m="59495" /><D129/><U46/><E79/><V97/><F78/><W60/><G60/><T11/><D11/><U87/><E87/><V111/><F111/><W109/><G109/><T68/><D68/><U32/><E32/><V125/><F125/><W76/><G120/><T104/><D104/><U34/><E34/><V88/><F132/><W4/><G4/><T15/><D15/><U10/><E10/><V81/><F70/><W52/><G64/><T96/><AGARI ba="0,0" hai="24,27,45,48,53,93,96,101" m="59495,6287" machi="96" ten="30,4000,0" yaku="8,1,52,2" doraHai="20" who="0" fromWho="0" sc="351,40,287,-10,198,-10,164,-20" /><INIT seed="4,0,0,2,0,107" ten="391,277,188,144" oya="0" hai0="30,79,39,93,36,19,77,97,59,47,67,133,91" hai1="48,23,72,9,14,83,126,49,115,52,96,56,116" hai2="109,64,112,60,76,132,78,75,82,57,129,2,87" hai3="68,70,27,24,63,20,122,29,17,34,118,101,124"/><T37/><D133/><U100/><E116/><V80/><F109/><W16/><G118/><T11/><D30/><U117/><E117/><V111/><F111/><W95/><G124/><T4/><D19/><U113/><E126/><V66/><F112/><N who="1" m="43081" /><E23/><V7/><F129/><W128/><G128/><T81/><D59/><U8/><E48/><V45/><F132/><W40/><G40/><T106/><D67/><U10/><E83/><V89/><F2/><W114/><G114/><T86/><D106/><N who="1" m="63751" /><E72/><V31/><F31/><W28/><G122/><T54/><D54/><U5/><AGARI ba="0,0" hai="5,8,9,10,14,49,52,56" m="63751,43081" machi="5" ten="30,4000,0" yaku="15,1,11,1,54,1" doraHai="107" who="1" fromWho="1" sc="391,-20,277,40,188,-10,144,-10" /><INIT seed="5,0,0,0,3,63" ten="371,317,178,134" oya="1" hai0="135,74,6,42,0,105,37,33,69,97,1,18,84" hai1="67,7,50,127,119,16,75,11,122,58,76,82,65" hai2="17,91,41,123,99,60,43,14,96,21,4,19,131" hai3="112,102,86,12,24,30,80,106,121,101,83,92,87"/><U71/><E122/><V118/><F118/><W103/><G12/><T20/><D74/><U95/><E119/><V61/><F123/><W54/><G54/><T104/><D33/><U110/><E71/><V77/><F77/><N who="3" m="46351" /><G24/><T48/><D69/><U39/><E39/><V108/><F4/><W126/><G30/><T88/><D37/><U125/><E95/><N who="2" m="56447" /><F131/><W26/><G26/><T57/><D135/><U44/><E58/><V55/><F108/><W22/><G22/><T10/><D97/><U8/><E110/><V45/><F99/><N who="3" m="61823" /><G121/><T129/><D129/><U120/><E120/><V62/><F19/><W94/><G112/><T66/><D0/><U52/><E16/><V90/><F90/><N who="3" m="51583" /><G126/><N who="1" m="48138" /><E8/><V70/><F70/><W31/><G31/><T68/><D68/><U98/><E98/><V49/><AGARI ba="0,0" hai="14,17,21,41,43,45,49,55,60,61,62" m="56447" machi="49" ten="30,1100,0" yaku="8,1" doraHai="63" who="2" fromWho="2" sc="371,-3,317,-5,178,11,134,-3" /><INIT seed="6,0,0,2,0,30" ten="368,312,189,131" oya="2" hai0="117,114,19,95,94,8,116,20,82,53,115,31,93" hai1="110,131,65,88,128,133,106,27,119,26,90,51,0" hai2="120,56,23,11,111,74,135,61,17,59,98,58,71" hai3="9,113,129,83,38,80,67,40,75,91,28,36,96"/><V72/><F120/><W18/><G67/><T14/><D53/><U44/><E119/><N who="0" m="45641" /><D82/><U69/><E110/><V76/><F135/><W46/><G129/><N who="1" m="49738" /><E106/><V100/><F11/><W39/><G113/><N who="0" m="43019" /><D31/><U48/><E0/><V104/><F76/><W103/><G28/><T86/><D86/><U87/><E133/><V81/><F81/><W43/><G91/><N who="1" m="34858" /><E87/><V12/><F111/><W123/><G123/><T73/><D73/><U66/><E69/><V45/><F71/><W32/><G32/><T52/><D52/><N who="1" m="29703" /><E51/><V54/><F72/><W79/><G80/><T4/><D94/><U2/><E2/><AGARI ba="0,0" hai="2,4,8,14,19,20,93,95" m="43019,45641" machi="2" ten="30,2000,0" yaku="12,1,15,1" doraHai="30" who="0" fromWho="1" sc="368,20,312,-20,189,0,131,0" /><INIT seed="7,0,0,0,0,11" ten="388,292,189,131" oya="3" hai0="133,9,43,70,22,89,114,105,7,34,0,26,134" hai1="60,110,88,132,38,93,65,127,58,101,67,130,24" hai2="86,39,109,112,29,63,102,128,91,104,78,14,61" hai3="57,79,123,76,64,45,125,18,66,113,36,75,119"/><W10/><G123/><T42/><D114/><U85/><E127/><V4/><F109/><W96/><G113/><T17/><D70/><U2/><E130/><V68/><F39/><W126/><G119/><T27/><D105/><U51/><E132/><N who="0" m="50793" /><D89/><U35/><E110/><V46/><F29/><AGARI ba="0,0" hai="0,7,9,17,22,26,27,29,34,42,43" m="50793" machi="29" ten="30,1000,0" yaku="20,1" doraHai="11" who="0" fromWho="2" sc="388,10,292,0,189,-10,131,0" owari="398,50.0,292,9.0,179,-22.0,131,-37.0" /></mjloggm>