<mjloggm ver="2.3"><GO type="169" lobby="0"/><UN n0="%E7%89%87%E5%B2%A1%E7%AF%A4%E5%8F%B2" n1="%E3%83%9C%E3%83%9E%E3%83%BC" n2="%53%2E%52" n3="%E6%9C%80%E5%BE%8C%E3%81%AE%E3%81%8A%E8%B1%86%E8%85%90" dan="17,16,16,16" rate="2156.68,2219.89,2130.28,2120.19" sx="M,M,M,M"/><TAIKYOKU oya="0"/><INIT seed="0,0,0,4,0,86" ten="250,250,250,250" oya="0" hai0="38,50,93,118,89,75,53,47,131,102,78,11,122" hai1="79,46,14,88,20,62,87,105,71,4,113,39,117" hai2="84,65,99,29,104,83,3,107,33,125,98,28,72" hai3="58,37,23,90,111,18,64,26,110,133,135,114,9"/><T100/><D118/><U106/><E117/><V49/><F3/><W43/><G37/><T19/><D122/><U2/><E79/><V119/><F119/><W116/><G43/><T85/><D38/><U44/><E2/><V63/><F72/><W60/><G116/><T112/><D112/><U70/><E113/><V132/><F125/><W91/><G114/><T15/><REACH who="0" step="1"/><D131/><REACH who="0" ten="240,250,250,250" step="2"/><U35/><E39/><V34/><F132/><N who="3" m="50763" /><G9/><T22/><D22/><U123/><E20/><V66/><F34/><W12/><G26/><T101/><D101/><U1/><E35/><V74/><F33/><W124/><G124/><T108/><D108/><AGARI ba="0,1" hai="12,18,23,58,60,64,90,91,108,110,111" m="50763" machi="108" ten="30,7700,0" yaku="14,1,20,1,52,2" doraHai="86" who="3" fromWho="0" sc="240,-77,250,0,250,0,250,87" /><INIT seed="1,0,0,2,4,12" ten="163,250,250,337" oya="1" hai0="6,74,67,14,18,40,92,61,85,97,132,115,50" hai1="107,126,75,36,5,113,35,76,55,38,105,52,34" hai2="53,43,16,83,81,111,37,82,39,127,30,95,109" hai3="13,116,99,22,98,11,66,17,72,93,90,123,21"/><U9/><E113/><V15/><F30/><W70/><G123/><T130/><D74/><U49/><E75/><V101/><F43/><W114/><G114/><T2/><D2/><U28/><E76/><V44/><F127/><W79/><G116/><T27/><D115/><U89/><E126/><V29/><F29/><W87/><G70/><T106/><D106/><U117/><E117/><V78/><F78/><W91/><G66/><T73/><D130/><U3/><E89/><V31/><F31/><W46/><G46/><N who="0" m="25927" /><D27/><U57/><E55/><V86/><F44/><W47/><G47/><T63/><D73/><U69/><E69/><V102/><F53/><W71/><G71/><T122/><D67/><U64/><E64/><V19/><F15/><W68/><G68/><T121/><D6/><U84/><E84/><V129/><F129/><W88/><G72/><T56/><D132/><U77/><E77/><V108/><F86/><W33/><G33/><T104/><D56/><U120/><E120/><N who="0" m="46185" /><D104/><U45/><E35/><V4/><F4/><W8/><G79/><T131/><D85/><U7/><E7/><V58/><F58/><W24/><G87/><T20/><D131/><U110/><E110/><V80/><N who="2" m="20480" /><DORA hai="124" /><V54/><F54/><W112/><G112/><T133/><D133/><U42/><REACH who="1" step="1"/><E36/><REACH who="1" ten="163,240,250,337" step="2"/><N who="2" m="13899" /><F102/><AGARI ba="0,1" hai="14,18,20,61,63,92,97,102" m="46185,25927" machi="102" ten="30,2000,0" yaku="13,1,52,1" doraHai="12,124" who="0" fromWho="2" sc="163,30,240,0,250,-20,337,0" /><INIT seed="2,0,0,1,3,12" ten="193,240,230,337" oya="2" hai0="42,91,121,71,68,27,89,58,57,112,127,72,35" hai1="85,31,93,59,97,29,11,117,8,82,44,3,49" hai2="62,95,65,26,119,94,17,21,70,116,109,0,114" hai3="108,73,92,47,34,23,132,80,103,110,123,52,130"/><V133/><F114/><W102/><G123/><T104/><D121/><U33/><E33/><V50/><F133/><W10/><G34/><T37/><D72/><U90/><E59/><V60/><F0/><W99/><G132/><T131/><D104/><U111/><E111/><N who="3" m="42538" /><G10/><N who="1" m="3626" /><E3/><V2/><F2/><W79/><G23/><T38/><D35/><U14/><E14/><V4/><F109/><W135/><G130/><T16/><D27/><U98/><E117/><V6/><F62/><W24/><G24/><T122/><D122/><U1/><E1/><V54/><F95/><W126/><G126/><T43/><D131/><U63/><E63/><V115/><F115/><W88/><G135/><T107/><D107/><U39/><E39/><V87/><F87/><W36/><G36/><T61/><D61/><U69/><E69/><V40/><F40/><W25/><G25/><T67/><D112/><U5/><E5/><V124/><F124/><W66/><G66/><T56/><D56/><U18/><E18/><V134/><F134/><W75/><G73/><T32/><D32/><U74/><E74/><V19/><F19/><W77/><G77/><T9/><D9/><U51/><E51/><AGARI ba="0,0" hai="47,51,52,75,79,80,88,92,99,102,103" m="42538" machi="51" ten="30,3900,0" yaku="14,1,54,2" doraHai="12" who="3" fromWho="1" sc="193,0,240,-39,230,0,337,39" /><INIT seed="3,0,0,0,1,97" ten="193,201,230,376" oya="3" hai0="61,24,84,70,20,28,43,11,116,123,36,27,32" hai1="90,80,130,22,79,6,85,126,108,104,19,2,46" hai2="71,92,100,14,8,102,31,131,58,41,54,55,73" hai3="99,47,59,26,115,52,82,56,5,38,62,128,69"/><W76/><G115/><T18/><D116/><U134/><E108/><V66/><F71/><W98/><G69/><T125/><D123/><U112/><E112/><V78/><F73/><W101/><G99/><T94/><D125/><U15/><E126/><V113/><F113/><W29/><G5/><T114/><D11/><U64/><E130/><V74/><F74/><W25/><G59/><T106/><D106/><U121/><E134/><V33/><F78/><W45/><G38/><T37/><D43/><U65/><E104/><V51/><F131/><W60/><G62/><T95/><D114/><U48/><E121/><V34/><F34/><W89/><G89/><T3/><D3/><U16/><E2/><V35/><F92/><N who="3" m="58567" /><G128/><T17/><D84/><U50/><E6/><V77/><F77/><W110/><G110/><T13/><D37/><U111/><E111/><V44/><F33/><W129/><G29/><T72/><D36/><U7/><E7/><N who="2" m="3359" /><F31/><W21/><G21/><T132/><D72/><U88/><E50/><V53/><F35/><W135/><G135/><T49/><D49/><U40/><REACH who="1" step="1"/><E19/><REACH who="1" ten="193,191,230,376" step="2"/><V120/><F120/><W133/><G133/><T30/><D132/><U86/><E86/><V87/><F87/><N who="3" m="48583" /><G129/><T0/><D0/><U67/><AGARI ba="0,1" hai="15,16,22,40,46,48,64,65,67,79,80,85,88,90" machi="67" ten="30,8000,1" yaku="1,1,0,1,8,1,54,2,53,0" doraHai="97" doraHaiUra="103" who="1" fromWho="1" sc="193,-20,191,90,230,-20,376,-40" /><INIT seed="4,0,0,4,2,118" ten="173,281,210,336" oya="0" hai0="40,72,48,109,126,43,23,67,26,27,6,113,101" hai1="102,53,68,107,64,92,123,81,55,119,35,111,114" hai2="85,15,39,86,128,52,87,36,44,24,2,58,62" hai3="129,125,63,88,3,60,77,17,1,97,115,117,131"/><T12/><D72/><U31/><E111/><V135/><F2/><W14/><G117/><T84/><D109/><U78/><E119/><V20/><F135/><W95/><G115/><T134/><D113/><U46/><E92/><V91/><F128/><N who="3" m="49227" /><G77/><T73/><D73/><U127/><E127/><V11/><F44/><W34/><G34/><T80/><D134/><U59/><E46/><V90/><F39/><W45/><G45/><N who="0" m="25639" /><D101/><U112/><E114/><V69/><F69/><W16/><G125/><T133/><D133/><U10/><E10/><V79/><F79/><W132/><G17/><N who="0" m="10663" /><D67/><U25/><E112/><V120/><F120/><W71/><G132/><T4/><D43/><U116/><E116/><V96/><F96/><W9/><G71/><T21/><D126/><U22/><E123/><V98/><F98/><W61/><AGARI ba="0,0" hai="1,3,9,14,16,60,61,63,88,95,97" m="49227" machi="61" ten="30,4000,0" yaku="19,1,54,2" doraHai="118" who="3" fromWho="3" sc="173,-20,281,-10,210,-10,336,40" /><INIT seed="5,0,0,3,3,126" ten="153,271,200,376" oya="1" hai0="14,92,41,58,17,108,99,59,57,97,69,116,118" hai1="36,127,70,16,53,77,91,30,54,48,39,117,2" hai2="90,3,22,131,51,28,100,95,29,110,89,133,34" hai3="12,79,96,11,125,63,52,47,84,5,83,7,120"/><U67/><E117/><V76/><F34/><W0/><G125/><T74/><D69/><U38/><E127/><V93/><F3/><W60/><G0/><T122/><D74/><U25/><E2/><V37/><F37/><W129/><G120/><T26/><D108/><U107/><E77/><V64/><F110/><W81/><G96/><T6/><D122/><U101/><E91/><V71/><F71/><W82/><G7/><T115/><D115/><U27/><E27/><V50/><F133/><W10/><G10/><T55/><D41/><U33/><E16/><V130/><F64/><W35/><G35/><T124/><D124/><U56/><E48/><N who="2" m="18475" /><F76/><W13/><G13/><T19/><D55/><U123/><E56/><V119/><F100/><W31/><G31/><N who="2" m="11849" /><F22/><W87/><G82/><T24/><D58/><U134/><E123/><V66/><F66/><W21/><G21/><T15/><REACH who="0" step="1"/><D92/><REACH who="0" ten="143,271,200,376" step="2"/><N who="2" m="35402" /><F119/><W114/><G114/><T42/><D42/><U62/><REACH who="1" step="1"/><E134/><REACH who="1" ten="143,261,200,376" step="2"/><V80/><F80/><W121/><G83/><T18/><D18/><U103/><E103/><V132/><F132/><W43/><G81/><T72/><D72/><U32/><E32/><V88/><AGARI ba="0,2" hai="88,89,90,130,131" m="35402,11849,18475" machi="88" ten="40,8000,1" yaku="28,2,52,2,54,1" doraHai="126" who="2" fromWho="2" sc="143,-20,261,-40,200,100,376,-20" /><INIT seed="6,0,0,0,0,129" ten="123,221,300,356" oya="2" hai0="133,87,29,128,74,76,90,71,104,70,56,13,101" hai1="63,132,64,52,8,25,131,57,99,96,21,11,89" hai2="5,123,45,49,69,28,118,33,68,109,107,24,43" hai3="10,100,88,14,113,94,37,19,58,127,85,7,39"/><V82/><F123/><W48/><G127/><T67/><D128/><U62/><E131/><V55/><F118/><W26/><G113/><T6/><D29/><U1/><E1/><V41/><F107/><W12/><G26/><T122/><D122/><U115/><E115/><V51/><F41/><W103/><G39/><T23/><D67/><U83/><E99/><V114/><F114/><W40/><G37/><T27/><D56/><U31/><E132/><V86/><F109/><W20/><G40/><T111/><D111/><U32/><E32/><V81/><F5/><W97/><G97/><T54/><D54/><AGARI ba="0,0" hai="7,10,12,14,19,20,48,54,58,85,88,94,100,103" machi="54" ten="40,8000,1" yaku="25,2,8,1,54,1" doraHai="129" who="3" fromWho="0" sc="123,-80,221,0,300,0,356,80" /><INIT seed="7,0,0,1,4,120" ten="43,221,300,436" oya="3" hai0="8,109,47,101,18,60,62,102,32,30,89,114,3" hai1="119,21,10,93,0,28,45,88,107,20,117,2,34" hai2="100,64,68,65,66,58,46,40,50,108,52,23,12" hai3="11,106,6,53,24,84,123,4,9,80,111,98,95"/><W115/><G115/><T48/><D114/><U1/><E107/><V130/><F100/><W75/><G106/><T105/><D105/><U131/><E45/><V99/><F99/><W43/><G43/><T82/><D32/><U133/><E133/><V27/><F12/><W76/><G75/><T91/><D30/><U132/><E132/><V110/><F130/><W94/><G53/><T134/><D3/><U56/><E56/><V36/><F23/><W78/><G24/><T19/><D82/><U122/><E122/><V127/><F27/><W69/><G69/><T5/><D134/><U77/><E77/><V112/><F112/><W25/><G25/><T70/><D70/><U59/><E59/><V118/><F118/><W14/><G123/><T38/><D38/><U37/><E37/><V86/><F86/><W125/><G84/><T41/><D5/><U51/><E10/><V22/><F22/><W96/><G80/><T128/><D8/><U13/><E51/><V67/><F127/><W103/><G125/><T42/><D48/><U83/><E83/><V55/><F55/><W81/><G81/><T87/><D87/><U135/><E135/><V74/><F74/><W90/><G103/><T73/><D73/><U7/><E34/><V15/><F15/><W126/><G126/><T31/><D31/><U79/><E28/><V35/><F35/><W61/><G14/><T129/><REACH who="0" step="1"/><D47/><REACH who="0" ten="33,221,300,436" step="2"/><U17/><E0/><V44/><F46/><W121/><G6/><T92/><D92/><U85/><E1/><V63/><AGARI ba="0,1" hai="36,40,44,50,52,58,63,64,65,66,67,68,108,110" machi="63" ten="30,16000,3" yaku="0,1,24,2,34,3,52,2,54,1" doraHai="120" who="2" fromWho="2" sc="33,-40,221,-40,300,170,436,-80" owari="-7,-51.0,181,-22.0,470,57.0,356,16.0" /></mjloggm>