<mjloggm ver="2.3"><GO type="169" lobby="0"/><UN n0="%E3%82%B3%E3%81%98%E3%81%95%E3%82%93%EF%BC%9F" n1="%E7%89%87%E5%B2%A1%E7%AF%A4%E5%8F%B2" n2="%E3%81%A7%E3%82%93%E3%81%A4%E3%81%86" n3="%E3%83%9C%E3%83%9E%E3%83%BC" dan="18,17,17,16" rate="2229.72,2158.63,2194.41,2214.21" sx="M,M,M,M"/><TAIKYOKU oya="0"/><INIT seed="0,0,0,5,0,100" ten="250,250,250,250" oya="0" hai0="131,0,25,6,1,110,14,134,5,36,83,95,71" hai1="4,90,35,53,57,21,51,124,84,112,45,63,104" hai2="98,120,58,66,67,117,130,116,46,3,26,38,9" hai3="121,16,17,113,70,42,73,32,78,59,44,94,118"/><T105/><D71/><U108/><BYE who="2" /><E35/><V11/><F11/><W107/><G70/><T10/><D36/><UN n2="%E3%81%A7%E3%82%93%E3%81%A4%E3%81%86" /><U47/><E108/><V74/><F74/><W2/><G2/><T52/><D110/><U79/><E124/><V65/><F120/><W114/><G32/><T15/><D131/><U119/><E119/><V111/><F111/><W48/><G118/><N who="2" m="45673" /><F26/><W103/><G94/><T126/><D126/><U41/><E4/><N who="2" m="1183" /><F98/><W81/><G59/><T85/><D134/><U96/><E79/><V89/><F89/><W101/><G101/><T28/><D95/><U13/><E96/><V22/><F22/><W30/><G30/><T37/><D37/><U61/><E21/><V135/><F130/><W43/><G43/><T62/><D15/><U72/><E72/><V82/><F82/><W92/><G92/><T50/><D6/><U75/><E75/><V24/><F24/><W132/><G121/><T68/><D25/><U39/><E13/><V88/><F88/><W56/><G56/><T102/><D28/><U109/><E109/><V31/><F31/><W80/><G80/><T77/><D68/><U115/><E47/><V69/><F69/><W87/><G73/><T34/><D34/><U93/><E63/><N who="2" m="38135" /><F135/><W122/><G132/><T129/><D129/><U99/><E61/><V91/><F91/><W33/><G33/><T20/><D20/><U49/><REACH who="1" step="1"/><E39/><REACH who="1" ten="250,240,250,250" step="2"/><V27/><F27/><W60/><G122/><T54/><D62/><U12/><E12/><V123/><F123/><W19/><G60/><T7/><D14/><U106/><E106/><V55/><F38/><RYUUKYOKU ba="0,1" sc="250,-30,240,10,250,10,250,10" hai1="41,45,49,51,53,57,84,90,93,99,104,112,115" hai2="46,55,66,67" hai3="16,17,19,42,44,48,78,81,87,103,107,113,114" /><INIT seed="1,1,1,2,5,91" ten="220,250,260,260" oya="1" hai0="121,83,82,108,31,22,73,128,60,6,58,40,32" hai1="45,88,33,59,64,133,107,9,125,84,2,43,78" hai2="79,65,38,97,111,129,124,14,103,3,116,55,13" hai3="77,93,63,132,26,51,61,52,87,1,75,10,113"/><U86/><E107/><V115/><F3/><W94/><G113/><T18/><D108/><U20/><E33/><V16/><F38/><W92/><G75/><T42/><D128/><U17/><E133/><V30/><F116/><W8/><G132/><T117/><D117/><U72/><E125/><V68/><F111/><W48/><G48/><T35/><D121/><U71/><E71/><V123/><F123/><W28/><G1/><T29/><D6/><U0/><E78/><V44/><F30/><W62/><G87/><T90/><D73/><U122/><E84/><V12/><F79/><W11/><G77/><T37/><D37/><U25/><E72/><V89/><F89/><W85/><G85/><T7/><D7/><U41/><E122/><V81/><F81/><N who="0" m="30730" /><D90/><U56/><E41/><N who="0" m="15977" /><D32/><U76/><E76/><V54/><F115/><W98/><G28/><T27/><D35/><U105/><E105/><V99/><F129/><W118/><G26/><T80/><D80/><N who="1" m="49223" /><E0/><V34/><F34/><W96/><G118/><T39/><D39/><U15/><E64/><AGARI ba="1,1" hai="18,22,27,29,31,58,60,64" m="15977,30730" machi="64" ten="30,1000,0" yaku="8,1" doraHai="91" who="0" fromWho="1" sc="220,23,250,-13,260,0,260,0" /><INIT seed="2,0,0,5,4,7" ten="243,237,260,260" oya="2" hai0="18,123,133,88,66,59,67,105,129,70,10,65,5" hai1="98,16,39,3,128,6,91,119,83,41,72,109,46" hai2="60,135,64,21,104,43,74,114,76,32,97,26,17" hai3="56,131,73,37,30,12,78,0,24,53,14,130,116"/><V85/><F114/><W1/><G37/><T8/><D123/><U118/><E109/><V84/><F135/><W101/><G101/><T45/><D70/><U47/><E128/><N who="3" m="49194" /><G78/><T125/><D129/><U122/><E122/><V90/><F43/><W127/><G73/><T28/><D133/><U121/><E46/><V4/><F32/><N who="3" m="20551" /><G116/><T99/><D125/><U2/><E2/><N who="3" m="1130" /><G127/><T107/><D5/><U19/><E121/><V25/><F4/><W82/><G82/><T89/><D28/><U100/><E118/><V33/><F74/><W68/><G68/><T95/><D18/><U54/><E54/><V42/><F42/><W113/><G113/><T20/><D20/><U111/><E91/><N who="0" m="34889" /><D105/><U77/><E119/><V57/><F76/><W44/><G44/><T108/><D107/><N who="1" m="63895" /><E111/><V120/><F120/><W93/><G93/><T22/><D22/><U126/><E126/><V62/><F104/><W63/><AGARI ba="0,0" hai="12,14,53,56,63" m="1130,20551,49194" machi="63" ten="30,1100,0" yaku="19,1" doraHai="7" who="3" fromWho="3" sc="243,-3,237,-3,260,-5,260,11" /><INIT seed="3,0,0,2,3,40" ten="240,234,255,271" oya="3" hai0="135,68,52,37,62,48,92,21,7,19,49,94,69" hai1="78,93,99,72,76,1,109,112,80,124,16,18,22" hai2="47,44,20,108,41,113,36,95,110,106,131,130,90" hai3="54,89,46,117,28,122,14,42,104,17,118,11,91"/><W53/><G104/><T111/><D111/><N who="2" m="42538" /><F106/><W102/><G122/><T128/><D135/><U58/><E109/><V39/><F20/><W31/><G102/><T132/><D132/><U38/><E1/><V81/><F81/><W33/><G33/><T83/><D128/><N who="2" m="49194" /><F113/><W115/><G115/><T67/><D37/><N who="2" m="14410" /><F41/><W32/><G32/><T26/><D83/><U43/><E78/><V105/><F105/><W4/><G4/><T23/><D7/><U127/><E112/><V2/><F2/><W123/><G123/><T61/><D23/><U71/><E22/><V86/><AGARI ba="0,0" hai="44,47,86,90,95" m="14410,49194,42538" machi="86" ten="40,8000,1" yaku="14,1,19,1,52,2" doraHai="40" who="2" fromWho="2" sc="240,-20,234,-20,255,80,271,-40" /><INIT seed="4,0,0,5,3,116" ten="220,214,335,231" oya="0" hai0="58,22,69,1,82,107,130,76,72,65,33,135,134" hai1="54,132,13,35,28,66,114,104,21,24,119,97,5" hai2="19,60,38,73,67,85,117,124,31,48,17,29,25" hai3="36,12,86,8,93,11,74,88,50,30,87,3,112"/><T90/><D33/><U14/><E66/><V32/><F38/><W99/><G36/><T113/><D113/><U115/><E104/><V83/><F73/><W121/><G74/><T70/><D107/><U53/><E97/><V2/><F2/><W100/><G112/><N who="1" m="43050" /><E54/><V62/><F31/><W51/><G30/><T6/><D130/><U46/><E53/><V102/><F124/><W105/><G86/><T109/><D109/><U128/><E46/><V68/><F117/><W71/><G71/><T95/><D58/><U91/><E91/><V15/><F15/><W55/><G3/><T77/><D77/><U10/><E119/><V81/><F81/><W101/><G101/><T59/><D59/><U103/><E103/><V133/><F48/><W43/><G121/><T123/><D123/><U47/><E47/><V0/><F0/><W75/><G75/><T4/><D65/><U98/><E98/><V125/><F125/><W78/><G78/><T80/><D80/><U131/><E132/><V16/><F62/><W57/><G12/><T129/><D70/><U45/><E45/><V61/><F61/><W7/><G7/><N who="0" m="2603" /><D69/><U64/><E64/><V52/><F133/><W122/><G122/><T42/><D134/><U20/><E14/><V110/><F102/><W63/><G63/><T126/><D135/><U37/><E37/><V106/><F106/><W89/><G89/><T96/><D72/><U40/><E40/><V120/><F68/><W23/><G43/><T34/><D90/><U111/><E111/><V84/><F110/><W41/><G23/><AGARI ba="0,0" hai="5,10,13,20,21,23,24,28,35,128,131" m="43050" machi="23" ten="30,7700,0" yaku="15,1,11,1,34,2" doraHai="116" who="1" fromWho="3" sc="220,0,214,77,335,0,231,-77" /><INIT seed="5,0,0,2,3,18" ten="220,291,335,154" oya="1" hai0="84,29,39,66,85,97,107,40,46,45,77,113,37" hai1="58,0,93,28,134,95,25,55,98,3,59,7,42" hai2="75,126,68,9,110,79,17,30,122,65,123,121,20" hai3="90,82,80,119,114,21,57,63,19,131,14,41,120"/><U31/><E134/><V102/><F102/><W44/><G120/><T91/><D113/><U33/><E31/><V26/><F79/><W83/><G119/><T16/><D29/><U112/><E112/><V12/><F75/><W118/><G114/><T23/><D77/><U15/><E42/><V133/><F65/><W56/><G131/><T96/><D66/><U135/><E135/><V94/><F94/><W76/><G118/><T36/><D107/><U5/><E93/><V2/><F68/><W132/><G132/><T35/><D35/><U27/><E27/><V116/><F133/><W24/><G24/><T111/><D111/><U117/><E117/><V127/><F116/><W78/><G90/><T64/><D64/><U106/><E106/><V108/><F2/><W74/><G63/><T86/><D91/><U129/><E129/><V124/><AGARI ba="0,0" hai="9,12,17,20,26,30,108,110,121,122,123,124,126,127" machi="124" ten="40,12000,2" yaku="0,1,18,1,34,3,52,1" doraHai="18" who="2" fromWho="2" sc="220,-30,291,-60,335,120,154,-30" /><INIT seed="6,0,0,2,2,83" ten="190,231,455,124" oya="2" hai0="94,75,131,38,135,96,39,52,119,13,134,60,77" hai1="68,58,114,6,117,129,9,82,87,11,35,15,49" hai2="14,85,18,27,86,3,40,80,31,81,19,92,5" hai3="33,56,25,88,48,65,17,105,67,34,43,41,29"/><V122/><F122/><W53/><G105/><T50/><D131/><U66/><E35/><V22/><F3/><W28/><G17/><T133/><D119/><U42/><E68/><V63/><F40/><W109/><G109/><T74/><D60/><N who="1" m="38167" /><E114/><V4/><F92/><W103/><G103/><T1/><D1/><U79/><E129/><V10/><F5/><W108/><G108/><T84/><D13/><U127/><E127/><V57/><F81/><W91/><G43/><T98/><D98/><U73/><E73/><N who="0" m="27657" /><D77/><U26/><E26/><V102/><F102/><W112/><G112/><T61/><D61/><U101/><E101/><V55/><REACH who="2" step="1"/><F85/><REACH who="2" ten="190,231,445,124" step="2"/><W126/><G41/><T21/><D84/><U100/><E100/><V106/><F106/><W89/><REACH who="3" step="1"/><G126/><REACH who="3" ten="190,231,445,114" step="2"/><T36/><D134/><U54/><E42/><V99/><F99/><W2/><G2/><T37/><D133/><U0/><E0/><V123/><F123/><W47/><G47/><N who="0" m="27743" /><D135/><U59/><E117/><V132/><F132/><W90/><N who="3" m="22528" /><DORA hai="111" /><W24/><AGARI ba="0,2" hai="24,25,28,29,33,34,48,53,56,65,67" m="22528" machi="24" ten="40,12000,2" yaku="1,1,4,1,0,1,9,1,54,1,53,1" doraHai="83,111" doraHaiUra="45,12" who="3" fromWho="3" sc="190,-30,231,-30,445,-60,114,140" /><INIT seed="7,0,0,4,5,20" ten="160,201,385,254" oya="3" hai0="33,5,120,36,63,71,80,28,53,48,124,70,59" hai1="23,91,98,54,45,29,12,37,24,1,42,74,64" hai2="128,49,21,118,44,15,22,78,67,108,41,65,123" hai3="93,69,46,73,77,14,18,125,111,79,87,8,34"/><W83/><G69/><T84/><D120/><U106/><E74/><V17/><F108/><W89/><G111/><T105/><D124/><U55/><E1/><V30/><F118/><W52/><G125/><T107/><D36/><U58/><E12/><V126/><F128/><W6/><G34/><T61/><D5/><U76/><E76/><V82/><F126/><W100/><G79/><T75/><D75/><U101/><E64/><V134/><F134/><W31/><G31/><T56/><D70/><U88/><REACH who="1" step="1"/><E54/><REACH who="1" ten="160,191,385,254" step="2"/><V4/><F123/><W16/><REACH who="3" step="1"/><G100/><REACH who="3" ten="160,191,385,244" step="2"/><T9/><D71/><U94/><E94/><V27/><F4/><W130/><G130/><T25/><D9/><U90/><E90/><V7/><F7/><W38/><G38/><T11/><D11/><U57/><E57/><V68/><F68/><W131/><G131/><T60/><REACH who="0" step="1"/><D59/><REACH who="0" ten="150,191,385,244" step="2"/><U47/><E47/><V96/><F44/><W114/><G114/><T116/><D116/><U10/><E10/><V104/><F78/><AGARI ba="0,3" hai="25,28,33,48,53,56,60,61,63,78,80,84,105,107" machi="78" ten="40,8000,1" yaku="1,1,52,1,53,2" doraHai="20" doraHaiUra="102" who="0" fromWho="2" sc="150,110,191,0,385,-80,244,0" owari="260,6.0,191,-31.0,305,41.0,244,-16.0" /></mjloggm>