<mjloggm ver="2.3"><GO type="185" lobby="0"/><UN n0="%E7%A7%8B%E7%94%B0%E3%81%AE%E3%81%B2%E3%82%88%E3%81%93" n1="%E3%82%82%E3%82%8D%E3%82%86%E3%81%86" n2="%E8%97%A4%E4%BA%95%E8%81%A1%E5%A4%AA" n3="" dan="16,16,20,0" rate="2263.65,2096.21,2406.28,1500.00" sx="F,M,M,C"/><TAIKYOKU oya="0"/><INIT seed="0,0,0,1,0,61" ten="350,350,350,0" oya="0" hai0="62,75,123,122,55,91,124,88,113,96,112,116,72" hai1="95,37,0,52,78,134,67,51,56,107,87,103,114" hai2="1,108,66,54,81,38,53,36,43,71,126,48,90" hai3=""/><T49/><N who="0" m="31264" /><T60/><N who="0" m="31520" /><T101/><D116/><U111/><E0/><V85/><F1/><T129/><D124/><U92/><E114/><V86/><F126/><T44/><D129/><U110/><E134/><V74/><F74/><T47/><D72/><U65/><E37/><V82/><F43/><T99/><D75/><U32/><E32/><V39/><F108/><N who="1" m="41513" /><E107/><V93/><F93/><N who="1" m="35913" /><E103/><V34/><F34/><T115/><D44/><U130/><E130/><V70/><F66/><N who="1" m="25097" /><E87/><V63/><F38/><T100/><D115/><U98/><E78/><V33/><F33/><T80/><D113/><U69/><E69/><V89/><F36/><T128/><D128/><U35/><E35/><V120/><N who="2" m="30752" /><V41/><F39/><T50/><D112/><U132/><E132/><V131/><F131/><T97/><D101/><U73/><E73/><V104/><F104/><T94/><D100/><U77/><E77/><V102/><F102/><T76/><D76/><U118/><E98/><V64/><F70/><T58/><D91/><U57/><E118/><V121/><N who="2" m="31008" /><V59/><F71/><T119/><D119/><U105/><E105/><V125/><F125/><T68/><D68/><U106/><E106/><V79/><F79/><RYUUKYOKU ba="0,0" sc="350,-20,350,10,350,10,0,0" hai1="51,52,56,57" hai2="41,48,53,54,59,63,64,81,82,85,86,89,90" /><INIT seed="1,1,0,0,0,84" ten="330,360,360,0" oya="1" hai0="41,71,67,96,75,105,65,64,102,88,55,2,50" hai1="100,33,61,63,98,76,40,134,60,115,116,53,35" hai2="80,57,37,1,79,69,46,78,130,32,36,107,39" hai3=""/><U108/><E116/><V3/><F32/><T89/><D2/><U38/><E115/><V74/><F69/><T120/><N who="0" m="30752" /><T66/><D75/><U34/><E134/><V94/><F107/><T47/><N who="0" m="16384" /><DORA hai="132" /><T112/><D71/><U97/><E108/><V83/><F130/><T109/><D112/><U126/><E76/><V92/><F57/><T49/><REACH who="0" step="1"/><D109/><REACH who="0" ten="320,360,360,0" step="2"/><U101/><E53/><V104/><F1/><T106/><D106/><U93/><E40/><V44/><F104/><T58/><AGARI ba="1,1" hai="41,47,49,50,55,58,88,89,96,102,105" m="16384,30752" machi="58" ten="40,9000,2" yaku="1,1,0,1,52,3,54,1,53,0" doraHai="84,132" doraHaiUra="128,113" who="0" fromWho="0" sc="320,102,360,-61,360,-31,0,0" /><INIT seed="2,0,0,2,4,94" ten="422,299,329,0" oya="2" hai0="97,84,124,43,40,109,131,85,2,57,135,129,128" hai1="67,93,126,38,34,77,64,60,45,48,127,1,102" hai2="74,132,61,54,53,63,59,75,69,105,116,36,103" hai3=""/><V88/><F116/><T83/><D109/><U41/><E1/><V76/><F132/><T52/><D2/><U106/><E34/><V86/><F36/><T58/><D135/><U70/><E106/><V42/><F42/><T123/><N who="0" m="31520" /><T72/><D124/><U108/><E108/><V66/><F76/><T98/><D72/><U73/><E64/><V62/><F62/><T39/><D58/><U37/><E37/><V134/><F53/><T125/><D125/><U107/><E107/><V51/><F61/><T55/><D85/><U87/><E73/><V117/><F117/><T78/><D55/><U120/><N who="1" m="30752" /><U68/><E68/><V99/><REACH who="2" step="1"/><F134/><REACH who="2" ten="422,299,319,0" step="2"/><T71/><D39/><U96/><REACH who="1" step="1"/><E38/><REACH who="1" ten="422,289,319,0" step="2"/><V119/><F119/><T130/><D130/><U133/><E133/><V0/><F0/><T80/><D131/><U118/><E118/><V113/><F113/><T79/><D129/><U56/><E56/><V49/><F49/><T35/><D128/><U81/><AGARI ba="0,2" hai="41,45,48,60,67,70,77,81,87,93,96,102,126,127" m="30752" machi="81" ten="30,6000,1" yaku="1,1,0,1,52,2,53,1" doraHai="94" doraHaiUra="47" who="1" fromWho="1" sc="422,-20,289,80,319,-40,0,0" /><INIT seed="4,0,0,1,0,40" ten="402,369,279,0" oya="0" hai0="123,59,61,114,76,44,127,95,73,64,109,131,0" hai1="52,112,2,56,91,103,36,129,78,113,65,122,47" hai2="72,104,3,35,1,51,84,118,63,116,115,85,75" hai3=""/><T55/><N who="0" m="31520" /><T54/><D0/><U132/><N who="1" m="31264" /><U126/><E2/><V34/><F51/><T43/><D114/><N who="1" m="44139" /><E129/><V94/><F115/><T124/><D131/><U110/><E110/><V50/><F50/><T97/><D109/><U111/><E111/><V92/><REACH who="2" step="1"/><F104/><REACH who="2" ten="402,369,269,0" step="2"/><T66/><D127/><U99/><E126/><V130/><F130/><T133/><D124/><U41/><E132/><V93/><F93/><T88/><D133/><U87/><E65/><V100/><F100/><T46/><D66/><U39/><E39/><V81/><F81/><T86/><D64/><U77/><E103/><V33/><F33/><T62/><D62/><AGARI ba="0,1" hai="1,3,34,35,62,63,72,75,84,85,92,94,116,118" machi="62" ten="25,3200,0" yaku="1,1,22,2,53,0" doraHai="40" doraHaiUra="128" who="2" fromWho="0" sc="402,-32,369,0,269,42,0,0" /><INIT seed="5,0,0,4,4,128" ten="370,369,311,0" oya="1" hai0="106,67,109,33,80,61,91,120,84,112,2,107,43" hai1="57,87,121,53,52,48,117,104,54,65,94,122,103" hai2="105,35,72,114,135,75,96,49,132,55,115,119,3" hai3=""/><U51/><N who="1" m="31008" /><U58/><N who="1" m="31264" /><U60/><E117/><V44/><F119/><T101/><N who="0" m="30752" /><T129/><D109/><U68/><E104/><V66/><F35/><T45/><D33/><U90/><REACH who="1" step="1"/><E103/><REACH who="1" ten="370,359,311,0" step="2"/><V123/><N who="2" m="31520" /><V82/><F3/><T63/><D101/><U62/><E62/><V134/><F66/><T95/><D63/><U50/><AGARI ba="0,1" hai="48,50,51,52,53,54,57,58,60,65,68,87,90,94" m="31264,31008" machi="50" ten="30,8000,1" yaku="1,1,0,1,52,2,54,1,53,0" doraHai="128" doraHaiUra="93" who="1" fromWho="1" sc="370,-40,359,90,311,-40,0,0" /><INIT seed="5,1,0,0,5,3" ten="330,449,271,0" oya="1" hai0="60,72,63,55,41,73,34,133,37,90,89,56,44" hai1="120,92,100,66,121,62,122,117,106,35,79,128,135" hai2="97,54,109,33,101,45,70,102,82,113,132,134,116" hai3=""/><U0/><N who="1" m="30752" /><U110/><N who="1" m="31008" /><U104/><N who="1" m="31264" /><U127/><E0/><V68/><F109/><T43/><D133/><U76/><E135/><V129/><F116/><T78/><D34/><U126/><E117/><V40/><F129/><T57/><D43/><U99/><E35/><V115/><F33/><T51/><D37/><U49/><E128/><V32/><F32/><T105/><D105/><N who="1" m="40555" /><E49/><V124/><F124/><N who="1" m="47657" /><E110/><V95/><F132/><T123/><N who="0" m="31520" /><T48/><D48/><U74/><E74/><V50/><F134/><T80/><REACH who="0" step="1"/><D72/><REACH who="0" ten="320,449,271,0" step="2"/><U94/><E94/><V64/><F95/><T61/><D61/><U88/><E100/><V77/><F102/><T108/><D108/><U39/><E39/><V86/><F101/><T58/><D58/><AGARI ba="1,1" hai="58,62,66,76,79,88,92,99" m="47657,40555,31264,31008,30752" machi="58" ten="30,12000,1" yaku="18,1,52,3,54,1" doraHai="3" who="1" fromWho="0" sc="320,-122,449,132,271,0,0,0" /><INIT seed="5,2,0,0,4,101" ten="198,581,271,0" oya="1" hai0="51,39,49,124,79,126,102,90,69,95,84,43,122" hai1="125,128,133,127,56,58,98,59,54,105,93,34,41" hai2="103,47,66,42,104,73,48,3,92,134,57,46,120" hai3=""/><U89/><E34/><V0/><N who="2" m="30752" /><V1/><F134/><T129/><N who="0" m="31264" /><T45/><D69/><U44/><E133/><V75/><F92/><T135/><D135/><U100/><E128/><V118/><F118/><T55/><D129/><U77/><E77/><V62/><REACH who="2" step="1"/><F46/><REACH who="2" ten="198,581,261,0" step="2"/><T83/><D102/><U110/><E93/><V32/><F32/><T65/><D65/><U82/><E110/><V99/><AGARI ba="2,1" hai="0,1,3,42,47,48,57,62,66,73,75,99,103,104" m="30752" machi="99" ten="40,6000,1" yaku="1,1,0,1,52,2,53,1" doraHai="101" doraHaiUra="117" who="2" fromWho="2" sc="198,-22,581,-42,261,74,0,0" /><INIT seed="6,0,0,3,4,96" ten="176,539,335,0" oya="2" hai0="46,108,75,38,40,110,55,121,66,53,95,112,65" hai1="89,82,52,63,111,76,77,41,98,42,123,88,73" hai2="36,87,134,47,45,71,128,44,57,122,113,131,81" hai3=""/><V106/><N who="2" m="31264" /><V50/><F71/><T74/><N who="0" m="31008" /><T132/><D95/><U101/><N who="1" m="31520" /><U124/><E111/><V37/><F106/><T69/><D75/><U102/><E124/><V58/><F113/><T103/><D74/><U97/><E73/><V78/><F134/><T129/><D103/><U64/><E52/><V32/><F32/><T104/><D104/><U105/><E82/><V86/><F50/><T51/><D112/><U120/><N who="1" m="30752" /><U93/><E77/><V48/><F48/><T0/><D0/><U135/><E76/><V114/><F114/><T94/><D94/><U119/><E119/><V130/><F87/><T80/><D80/><U35/><E35/><V115/><F115/><T79/><D79/><U49/><E135/><V118/><F118/><T127/><D132/><U90/><E49/><V107/><F107/><T61/><D127/><U125/><E125/><V100/><F100/><T99/><D99/><U85/><E85/><V60/><F58/><T3/><D3/><U2/><E2/><V133/><F133/><T116/><D116/><U83/><E83/><V39/><F57/><T70/><D70/><U43/><E102/><V91/><F78/><T117/><D117/><U84/><E84/><RYUUKYOKU ba="0,0" sc="176,-20,539,10,335,10,0,0" hai1="41,42,43,63,64,88,89,90,93,97,98,101,105" hai2="36,37,39,44,45,47,60,81,86,91,128,130,131" /><INIT seed="6,1,0,0,1,62" ten="156,549,345,0" oya="2" hai0="48,68,132,88,77,122,80,66,47,59,114,119,75" hai1="99,71,91,129,107,51,96,118,102,78,111,116,123" hai2="38,117,95,35,112,76,74,2,90,65,52,41,103" hai3=""/><V43/><F117/><N who="1" m="45161" /><E111/><V46/><F2/><T57/><N who="0" m="31264" /><T0/><D119/><U56/><N who="1" m="31520" /><U50/><E71/><V79/><F35/><T70/><D0/><U94/><E129/><V53/><F112/><T120/><N who="0" m="30752" /><T1/><D1/><U44/><E78/><V84/><F41/><T85/><D132/><U124/><E124/><V39/><F39/><T108/><D108/><U58/><E51/><V42/><F42/><AGARI ba="1,0" hai="42,44,50,56,58,91,94,96,99,102,107" m="31520,45161" machi="42" ten="30,2000,0" yaku="12,1,52,1" doraHai="62" who="1" fromWho="2" sc="156,0,549,22,345,-22,0,0" owari="156,-44.0,571,52.0,323,-8.0,0,0.0" /></mjloggm>