<mjloggm ver="2.3"><GO type="169" lobby="0"/><UN n0="%E3%81%B5%E3%81%98%E3%81%8B%E3%81%A4" n1="%E9%A6%AC%E9%BE%8D%6C%65%66%74" n2="%E3%83%9C%E3%82%B3%E3%83%9C%E3%82%B3%E3%81%AA%E3%81%A3%E3%81%A1%E3%82%87" n3="%E8%B5%A4%E5%9F%8E%E7%9C%9F%E5%AD%90" dan="17,16,16,17" rate="2160.67,2068.71,2065.87,2202.85" sx="M,M,M,F"/><TAIKYOKU oya="0"/><INIT seed="0,0,0,5,5,9" ten="250,250,250,250" oya="0" hai0="15,48,37,126,103,101,134,108,26,123,90,69,25" hai1="113,117,86,112,109,105,21,79,71,46,93,132,59" hai2="119,42,29,23,62,4,88,39,65,124,5,43,94" hai3="73,74,1,91,56,8,77,17,60,81,16,27,0"/><T2/><D123/><U20/><E71/><V55/><F124/><W85/><G27/><T22/><D2/><U133/><E105/><V32/><F32/><W72/><G77/><T28/><D134/><N who="1" m="51819" /><E117/><V80/><F119/><W36/><G36/><T3/><D126/><U115/><E109/><V64/><F80/><W125/><G125/><T57/><D3/><U58/><E46/><V96/><F55/><W82/><G82/><T78/><D69/><U6/><E6/><V92/><F92/><W97/><G97/><T135/><D78/><U87/><E79/><V19/><F29/><W30/><G30/><T83/><D37/><U24/><E93/><V40/><F39/><W131/><G131/><T110/><D135/><U67/><E67/><N who="2" m="25675" /><F62/><W128/><G128/><T50/><D83/><U76/><E76/><V75/><F75/><W41/><G41/><T33/><D90/><U68/><E68/><V31/><F31/><W54/><REACH who="3" step="1"/><G17/><REACH who="3" ten="250,250,250,240" step="2"/><N who="0" m="10559" /><D26/><AGARI ba="0,1" hai="4,5,19,23,26,40,42,43,88,94,96" m="25675" machi="26" ten="30,2000,0" yaku="8,1,54,1" doraHai="9" who="2" fromWho="0" sc="250,-20,250,0,250,30,240,0" /><INIT seed="1,0,0,3,1,86" ten="230,250,280,240" oya="1" hai0="8,62,135,41,91,49,7,39,34,79,61,32,116" hai1="82,50,126,113,119,5,124,98,90,134,55,40,35" hai2="44,22,64,129,107,83,23,108,43,14,105,54,85" hai3="59,4,51,30,21,66,122,58,73,31,71,20,123"/><U100/><E35/><V63/><F108/><W84/><G73/><T56/><D116/><U92/><E119/><V38/><F129/><W24/><G4/><T3/><D79/><U89/><E40/><V97/><F54/><W70/><G84/><T13/><D135/><U27/><E113/><V68/><F97/><W15/><G15/><T9/><D39/><U6/><E82/><V1/><F1/><W95/><G95/><T17/><D62/><U130/><E27/><V80/><F80/><W16/><G51/><T112/><D112/><U75/><E75/><V57/><F68/><W110/><G24/><T101/><D101/><U102/><E102/><V26/><F14/><W36/><G36/><T131/><D131/><U69/><E69/><V94/><F94/><W87/><G87/><T121/><D121/><U28/><E28/><V67/><F67/><W88/><G16/><T12/><D3/><U42/><E42/><V132/><F132/><W78/><G78/><T128/><D128/><U52/><E55/><V81/><F81/><W48/><G48/><T111/><D111/><U109/><E109/><V65/><F65/><W96/><G66/><T74/><D74/><U33/><E33/><V99/><F99/><W106/><G96/><T76/><D76/><U115/><E134/><V25/><F25/><W0/><G110/><T104/><D104/><N who="2" m="40010" /><F26/><W103/><G106/><T46/><D91/><N who="1" m="34827" /><E130/><V118/><F118/><W19/><G103/><T2/><D2/><U37/><E37/><V77/><F38/><W10/><G0/><T45/><D45/><N who="1" m="27727" /><E115/><V60/><F60/><RYUUKYOKU ba="0,0" sc="230,10,250,10,280,10,240,-30" hai0="7,8,9,12,13,17,32,34,41,46,49,56,61" hai1="5,6,92,98,100,124,126" hai2="22,23,43,44,57,63,64,77,83,85" /><INIT seed="1,1,0,1,1,25" ten="240,260,290,210" oya="1" hai0="38,124,63,23,39,40,17,123,90,117,89,20,37" hai1="48,133,101,62,43,73,7,2,114,5,45,95,98" hai2="128,35,118,57,24,34,82,14,6,106,92,86,49" hai3="105,97,119,81,0,94,65,11,102,88,1,110,42"/><U50/><E114/><V111/><F118/><W121/><G121/><T31/><D117/><U129/><E129/><V26/><F106/><W64/><G119/><T3/><D3/><U27/><E133/><V28/><F111/><W16/><G110/><T122/><D40/><U100/><E73/><V15/><F128/><W41/><G81/><T109/><D109/><U36/><E101/><V75/><F75/><W126/><G126/><T8/><D8/><U113/><E113/><V103/><F6/><W22/><G42/><T72/><D72/><U79/><E79/><V134/><F134/><W4/><G41/><T21/><D124/><U108/><E108/><V130/><F92/><W80/><G80/><T60/><D17/><U127/><E127/><V53/><F103/><W61/><G61/><N who="0" m="23627" /><D31/><U120/><E120/><AGARI ba="1,0" hai="20,21,23,37,38,39,89,90,120,122,123" m="23627" machi="120" ten="40,5200,0" yaku="28,2,13,1" doraHai="25" who="0" fromWho="1" sc="240,55,260,-55,290,0,210,0" /><INIT seed="2,0,0,2,3,80" ten="295,205,290,210" oya="2" hai0="82,54,42,60,40,92,128,11,108,57,93,31,12" hai1="18,102,79,119,85,89,39,49,53,1,43,110,74" hai2="22,21,78,56,3,25,41,97,35,19,104,67,111" hai3="38,126,91,124,46,30,24,77,0,26,98,66,45"/><V75/><F3/><W103/><G0/><T33/><D128/><U44/><E110/><V2/><F2/><W63/><G77/><T55/><D108/><U83/><E119/><V65/><F41/><N who="0" m="15978" /><D31/><U118/><E1/><V17/><F111/><W71/><G38/><T130/><D33/><U127/><E127/><N who="3" m="48682" /><G91/><T64/><D82/><U100/><E118/><V10/><F35/><N who="3" m="20935" /><G26/><T51/><D130/><U86/><E74/><V99/><F10/><W120/><G120/><T133/><D133/><U134/><E18/><V15/><F104/><AGARI ba="0,0" hai="45,46,63,66,71,98,103,104" m="20935,48682" machi="104" ten="30,2000,0" yaku="25,1,18,1" doraHai="80" who="3" fromWho="2" sc="295,0,205,0,290,-20,210,20" /><INIT seed="3,0,0,4,4,33" ten="295,205,270,230" oya="3" hai0="112,34,126,127,133,87,18,108,101,10,65,4,115" hai1="128,117,130,36,72,62,50,19,39,93,114,119,13" hai2="55,23,49,6,73,89,14,40,78,7,96,52,85" hai3="15,35,45,77,120,68,67,74,118,48,75,111,3"/><W16/><G118/><N who="1" m="45066" /><E72/><V58/><F40/><W84/><G120/><T88/><D101/><U28/><E28/><V131/><F131/><N who="1" m="50217" /><E114/><N who="0" m="43561" /><D65/><U121/><E121/><V69/><F69/><W91/><G77/><T107/><D107/><U116/><N who="1" m="45074" /><U57/><DORA hai="106" /><E93/><V92/><F73/><W60/><G111/><T59/><D34/><U5/><E5/><V109/><F109/><W0/><G35/><T11/><D108/><U80/><E80/><N who="2" m="47255" /><F55/><W27/><G27/><T122/><D122/><U129/><N who="1" m="50225" /><U17/><DORA hai="135" /><E50/><V43/><F6/><W76/><G76/><T54/><D133/><U30/><E30/><V53/><F7/><W8/><G74/><T94/><D18/><N who="1" m="6667" /><E13/><V63/><F14/><W29/><G29/><T41/><D41/><U71/><E71/><V124/><F43/><W2/><G75/><T32/><D32/><U79/><E79/><V26/><F92/><W9/><G9/><N who="0" m="3083" /><D4/><U86/><E86/><V102/><F49/><AGARI ba="0,0" hai="49,54,59,87,88,94,126,127" m="3083,43561" machi="49" ten="30,7700,0" yaku="11,1,52,2,54,1" doraHai="33,106,135" who="0" fromWho="2" sc="295,77,205,0,270,-77,230,0" /><INIT seed="4,0,0,1,0,121" ten="372,205,193,230" oya="0" hai0="98,15,50,35,56,49,68,53,77,126,95,23,6" hai1="84,52,71,105,29,5,79,11,24,10,112,118,46" hai2="70,120,124,100,116,92,18,129,101,102,114,33,9" hai3="99,73,78,69,97,17,36,135,67,44,65,30,31"/><T21/><D35/><U82/><E118/><V110/><F120/><W14/><G135/><T20/><D68/><U34/><E71/><V134/><F134/><W1/><G1/><T111/><D126/><U4/><E105/><V74/><F124/><W123/><G123/><T86/><D77/><U133/><E112/><V80/><F114/><W51/><G36/><T109/><D86/><U55/><E133/><V103/><F33/><W3/><G3/><T115/><D115/><U8/><REACH who="1" step="1"/><E46/><REACH who="1" ten="372,195,193,230" step="2"/><V28/><F116/><W39/><G44/><T2/><D2/><U107/><E107/><V108/><F70/><W76/><G69/><T40/><D40/><U54/><AGARI ba="0,1" hai="4,5,8,10,11,24,29,34,52,54,55,79,82,84" machi="54" ten="30,4000,0" yaku="1,1,0,1,54,1,53,0" doraHai="121" doraHaiUra="19" who="1" fromWho="1" sc="372,-20,195,50,193,-10,230,-10" /><INIT seed="5,0,0,2,2,64" ten="352,245,183,220" oya="1" hai0="58,20,60,134,0,101,80,103,41,56,129,37,51" hai1="128,6,116,123,31,126,83,76,33,65,21,121,24" hai2="85,91,12,68,35,45,8,111,71,28,36,86,54" hai3="25,79,92,74,96,93,66,63,59,22,62,49,17"/><U57/><E116/><V72/><F111/><W135/><G135/><T42/><D0/><U13/><E126/><V109/><F109/><W89/><G74/><T75/><D129/><U3/><E128/><V69/><F72/><W132/><G132/><T26/><D134/><U120/><E65/><V7/><F91/><W48/><G79/><T47/><D37/><U70/><E70/><V2/><F2/><W67/><REACH who="3" step="1"/><G93/><REACH who="3" ten="352,245,183,210" step="2"/><T43/><D75/><U87/><E120/><V73/><F73/><W15/><G15/><T46/><D80/><U84/><E3/><V5/><F5/><W102/><G102/><T119/><D103/><U104/><E6/><V133/><F133/><W81/><G81/><T77/><D77/><U124/><E83/><V117/><F117/><W98/><G98/><T105/><D101/><U4/><E4/><V90/><F90/><W113/><G113/><T127/><D119/><U95/><E95/><V34/><F36/><W108/><G108/><T50/><D127/><U19/><E76/><V32/><REACH who="2" step="1"/><F28/><REACH who="2" ten="352,245,173,210" step="2"/><W52/><G52/><T11/><D105/><U131/><E104/><V1/><F1/><W39/><G39/><T106/><D106/><U78/><E31/><V18/><F18/><W23/><G23/><T44/><D20/><U27/><E21/><V53/><F53/><W9/><G9/><T29/><D11/><U94/><E19/><V114/><F114/><W38/><G38/><T61/><D29/><U100/><E78/><V97/><F97/><W16/><G16/><T40/><N who="0" m="10240" /><DORA hai="14" /><T118/><D118/><U88/><E88/><RYUUKYOKU ba="0,2" sc="352,-15,245,-15,173,15,210,15" hai2="7,8,12,32,34,35,45,54,68,69,71,85,86" hai3="17,22,25,48,49,59,62,63,66,67,89,92,96" /><INIT seed="6,1,2,3,5,46" ten="337,230,188,225" oya="2" hai0="100,83,91,27,7,22,133,4,107,69,120,125,61" hai1="111,41,64,14,49,110,10,129,40,11,35,118,8" hai2="32,82,18,92,74,54,25,47,12,87,114,36,42" hai3="98,135,21,70,109,77,48,117,23,72,78,16,104"/><V20/><F114/><W85/><G109/><T68/><D120/><U66/><E35/><V1/><F1/><W121/><G117/><T79/><D133/><U57/><E118/><V105/><F105/><W124/><G121/><T97/><D125/><U73/><E73/><V76/><F54/><W127/><G70/><T51/><D91/><U112/><E112/><V50/><F36/><W53/><G72/><T134/><D134/><U71/><E71/><V65/><F65/><N who="1" m="25193" /><E129/><V2/><F2/><W88/><G21/><T130/><D130/><U37/><E37/><V106/><F106/><W38/><G98/><T116/><D116/><U94/><E94/><V34/><REACH who="2" step="1"/><F25/><REACH who="2" ten="337,230,178,225" step="2"/><N who="3" m="14567" /><G104/><T17/><D107/><U115/><E115/><V84/><F84/><W5/><G38/><T126/><D27/><U39/><E39/><V60/><F60/><W89/><G135/><T45/><D61/><U95/><E111/><V9/><F9/><W44/><G127/><T6/><D126/><U131/><E110/><V119/><F119/><W99/><G124/><T113/><D113/><U63/><E63/><V29/><F29/><W123/><G123/><T43/><D69/><U31/><E31/><V103/><F103/><W24/><G24/><T30/><D68/><U81/><E8/><V86/><F86/><W56/><G85/><N who="0" m="48383" /><D100/><U102/><E102/><V59/><F59/><W93/><G56/><T52/><D97/><U58/><E58/><V67/><F67/><W0/><G0/><T101/><D101/><U28/><E28/><V80/><F80/><W33/><G99/><T132/><D30/><RYUUKYOKU ba="1,3" sc="337,-10,230,-10,178,30,225,-10" hai2="12,18,20,32,34,42,47,50,74,76,82,87,92" /><INIT seed="6,2,3,2,4,96" ten="327,220,208,215" oya="2" hai0="41,68,42,63,130,33,84,24,97,7,32,133,118" hai1="39,134,50,77,58,16,35,52,30,48,66,104,81" hai2="89,116,87,61,95,108,5,120,62,124,135,82,94" hai3="76,36,38,127,25,85,88,79,110,45,128,114,57"/><V60/><F116/><W70/><G110/><T54/><D118/><U53/><E39/><V113/><F120/><W55/><G70/><T99/><D7/><U115/><E115/><V12/><F113/><W132/><G114/><T83/><D133/><U117/><E134/><V122/><F135/><W13/><G132/><T80/><D130/><U8/><E104/><V26/><F122/><W18/><G25/><T86/><D24/><U73/><E30/><V21/><F124/><W28/><G28/><T102/><D68/><U49/><E35/><V3/><F3/><W6/><G6/><T106/><D106/><U64/><E117/><V121/><F121/><W126/><G128/><T65/><D54/><U72/><E72/><V20/><F108/><W75/><G45/><T1/><D63/><U107/><E107/><V56/><F56/><W44/><G75/><T92/><D92/><N who="2" m="35370" /><F26/><W91/><G44/><T17/><D17/><U59/><E49/><V129/><F129/><W51/><G38/><T125/><D1/><U27/><E27/><V78/><F78/><N who="3" m="29739" /><G36/><T9/><D9/><AGARI ba="2,3" hai="5,9,12,20,21,60,61,62,82,87,89" m="35370" machi="9" ten="30,1500,0" yaku="8,1" doraHai="96" who="2" fromWho="0" sc="327,-21,220,0,208,51,215,0" /><INIT seed="6,3,0,3,4,86" ten="306,220,259,215" oya="2" hai0="6,85,31,75,96,35,54,62,0,39,34,57,64" hai1="21,1,90,43,69,23,73,107,132,133,77,41,130" hai2="91,37,131,47,124,4,81,59,125,116,52,49,114" hai3="110,33,88,106,19,74,113,65,82,2,84,100,128"/><V40/><F116/><W123/><G123/><T17/><D75/><U121/><E121/><V68/><F114/><W7/><G110/><T127/><D39/><U51/><E69/><V42/><F4/><W14/><G33/><T117/><D117/><U66/><E66/><V27/><F68/><W79/><G128/><T32/><D127/><N who="2" m="48714" /><F131/><W93/><G65/><T56/><D96/><U48/><E1/><V50/><F27/><W134/><G134/><N who="1" m="51818" /><E107/><V24/><F24/><W95/><G113/><T26/><D17/><U122/><E122/><V55/><F37/><W12/><G93/><T18/><D18/><U8/><E8/><V76/><F91/><W3/><G7/><T87/><D6/><U115/><E90/><V83/><F83/><W30/><G30/><T103/><D0/><N who="3" m="41" /><G19/><T80/><D103/><U102/><E102/><V72/><AGARI ba="3,0" hai="40,42,47,49,50,52,55,59,72,76,81" m="48714" machi="72" ten="30,3000,0" yaku="18,1,54,1" doraHai="86" who="2" fromWho="2" sc="306,-13,220,-13,259,39,215,-13" /><INIT seed="6,4,0,3,4,102" ten="293,207,298,202" oya="2" hai0="89,38,50,43,58,72,24,80,34,5,52,60,68" hai1="119,99,120,115,98,39,59,94,57,128,71,27,92" hai2="23,117,96,97,26,104,9,29,4,25,2,19,8" hai3="127,33,66,77,100,45,0,63,55,108,28,41,106"/><V95/><F117/><W30/><G108/><T81/><D5/><U105/><E39/><V118/><F118/><W125/><G77/><T103/><D103/><U131/><E119/><V31/><F9/><W1/><G55/><T135/><D135/><U134/><E27/><V36/><F36/><N who="3" m="21671" /><G30/><N who="0" m="19783" /><D89/><U129/><E71/><V85/><F19/><W62/><G62/><T132/><D72/><U123/><E105/><V88/><REACH who="2" step="1"/><F104/><REACH who="2" ten="293,207,288,202" step="2"/><W6/><G106/><T12/><D132/><U51/><E134/><V78/><F78/><W87/><G6/><T11/><D11/><U133/><E133/><V121/><F121/><W16/><G16/><T49/><D38/><U37/><E37/><V21/><AGARI ba="4,1" hai="2,4,8,21,23,25,26,29,31,85,88,95,96,97" machi="21" ten="20,12000,1" yaku="1,1,0,1,7,1,9,1,54,1,53,0" doraHai="102" doraHaiUra="13" who="2" fromWho="2" sc="293,-44,207,-44,288,142,202,-44" /><INIT seed="6,5,0,0,2,132" ten="249,163,430,158" oya="2" hai0="1,22,14,84,39,19,120,46,41,5,119,68,123" hai1="104,18,92,93,71,3,53,34,38,106,59,70,27" hai2="0,8,24,88,98,21,13,63,47,50,12,33,114" hai3="115,76,80,127,7,48,10,74,116,89,51,28,35"/><V37/><F114/><W58/><G116/><T134/><D68/><U9/><E38/><V23/><F37/><W118/><G118/><T15/><D119/><U66/><E71/><V87/><F98/><W101/><G101/><T103/><D134/><U69/><E69/><V111/><F111/><W112/><G89/><T85/><D103/><U135/><E135/><V6/><F63/><W67/><G28/><T44/><D1/><U125/><E66/><V133/><F33/><W45/><G35/><T72/><D72/><U96/><E70/><V2/><F2/><W60/><G127/><T81/><D85/><U55/><E55/><V73/><F23/><W129/><G129/><T126/><D126/><U79/><E79/><V42/><F73/><W94/><G94/><T52/><D5/><U30/><E92/><V83/><REACH who="2" step="1"/><F133/><REACH who="2" ten="249,163,420,158" step="2"/><W117/><G117/><T36/><D36/><U29/><E34/><V65/><F65/><W102/><G102/><T90/><D123/><U107/><E3/><V100/><F100/><W99/><G99/><T57/><D120/><U62/><E125/><V82/><F82/><W75/><G75/><T95/><D81/><U86/><E86/><V131/><F131/><W43/><REACH who="3" step="1"/><G48/><REACH who="3" ten="249,163,420,148" step="2"/><T32/><D32/><U124/><E124/><V20/><F20/><W121/><G121/><T97/><D39/><U113/><E113/><V78/><F78/><W77/><G77/><T16/><D97/><U25/><E96/><V49/><F49/><W40/><G40/><T91/><D41/><U122/><E122/><V17/><AGARI ba="5,2" hai="0,6,8,12,13,17,21,24,42,47,50,83,87,88" machi="17" ten="20,7800,0" yaku="1,1,0,1,7,1,54,1,53,0" doraHai="132" doraHaiUra="105" who="2" fromWho="2" sc="249,-31,163,-31,420,113,148,-31" /><INIT seed="6,6,0,5,3,2" ten="218,132,533,117" oya="2" hai0="23,84,80,88,15,114,106,125,105,124,69,8,60" hai1="77,24,91,12,45,68,67,38,37,113,17,56,30" hai2="98,135,78,99,133,57,14,100,18,29,83,3,129" hai3="66,41,127,4,92,35,33,104,61,42,116,115,71"/><V128/><F3/><W13/><G116/><T95/><D114/><U40/><E113/><V9/><F29/><W10/><G104/><T50/><D23/><U82/><E68/><V48/><F48/><W27/><G115/><T123/><D50/><U47/><E91/><V134/><F57/><W20/><G127/><N who="0" m="48715" /><D123/><U63/><E47/><V118/><F118/><W102/><G102/><T107/><D69/><U46/><E45/><V1/><F1/><W112/><G92/><T36/><D60/><U131/><E131/><N who="2" m="50251" /><F100/><W64/><G64/><T132/><D36/><U16/><E12/><V72/><AGARI ba="6,0" hai="9,14,18,72,78,83,98,99,133,134,135" m="50251" machi="72" ten="40,3900,0" yaku="20,1,19,1" doraHai="2" who="2" fromWho="2" sc="218,-19,132,-19,533,57,117,-19" /><INIT seed="6,7,0,4,0,5" ten="199,113,590,98" oya="2" hai0="91,135,45,95,90,84,78,56,125,102,124,105,23" hai1="101,46,14,132,68,16,53,25,61,4,50,44,129" hai2="76,130,134,108,24,58,99,1,31,96,100,47,8" hai3="79,52,88,122,11,62,87,55,121,133,9,73,21"/><V30/><F134/><W6/><G133/><T37/><D135/><U49/><E132/><V17/><F130/><W32/><G32/><T116/><D116/><U104/><E129/><V120/><F76/><W19/><G73/><T115/><D56/><U111/><E4/><V113/><F47/><W27/><G79/><T2/><D2/><U57/><E111/><V39/><F39/><W26/><G26/><T43/><D115/><U103/><E25/><V83/><F83/><W59/><G55/><T86/><D23/><U51/><E68/><V127/><F127/><N who="0" m="48714" /><D78/><U114/><E114/><V22/><F120/><W64/><G64/><T92/><D102/><N who="1" m="38923" /><E104/><AGARI ba="7,0" hai="37,43,45,84,86,90,91,92,95,104,105" m="48714" machi="104" ten="30,1000,0" yaku="18,1" doraHai="5" who="0" fromWho="1" sc="199,31,113,-31,590,0,98,0" /><INIT seed="7,0,0,3,5,13" ten="230,82,590,98" oya="3" hai0="69,112,74,12,81,85,101,122,109,119,31,120,78" hai1="63,52,50,20,127,95,6,22,66,48,28,71,108" hai2="97,86,2,17,39,49,46,45,118,44,124,7,61" hai3="26,132,58,10,87,115,90,116,100,16,41,67,54"/><W1/><G116/><T42/><D69/><U73/><E108/><V25/><F39/><W107/><G115/><T102/><D31/><U135/><E127/><V103/><F86/><W96/><G132/><T57/><D42/><U14/><E135/><V27/><F118/><W0/><G67/><T130/><D130/><U4/><E73/><V55/><F7/><W70/><G70/><T35/><D35/><U65/><E65/><V94/><F2/><W47/><G58/><T125/><D119/><U43/><E43/><V117/><F117/><W18/><G54/><T9/><D112/><U111/><E111/><V114/><F124/><W131/><G131/><T91/><D109/><U76/><E76/><V105/><F105/><W15/><G26/><T104/><D125/><U75/><E75/><V126/><F114/><W83/><REACH who="3" step="1"/><G18/><REACH who="3" ten="230,82,590,88" step="2"/><N who="0" m="8463" /><D57/><N who="1" m="35239" /><E71/><V37/><F17/><W134/><G134/><T68/><D68/><U34/><E66/><V98/><F25/><W110/><G110/><T82/><D122/><U93/><E34/><V19/><F27/><W99/><G99/><T24/><D24/><N who="1" m="16391" /><E6/><V113/><F98/><W51/><AGARI ba="0,1" hai="0,1,10,15,16,41,47,51,83,87,90,96,100,107" machi="51" ten="20,18000,2" yaku="1,1,0,1,7,1,52,1,54,1,53,1" doraHai="13" doraHaiUra="5" who="3" fromWho="3" sc="230,-60,82,-60,590,-60,88,190" /><INIT seed="7,1,0,1,0,76" ten="170,22,530,278" oya="3" hai0="64,2,68,46,101,117,111,52,62,34,80,3,55" hai1="9,92,98,31,87,119,125,134,90,48,21,102,77" hai2="37,40,103,124,123,108,42,8,118,107,30,106,105" hai3="100,6,59,122,38,25,58,0,97,78,81,132,60"/><W18/><G122/><T65/><D117/><U24/><E119/><V20/><F108/><W41/><G132/><T133/><D111/><U17/><E134/><V73/><F73/><W130/><G130/><T120/><D133/><U127/><E127/><V115/><F115/><W45/><G18/><T5/><D120/><U70/><E70/><V74/><F74/><W14/><G25/><T95/><D34/><U89/><E125/><V36/><F36/><W51/><G0/><T82/><D5/><U44/><E31/><V93/><F37/><W126/><G126/><T16/><D101/><U71/><E9/><V135/><F107/><W12/><G38/><T94/><D68/><U29/><E71/><V43/><F106/><W61/><G61/><T57/><D62/><U83/><E29/><V114/><F105/><W67/><G59/><T54/><D57/><U56/><E56/><V104/><F104/><W11/><G12/><T27/><D27/><U96/><REACH who="1" step="1"/><E98/><REACH who="1" ten="170,12,530,278" step="2"/><V15/><F114/><W28/><G28/><T26/><D46/><U49/><E49/><V129/><F129/><W86/><REACH who="3" step="1"/><G97/><REACH who="3" ten="170,12,530,268" step="2"/><T116/><D116/><U50/><E50/><V63/><F124/><W75/><G75/><T33/><D33/><U19/><E19/><V66/><F118/><W88/><G88/><T109/><D109/><U85/><E85/><V91/><F135/><W13/><G13/><T99/><D16/><U128/><E128/><V121/><F123/><W22/><G22/><T112/><D112/><U4/><E4/><V131/><F131/><W32/><G32/><T23/><D99/><RYUUKYOKU type="nm" ba="1,2" sc="170,-20,12,-20,530,80,268,-40" hai1="17,21,24,44,48,77,83,87,89,90,92,96,102" hai3="6,11,14,41,45,51,58,60,67,78,81,86,100" owari="150,-25.0,-8,-51.0,630,73.0,228,3.0" /></mjloggm>