<mjloggm ver="2.3"><GO type="169" lobby="0"/><UN n0="%68%61%69%6A%69%6E%35%35" n1="%E6%BD%AE%E9%A8%92" n2="%E3%82%8B%E3%83%BC%E3%81%BF%E3%81%A3%E3%81%8F" n3="%E9%A2%A8%E6%B4%A5%E9%81%93" dan="17,16,16,16" rate="2260.13,2128.73,2123.61,2109.39" sx="M,F,M,M"/><TAIKYOKU oya="0"/><INIT seed="0,0,0,3,0,31" ten="250,250,250,250" oya="0" hai0="6,45,3,129,127,49,100,90,105,1,37,69,27" hai1="62,75,11,30,54,52,67,77,35,12,19,78,76" hai2="26,57,91,40,17,33,10,93,72,132,128,28,32" hai3="48,113,73,121,117,53,87,124,20,60,5,102,56"/><T2/><D127/><U96/><E75/><V83/><F128/><W85/><G113/><T0/><D129/><U21/><E96/><V82/><F132/><W59/><G117/><T131/><D131/><U118/><E118/><V110/><F110/><W22/><G73/><T92/><D69/><U88/><E11/><V24/><F40/><W101/><G121/><T106/><D100/><U94/><E30/><V116/><F116/><W97/><G5/><T4/><D37/><U104/><E104/><V80/><F57/><W61/><G48/><T38/><D38/><U103/><E35/><V9/><F72/><W125/><G97/><T70/><D70/><U46/><E103/><V98/><REACH who="2" step="1"/><F17/><REACH who="2" ten="250,250,240,250" step="2"/><W29/><G125/><T89/><D6/><U66/><E46/><V74/><F74/><W130/><G130/><T47/><D45/><U41/><E41/><V44/><F44/><W120/><G124/><T15/><D47/><U126/><E126/><V68/><F68/><W119/><G119/><T55/><D4/><U114/><E114/><V36/><F36/><W42/><G42/><T107/><D2/><U111/><E111/><V134/><F134/><W71/><G71/><T84/><D3/><U123/><E123/><V8/><F8/><W133/><G133/><T7/><D1/><U16/><E19/><V108/><F108/><W115/><G115/><T18/><D7/><U50/><E16/><V135/><F135/><W99/><G59/><N who="0" m="33263" /><D0/><U109/><E109/><V79/><F79/><W25/><G56/><T95/><D18/><N who="1" m="10439" /><E78/><V43/><F43/><W64/><G120/><RYUUKYOKU ba="0,1" sc="250,-10,250,-10,240,30,250,-10" hai2="9,10,24,26,28,32,33,80,82,83,91,93,98" /><INIT seed="1,1,1,0,0,13" ten="240,240,270,240" oya="1" hai0="4,50,111,75,114,96,60,72,99,76,65,18,104" hai1="1,22,126,85,36,35,16,12,27,84,83,61,67" hai2="100,122,69,43,118,56,55,66,30,48,57,89,106" hai3="52,17,46,33,5,129,124,49,38,88,120,123,133"/><U127/><E36/><V34/><F118/><W24/><G129/><T119/><D119/><U77/><E1/><V58/><F122/><W93/><G133/><T135/><D114/><U131/><E131/><V29/><F34/><W112/><G112/><T15/><D111/><U41/><E41/><V3/><F3/><W25/><G124/><N who="1" m="47658" /><E35/><V90/><F100/><W103/><G103/><T102/><D4/><U11/><E83/><V82/><F106/><W44/><G5/><T130/><D135/><U28/><E77/><V86/><F43/><W98/><G38/><T94/><D50/><U113/><E113/><V62/><F90/><W121/><G33/><T87/><D130/><U91/><E91/><V117/><F117/><W54/><G17/><T110/><D110/><U97/><E97/><V80/><F82/><W79/><G79/><T14/><D87/><U64/><E64/><V63/><F69/><AGARI ba="1,1" hai="11,12,16,22,27,28,61,67,69,84,85" m="47658" machi="69" ten="30,5800,0" yaku="18,1,52,1,54,1" doraHai="13" who="1" fromWho="2" sc="240,0,240,71,270,-61,240,0" /><INIT seed="1,2,0,1,5,6" ten="240,311,209,240" oya="1" hai0="124,98,9,103,82,72,84,93,112,0,60,108,102" hai1="79,115,118,27,97,62,37,53,43,96,35,107,40" hai2="67,32,26,61,31,90,59,21,65,69,117,10,129" hai3="36,89,24,116,64,18,78,74,92,110,86,55,132"/><U34/><E53/><V122/><F122/><W66/><G110/><T95/><D112/><U16/><E115/><V56/><F117/><W125/><G132/><T30/><D108/><U70/><E79/><V133/><F133/><W1/><G125/><T58/><D124/><U12/><E37/><V29/><F129/><W52/><G36/><T8/><D0/><U45/><E45/><V28/><F32/><W4/><G116/><T14/><D72/><U99/><E118/><V15/><F90/><W83/><G18/><T5/><D30/><N who="1" m="19807" /><E35/><V33/><F33/><W2/><G2/><T71/><D71/><U11/><E97/><V23/><F23/><W17/><G66/><T128/><D128/><U81/><E99/><V46/><F46/><W73/><G73/><T76/><D9/><U49/><E49/><V87/><F87/><W130/><G64/><T113/><D113/><U25/><E81/><V85/><F85/><W19/><G130/><T104/><REACH who="0" step="1"/><D102/><REACH who="0" ten="230,311,209,240" step="2"/><N who="1" m="62919" /><E25/><V7/><F69/><W75/><G24/><T50/><D50/><U20/><E20/><V114/><F114/><W39/><G39/><T100/><D100/><U134/><E134/><V120/><F120/><W101/><G101/><T47/><D47/><U106/><E106/><V123/><F123/><W51/><G51/><T22/><D22/><U131/><E131/><V57/><F59/><W42/><G75/><T126/><D126/><U13/><E12/><V38/><F38/><W68/><G74/><T94/><D94/><U80/><E80/><V109/><F109/><W119/><G83/><T41/><D41/><RYUUKYOKU ba="2,1" sc="230,10,311,10,209,10,240,-30" hai0="5,8,14,58,60,76,82,84,93,95,98,103,104" hai1="11,13,16,40,43,62,70" hai2="7,10,15,21,26,28,29,31,56,57,61,65,67" /><INIT seed="1,3,1,0,0,39" ten="240,321,219,210" oya="1" hai0="33,98,105,13,30,94,36,86,65,81,68,18,87" hai1="14,119,92,27,73,112,62,96,88,79,53,19,114" hai2="116,75,134,50,32,110,57,82,64,66,102,34,127" hai3="63,84,93,2,111,85,90,51,38,23,123,89,74"/><U117/><E73/><V56/><F116/><N who="1" m="44617" /><E14/><V95/><F75/><W37/><G123/><T130/><D130/><U5/><E79/><V49/><F82/><W6/><G111/><T54/><D30/><U52/><E5/><V4/><F110/><W55/><G74/><T12/><D33/><U113/><E53/><V67/><F4/><W3/><G63/><T10/><D105/><U58/><E113/><V69/><F69/><W21/><G55/><T9/><D65/><U28/><E28/><V71/><F71/><W42/><G6/><T26/><D68/><U107/><E107/><V83/><F83/><W61/><G61/><T48/><D36/><U120/><E120/><V99/><F34/><W118/><G118/><T109/><D26/><U47/><E47/><V100/><F32/><W104/><G104/><T103/><D109/><U126/><E126/><V133/><F127/><W0/><G51/><N who="2" m="19465" /><F95/><W59/><G59/><N who="2" m="22601" /><F99/><W128/><G128/><T70/><D70/><U7/><E7/><V97/><F97/><W78/><G78/><T24/><D81/><U20/><AGARI ba="3,1" hai="19,20,27,52,58,62,88,92,96,112,114" m="44617" machi="20" ten="30,6000,0" yaku="25,1,54,2" doraHai="39" who="1" fromWho="1" sc="240,-23,321,79,219,-23,210,-23" /><INIT seed="1,4,0,4,4,95" ten="217,400,196,187" oya="1" hai0="117,88,108,46,104,51,78,28,55,4,89,94,58" hai1="126,110,67,39,21,27,121,49,12,22,11,29,40" hai2="76,98,57,81,119,115,50,79,10,41,102,43,36" hai3="53,80,120,99,18,129,17,7,113,90,19,105,135"/><U60/><E126/><V70/><F119/><W109/><G120/><T130/><D104/><U62/><E121/><V103/><F70/><W20/><G113/><T33/><D117/><U24/><E39/><V125/><F125/><W8/><G109/><T73/><D108/><U48/><E110/><V116/><F116/><W25/><G129/><T3/><D130/><U75/><E75/><V68/><F68/><W2/><G135/><T23/><D33/><U83/><E83/><V9/><F36/><W114/><G114/><T14/><D3/><U118/><E118/><V45/><F115/><W106/><G53/><T82/><D89/><U5/><E40/><V59/><F81/><W72/><G105/><T61/><D4/><U16/><REACH who="1" step="1"/><E60/><REACH who="1" ten="217,390,196,187" step="2"/><V107/><F43/><W112/><G112/><T84/><D61/><U131/><E131/><V101/><F107/><W122/><G122/><T26/><D73/><U30/><E30/><V93/><F76/><W42/><G42/><T44/><D78/><U32/><E32/><V52/><F79/><W132/><G72/><T0/><D82/><U133/><E133/><V100/><F57/><AGARI ba="4,1" hai="5,11,12,16,21,22,24,27,29,48,49,57,62,67" machi="57" ten="30,11600,0" yaku="1,1,7,1,8,1,54,1,53,0" doraHai="95" doraHaiUra="35" who="1" fromWho="2" sc="217,0,390,138,196,-128,187,0" /><INIT seed="1,5,0,0,0,122" ten="217,528,68,187" oya="1" hai0="121,107,100,76,114,65,1,128,68,5,20,133,34" hai1="71,36,17,13,93,111,96,12,73,110,92,104,95" hai2="19,70,54,6,26,39,89,119,22,9,14,23,0" hai3="91,51,125,2,87,40,113,115,31,74,46,106,77"/><U102/><E36/><V8/><F39/><W97/><G2/><T35/><D20/><U132/><E71/><V55/><F70/><W131/><G131/><T43/><D43/><U59/><E73/><V85/><F119/><W126/><G31/><T88/><D76/><U42/><E132/><V116/><F116/><W78/><G97/><T64/><D88/><U124/><E124/><N who="3" m="47722" /><G106/><T90/><D90/><U98/><E42/><V49/><F26/><W94/><G74/><T4/><D100/><U57/><E96/><V11/><F55/><W27/><G27/><T120/><D68/><U101/><E101/><V3/><F3/><W10/><G10/><T99/><D99/><U84/><E84/><V127/><F127/><W123/><G123/><T7/><D1/><U135/><E135/><V103/><F103/><W63/><G63/><T117/><D5/><U16/><E13/><V82/><REACH who="2" step="1"/><F9/><REACH who="2" ten="217,528,58,187" step="2"/><W118/><G118/><T67/><D117/><U108/><E17/><V130/><F130/><W79/><AGARI ba="5,1" hai="40,46,51,77,78,79,87,91,94,113,115" m="47722" machi="79" ten="30,1100,0" yaku="18,1" doraHai="122" who="3" fromWho="3" sc="217,-8,528,-10,58,-8,187,36" /><INIT seed="2,0,0,2,1,54" ten="209,518,50,223" oya="2" hai0="22,84,130,73,2,114,3,127,76,72,50,81,90" hai1="112,58,30,43,115,42,62,32,128,133,28,134,27" hai2="125,123,131,0,63,87,44,80,39,61,109,33,79" hai3="48,126,95,98,52,14,118,78,34,29,68,121,18"/><V26/><F123/><W86/><G118/><T113/><D73/><U17/><E128/><V59/><F131/><W46/><G126/><T83/><D130/><U1/><E1/><V37/><F125/><W10/><G68/><T38/><D38/><U56/><E17/><V124/><F124/><W93/><G121/><T31/><D127/><U74/><E74/><V82/><F0/><W119/><G119/><T99/><D3/><U101/><E101/><V45/><F39/><W41/><G34/><T97/><D2/><U60/><E27/><V15/><F109/><W65/><G65/><T102/><D50/><U122/><E32/><V91/><F63/><W120/><G120/><AGARI ba="0,0" hai="28,30,42,43,56,58,60,62,112,115,120,122,133,134" machi="120" ten="25,6400,0" yaku="22,2,52,2" doraHai="54" who="1" fromWho="3" sc="209,0,518,64,50,0,223,-64" /><INIT seed="3,0,0,3,2,25" ten="209,582,50,159" oya="3" hai0="135,55,81,1,70,115,36,0,15,30,83,128,22" hai1="105,54,71,129,64,122,89,99,114,52,53,39,75" hai2="58,59,5,111,47,32,28,13,108,26,118,93,92" hai3="80,34,2,130,119,51,79,46,9,101,102,19,60"/><W97/><G119/><T29/><D36/><U103/><E114/><V8/><F118/><W56/><G130/><T43/><D70/><U48/><E122/><V33/><F47/><W109/><G109/><N who="2" m="42057" /><F33/><W27/><G2/><T78/><D43/><U91/><E39/><V86/><F86/><W10/><G101/><T42/><D42/><U38/><E38/><V132/><F132/><W121/><G121/><T37/><D37/><U85/><E75/><V41/><F41/><W7/><G7/><T6/><D1/><U40/><E129/><V112/><F112/><W72/><G51/><T31/><D0/><U21/><E21/><V16/><F5/><W11/><G46/><T106/><D106/><U62/><E40/><V23/><F32/><W131/><G131/><T104/><D104/><U17/><E17/><V84/><F84/><W116/><G116/><T127/><D128/><U107/><E107/><V133/><F133/><W87/><G72/><T20/><D135/><U57/><E89/><V98/><F93/><AGARI ba="0,0" hai="48,52,53,54,57,62,64,71,85,91,93,99,103,105" machi="93" ten="30,2000,0" yaku="7,1,54,1" doraHai="25" who="1" fromWho="2" sc="209,0,582,20,50,-20,159,0" /><INIT seed="4,0,0,4,3,8" ten="209,602,30,159" oya="0" hai0="6,43,104,70,120,82,118,51,131,19,36,111,112" hai1="81,21,56,40,42,71,127,76,31,10,5,16,90" hai2="65,20,98,86,126,85,88,32,135,87,101,89,79" hai3="133,84,67,23,55,15,129,1,22,97,100,66,12"/><T0/><RYUUKYOKU type="yao9" ba="0,0" sc="209,0,602,0,30,0,159,0" hai0="0,6,19,36,43,51,70,82,104,111,112,118,120,131" /><INIT seed="4,1,0,5,0,105" ten="209,602,30,159" oya="0" hai0="50,103,93,75,129,112,53,39,124,27,74,58,77" hai1="14,31,22,12,120,131,5,48,65,34,78,18,107" hai2="69,70,83,118,98,6,55,135,68,130,101,16,86" hai3="8,87,91,92,7,100,97,115,134,21,20,127,15"/><T88/><D112/><U1/><E107/><V49/><F135/><W84/><G134/><T23/><D39/><U61/><E78/><V30/><F130/><W99/><G115/><T119/><D119/><U60/><E48/><V106/><F118/><W125/><G99/><T128/><D124/><N who="3" m="47689" /><G87/><T41/><D41/><U40/><E40/><V52/><F6/><W51/><G51/><T38/><D103/><U109/><E65/><V28/><F55/><W123/><G123/><T89/><D77/><U37/><E37/><V57/><REACH who="2" step="1"/><F16/><REACH who="2" ten="209,602,20,159" step="2"/><W110/><G110/><T85/><D128/><U66/><E18/><V26/><F26/><W111/><G111/><T44/><D129/><U42/><E5/><V9/><F9/><W71/><G7/><T0/><D0/><U2/><E109/><V104/><F104/><W29/><G8/><T64/><D64/><U121/><E131/><V72/><F72/><W59/><G15/><T4/><D4/><U10/><E10/><V13/><F13/><W19/><G19/><T35/><D75/><U62/><E66/><V132/><F132/><W56/><G29/><T80/><D74/><U102/><E1/><V43/><F43/><W122/><G122/><T25/><D53/><U95/><E2/><V108/><F108/><W24/><G24/><T3/><D27/><N who="1" m="18815" /><E42/><V54/><F54/><W63/><G20/><T90/><D23/><U32/><E12/><V114/><F114/><W36/><G21/><T96/><D3/><U45/><E120/><V117/><F117/><W46/><G100/><T116/><D116/><U79/><E121/><RYUUKYOKU ba="1,1" sc="209,-10,602,-10,20,30,159,-10" hai2="28,30,49,52,57,68,69,70,83,86,98,101,106" /><INIT seed="5,2,1,2,3,31" ten="199,592,50,149" oya="1" hai0="11,24,79,17,54,20,127,57,95,8,47,55,73" hai1="6,38,50,72,58,62,119,78,97,109,94,90,16" hai2="125,103,107,64,27,9,77,122,87,67,123,131,114" hai3="116,68,101,5,3,129,59,15,70,75,46,128,43"/><U117/><E38/><V48/><F125/><W118/><G75/><T0/><D127/><U76/><E109/><V132/><F131/><N who="3" m="50251" /><G101/><T80/><D0/><U115/><E115/><V10/><F103/><W13/><G3/><T71/><D71/><N who="3" m="27177" /><G5/><T35/><D35/><U25/><E6/><V83/><F107/><W133/><G133/><T21/><D21/><N who="1" m="13479" /><E50/><V135/><F114/><W52/><G13/><T14/><D47/><U134/><E134/><N who="2" m="51243" /><F27/><W92/><G92/><T98/><D55/><N who="1" m="34143" /><E72/><V89/><F123/><W65/><G15/><T41/><D41/><U26/><E26/><V106/><F122/><W88/><G65/><N who="2" m="25161" /><F106/><W34/><G34/><T12/><D14/><U126/><E126/><V112/><F112/><W37/><G88/><N who="0" m="55655" /><D12/><U45/><E45/><V93/><F9/><W19/><G19/><T28/><D28/><U44/><E44/><V63/><F10/><W36/><G36/><T49/><D73/><U105/><E105/><V100/><F100/><W1/><G1/><T120/><D120/><U60/><E60/><AGARI ba="2,1" hai="37,43,46,52,59,60,116,118" m="27177,50251" machi="60" ten="30,7700,0" yaku="19,1,34,2,54,1" doraHai="31" who="3" fromWho="1" sc="199,0,592,-83,50,0,149,93" /><INIT seed="6,0,0,4,4,25" ten="199,509,50,242" oya="2" hai0="52,31,45,37,86,50,58,125,61,128,19,49,109" hai1="80,72,115,82,0,16,22,89,7,100,124,101,8" hai2="47,3,21,107,106,134,68,53,27,76,85,98,13" hai3="66,39,34,33,6,75,4,96,121,95,35,135,113"/><V62/><F3/><W112/><G121/><T122/><D109/><U84/><E115/><N who="3" m="44106" /><G135/><T18/><D122/><U123/><E123/><V111/><F134/><W114/><G114/><T28/><D37/><U48/><E124/><V32/><F111/><W99/><G75/><T56/><D125/><U97/><E48/><V60/><F47/><W24/><G39/><T51/><D128/><U126/><E126/><V117/><F117/><W40/><G40/><T30/><D86/><U78/><E97/><V1/><F1/><W71/><G24/><AGARI ba="0,0" hai="0,7,8,16,22,24,72,78,80,82,84,89,100,101" machi="24" ten="30,2000,0" yaku="7,1,54,1" doraHai="25" who="1" fromWho="3" sc="199,0,509,20,50,0,242,-20" /><INIT seed="7,0,0,3,2,16" ten="199,529,50,222" oya="3" hai0="80,126,24,127,108,54,128,61,23,12,11,88,63" hai1="129,33,113,134,53,97,81,9,99,36,43,121,109" hai2="14,57,135,38,28,5,76,0,62,45,64,7,75" hai3="96,31,107,32,85,79,42,101,34,21,55,119,56"/><W30/><G119/><T67/><D108/><U94/><E94/><V82/><F135/><W52/><G42/><T70/><D128/><U20/><E53/><V27/><F14/><W112/><G112/><T41/><D41/><U116/><E9/><V118/><F7/><W13/><G31/><N who="0" m="17823" /><D54/><U84/><E99/><V105/><F118/><W1/><G1/><T2/><D2/><U98/><E20/><V132/><F132/><W90/><G79/><T124/><D63/><U58/><E58/><V72/><F72/><W115/><G115/><T91/><D80/><U22/><E22/><V114/><F114/><W18/><G30/><T92/><D92/><U131/><E97/><V35/><F105/><W50/><REACH who="3" step="1"/><G55/><REACH who="3" ten="199,529,50,212" step="2"/><T133/><D133/><U102/><E134/><V68/><F57/><W123/><G123/><T17/><AGARI ba="0,1" hai="11,12,17,61,67,70,88,91,124,126,127" m="17823" machi="17" ten="30,4000,0" yaku="18,1,52,1,54,1" doraHai="16" who="0" fromWho="0" sc="199,50,529,-10,50,-10,212,-20" owari="249,5.0,519,62.0,40,-46.0,192,-21.0" /></mjloggm>