<mjloggm ver="2.3"><GO type="185" lobby="0"/><UN n0="%77%61%77%61%33%30%33%30" n1="%70%61%77%61%66%75%31" n2="%4E%45%47%49%54%53" n3="" dan="16,19,18,0" rate="2144.69,2373.87,2308.66,1500.00" sx="M,M,F,C"/><TAIKYOKU oya="0"/><INIT seed="0,0,0,1,1,126" ten="350,350,350,0" oya="0" hai0="109,2,96,62,54,57,133,79,110,33,72,134,43" hai1="128,124,78,38,44,71,119,49,122,68,32,87,42" hai2="98,105,116,135,60,36,37,86,34,130,56,41,132" hai3=""/><T102/><D2/><U93/><N who="1" m="31264" /><U76/><E32/><V80/><F34/><T114/><D33/><U99/><E124/><V39/><F116/><T3/><D3/><U77/><E119/><V73/><F73/><T88/><D114/><U48/><E87/><V50/><F105/><T89/><D43/><U65/><E128/><V111/><F111/><N who="0" m="42506" /><D79/><U120/><N who="1" m="30752" /><U55/><E65/><V129/><F98/><T70/><D70/><U69/><REACH who="1" step="1"/><E55/><REACH who="1" ten="350,340,350,0" step="2"/><V40/><F40/><T117/><D117/><U95/><E95/><V45/><F135/><N who="0" m="51722" /><D72/><U84/><E84/><V97/><F132/><T104/><AGARI ba="0,1" hai="54,57,62,88,89,96,102,104" m="51722,42506" machi="104" ten="30,7800,0" yaku="14,1,10,1,20,1,54,1" doraHai="126" who="0" fromWho="0" sc="350,88,340,-39,350,-39,0,0" /><INIT seed="0,1,0,4,0,99" ten="438,301,311,0" oya="0" hai0="54,123,45,55,32,70,124,116,80,120,91,98,86" hai1="100,92,69,83,59,87,37,128,81,50,56,119,74" hai2="101,65,73,110,72,121,102,79,67,44,112,35,89" hai3=""/><T0/><N who="0" m="30752" /><T78/><N who="0" m="31520" /><T64/><D116/><U63/><E37/><V76/><N who="2" m="31008" /><V51/><F35/><T104/><D0/><U111/><E119/><V85/><F112/><T60/><D32/><U90/><E111/><V3/><F3/><T114/><D114/><U125/><E125/><V133/><F133/><T77/><D124/><U126/><E126/><V52/><F73/><T2/><D2/><U131/><E69/><V41/><F72/><T71/><D71/><U75/><E50/><V93/><F110/><T1/><D1/><U62/><E87/><V132/><F132/><T103/><REACH who="0" step="1"/><D45/><REACH who="0" ten="428,301,311,0" step="2"/><U108/><E108/><V43/><F43/><T49/><D49/><U84/><E56/><V57/><F41/><T107/><D107/><U38/><E59/><V36/><F36/><T129/><D129/><U34/><E38/><V122/><N who="2" m="31264" /><V47/><F44/><T115/><D115/><U39/><E34/><V96/><F47/><T66/><D66/><N who="2" m="25098" /><F102/><T97/><D97/><U61/><E39/><V127/><F127/><T130/><D130/><U105/><E128/><V118/><F118/><T82/><D82/><AGARI ba="1,1" hai="51,52,57,76,79,82,85,89,93,96,101" m="25098,31264,31008" machi="82" ten="30,8000,1" yaku="8,1,52,3,54,1" doraHai="99" who="2" fromWho="0" sc="428,-82,301,0,311,92,0,0" /><INIT seed="1,0,0,1,5,40" ten="346,301,403,0" oya="1" hai0="62,104,60,97,32,89,47,50,129,96,69,79,80" hai1="102,120,48,94,51,0,86,1,42,92,44,71,85" hai2="53,128,52,2,72,38,55,3,118,123,68,115,121" hai3=""/><U101/><N who="1" m="30752" /><U134/><E71/><V83/><N who="2" m="31008" /><V41/><N who="2" m="31520" /><V63/><F118/><T67/><D129/><U98/><E134/><V126/><F128/><T70/><D32/><U36/><E36/><V95/><F126/><T116/><D116/><U34/><E34/><V81/><F115/><T78/><D78/><U109/><E109/><V107/><F107/><T49/><D49/><U119/><E119/><V88/><F41/><T56/><D89/><U130/><E130/><V124/><F38/><T82/><D82/><U73/><E73/><V74/><F124/><T65/><D56/><U75/><E75/><V108/><F108/><T122/><N who="0" m="31264" /><T87/><REACH who="0" step="1"/><D104/><REACH who="0" ten="336,301,403,0" step="2"/><U45/><E42/><AGARI ba="0,1" hai="42,47,50,60,62,65,67,69,70,79,80,87,96,97" m="31264" machi="42" ten="30,16000,3" yaku="1,1,2,1,7,1,9,1,52,2,53,2" doraHai="40" doraHaiUra="59" who="0" fromWho="1" sc="336,170,301,-160,403,0,0,0" /><INIT seed="2,0,0,2,1,3" ten="506,141,403,0" oya="2" hai0="108,111,97,63,74,101,35,94,73,90,51,132,33" hai1="70,91,53,0,65,122,50,126,116,123,113,86,54" hai2="60,119,89,55,127,68,69,121,41,110,67,135,36" hai3=""/><V43/><N who="2" m="31008" /><V47/><F119/><T75/><D132/><U49/><N who="1" m="31264" /><U64/><N who="1" m="31520" /><U66/><E116/><V42/><F135/><T37/><D37/><U125/><E0/><V38/><F89/><T98/><D51/><N who="1" m="19467" /><E113/><V78/><F78/><T92/><REACH who="0" step="1"/><D63/><REACH who="0" ten="496,141,403,0" step="2"/><U77/><E77/><V59/><F127/><N who="1" m="48649" /><E70/><N who="2" m="27243" /><F110/><AGARI ba="0,1" hai="33,35,73,74,75,90,92,94,97,98,101,108,110,111" machi="110" ten="50,12000,2" yaku="1,1,14,1,52,2,53,2" doraHai="3" doraHaiUra="93" who="0" fromWho="2" sc="496,130,141,0,403,-120,0,0" /><INIT seed="4,0,0,4,3,74" ten="626,141,283,0" oya="0" hai0="40,102,60,126,122,82,36,109,95,132,133,90,91" hai1="96,43,98,123,93,131,99,44,72,114,32,49,110" hai2="77,80,61,69,33,68,1,89,121,52,113,84,86" hai3=""/><T81/><N who="0" m="31264" /><T85/><D36/><U100/><N who="1" m="31520" /><U39/><E110/><V118/><N who="2" m="31008" /><V47/><F1/><T53/><D40/><U104/><E32/><V97/><F33/><T57/><D109/><U70/><E131/><V83/><F113/><T120/><N who="0" m="30752" /><T62/><D126/><U79/><E114/><V34/><F34/><T76/><D62/><U134/><E134/><N who="0" m="51817" /><D82/><U108/><E108/><V92/><F118/><T55/><D55/><U116/><E116/><V94/><F94/><T2/><D2/><U106/><E70/><V42/><F61/><T37/><D37/><U129/><E129/><V45/><F52/><T56/><D56/><U105/><E39/><V54/><F54/><T58/><D58/><U87/><E43/><V50/><REACH who="2" step="1"/><F47/><REACH who="2" ten="626,141,273,0" step="2"/><T88/><D102/><AGARI ba="0,1" hai="42,45,50,68,69,77,80,83,84,86,89,92,97,102" m="31008" machi="102" ten="30,8000,1" yaku="1,1,2,1,7,1,52,2,53,0" doraHai="74" doraHaiUra="59" who="2" fromWho="0" sc="626,-80,141,0,273,90,0,0" /><INIT seed="5,0,0,5,0,102" ten="546,141,363,0" oya="1" hai0="51,88,103,91,1,85,69,33,63,125,67,57,48" hai1="84,66,95,53,119,49,52,56,129,113,128,46,111" hai2="135,122,101,42,65,77,60,37,74,106,44,72,70" hai3=""/><U104/><E119/><V87/><N who="2" m="31264" /><V115/><F135/><T34/><D1/><U73/><E73/><V116/><F116/><T114/><D114/><U86/><E113/><V61/><F115/><T50/><D125/><U40/><E111/><V100/><F100/><T134/><D134/><U107/><E66/><V79/><F87/><T94/><D103/><U112/><E112/><V80/><F60/><T82/><REACH who="0" step="1"/><D69/><REACH who="0" ten="536,141,363,0" step="2"/><U78/><E128/><V45/><F101/><T123/><N who="0" m="31520" /><T81/><D81/><U109/><E109/><V47/><F106/><T39/><D39/><U54/><E129/><V133/><F133/><T98/><AGARI ba="0,1" hai="33,34,48,50,51,57,63,67,82,85,88,91,94,98" m="31520" machi="98" ten="30,6000,1" yaku="1,1,0,1,52,1,54,1,53,1" doraHai="102" doraHaiUra="89" who="0" fromWho="0" sc="536,70,141,-40,363,-20,0,0" /><INIT seed="6,0,0,1,0,56" ten="606,101,343,0" oya="2" hai0="60,32,67,97,126,104,135,80,85,105,107,99,63" hai1="46,116,39,94,110,43,65,45,38,127,73,2,101" hai2="81,75,134,69,89,92,55,98,114,111,47,91,48" hai3=""/><V88/><F114/><T79/><D32/><U34/><E101/><V122/><N who="2" m="31264" /><V71/><F134/><T90/><D135/><U62/><E94/><V118/><F118/><T130/><D130/><U93/><E93/><V35/><F35/><T95/><D126/><U49/><E73/><V58/><F111/><T78/><D63/><U61/><E34/><V66/><F75/><T64/><D67/><U3/><E3/><V120/><N who="2" m="30752" /><V44/><F71/><T59/><REACH who="0" step="1"/><D99/><REACH who="0" ten="596,101,343,0" step="2"/><U68/><E2/><V113/><F113/><T72/><D72/><U125/><E116/><V129/><F129/><T133/><D133/><U115/><E115/><V102/><F69/><T121/><N who="0" m="31008" /><T1/><D1/><U82/><E110/><V86/><REACH who="2" step="1"/><F66/><REACH who="2" ten="596,101,333,0" step="2"/><T57/><D57/><U40/><E125/><V53/><F53/><T119/><D119/><U54/><E127/><V109/><F109/><T33/><D33/><U123/><N who="1" m="31520" /><U100/><E68/><V37/><F37/><T51/><D51/><U103/><E65/><V41/><F41/><T42/><D42/><U52/><REACH who="1" step="1"/><E49/><REACH who="1" ten="596,91,333,0" step="2"/><V128/><F128/><T76/><AGARI ba="0,3" hai="59,60,64,76,78,79,80,85,90,95,97,104,105,107" m="31008" machi="76" ten="40,6000,1" yaku="1,1,0,1,52,2,53,0" doraHai="56" doraHaiUra="36" who="0" fromWho="0" sc="596,90,91,-20,333,-40,0,0" owari="686,64.0,71,-53.0,293,-11.0,0,0.0" /></mjloggm>