<mjloggm ver="2.3"><GO type="185" lobby="0"/><UN n0="%E9%BE%8D%E9%A6%AC%E3%81%AE%E5%B0%8F%E5%80%89" n1="%E9%80%9F%E8%A6%8B%E5%B9%B8%E4%B8%80" n2="%4E%45%47%49%54%53" n3="" dan="18,16,18,0" rate="2308.66,2047.31,2314.10,1500.00" sx="M,M,F,C"/><TAIKYOKU oya="0"/><INIT seed="0,0,0,2,4,43" ten="350,350,350,0" oya="0" hai0="53,74,62,0,80,120,112,107,61,113,104,88,98" hai1="50,129,56,89,51,46,63,45,134,119,44,108,71" hai2="78,47,69,73,52,64,133,127,57,58,86,91,99" hai3=""/><T1/><N who="0" m="30752" /><T103/><D104/><U82/><E119/><V35/><F35/><T94/><D0/><U39/><E39/><V37/><F73/><T77/><D1/><U92/><E71/><V54/><F133/><T79/><D79/><U96/><E134/><V106/><F127/><T102/><D102/><U60/><E60/><V124/><F124/><T59/><REACH who="0" step="1"/><D62/><REACH who="0" ten="340,350,350,0" step="2"/><U49/><E63/><V36/><F78/><T70/><D70/><U41/><E89/><V65/><F69/><T122/><N who="0" m="31264" /><T123/><N who="0" m="31520" /><T85/><AGARI ba="0,1" hai="53,59,61,74,77,80,85,88,94,98,103,107,112,113" m="31520,31264,30752" machi="85" ten="20,32000,5" yaku="1,1,4,1,0,1,7,1,24,2,52,3,54,1,53,3" doraHai="43" doraHaiUra="116" who="0" fromWho="0" sc="340,330,350,-160,350,-160,0,0" /><INIT seed="0,1,0,3,0,122" ten="670,190,190,0" oya="0" hai0="2,60,117,97,118,64,40,99,114,1,74,83,126" hai1="48,93,101,34,81,82,112,44,103,133,62,37,98" hai2="90,124,105,106,75,0,66,52,110,125,77,69,36" hai3=""/><T95/><D114/><U116/><E34/><V78/><F0/><T92/><D126/><N who="2" m="48746" /><F36/><T49/><D40/><U89/><E116/><V91/><F66/><T86/><D74/><U88/><E37/><V127/><F69/><T65/><D49/><U41/><E133/><V119/><F119/><T107/><D107/><N who="2" m="40970" /><F127/><T33/><D83/><U70/><E82/><V111/><F75/><T130/><D86/><U113/><E70/><V56/><F90/><T120/><N who="0" m="30752" /><T58/><D58/><U55/><E62/><V43/><F91/><T102/><D60/><U73/><E41/><V100/><F100/><T94/><D94/><U57/><E57/><V115/><F115/><N who="1" m="44105" /><E89/><V84/><F84/><T3/><D3/><U132/><E132/><V45/><F45/><T71/><D71/><U108/><E103/><V51/><F43/><T59/><D102/><U54/><E101/><V67/><F67/><T104/><D59/><U129/><E88/><V96/><F96/><T85/><D85/><U39/><E98/><V47/><F47/><T131/><D104/><U76/><E44/><V79/><AGARI ba="1,0" hai="51,52,56,77,78,79,110,111" m="40970,48746" machi="79" ten="40,6000,1" yaku="18,1,52,2,54,1" doraHai="122" who="2" fromWho="2" sc="670,-41,190,-21,190,62,0,0" /><INIT seed="1,0,0,3,1,130" ten="629,169,252,0" oya="1" hai0="60,86,110,47,114,36,87,44,59,109,124,122,32" hai1="113,80,62,55,132,51,90,53,112,93,131,40,116" hai2="0,83,128,66,75,135,118,120,119,129,67,91,94" hai3=""/><U111/><E116/><V1/><N who="2" m="30752" /><V105/><F105/><T42/><N who="0" m="31264" /><T2/><D2/><U43/><E131/><N who="2" m="50251" /><F135/><T54/><D32/><U63/><E80/><V85/><F66/><T37/><D114/><U125/><E93/><V78/><F67/><T74/><D74/><U41/><E90/><V97/><F0/><T126/><D86/><U3/><E3/><V38/><F38/><T95/><D87/><U127/><E111/><N who="0" m="42505" /><D95/><U115/><E132/><V101/><F1/><T45/><D42/><U65/><E51/><V134/><F134/><T123/><N who="0" m="31520" /><T81/><D81/><U96/><E96/><V64/><F64/><T133/><D133/><U103/><E103/><V48/><F48/><T56/><D59/><U50/><E50/><V106/><AGARI ba="0,0" hai="75,78,83,85,91,94,97,101,106,118,119" m="50251,30752" machi="106" ten="30,6000,1" yaku="24,1,19,1,34,2,52,1" doraHai="130" who="2" fromWho="2" sc="629,-20,169,-40,252,60,0,0" /><INIT seed="2,0,0,5,5,55" ten="609,129,312,0" oya="2" hai0="59,64,36,3,106,116,38,105,128,94,66,44,81" hai1="65,75,109,132,67,70,99,32,95,37,131,84,135" hai2="82,72,45,2,130,39,43,113,117,0,71,56,57" hai3=""/><V127/><F117/><T103/><D116/><U79/><E75/><V50/><F113/><T120/><N who="0" m="30752" /><T108/><D3/><U74/><E74/><V80/><F130/><T125/><D128/><U68/><E32/><V115/><F115/><T110/><D81/><U123/><N who="1" m="31520" /><U83/><E131/><V88/><F71/><N who="1" m="27177" /><E37/><V47/><F127/><T98/><D125/><U101/><E109/><N who="0" m="42089" /><D64/><U69/><N who="1" m="27185" /><U60/><DORA hai="104" /><E60/><V96/><F82/><T121/><N who="0" m="31008" /><T58/><D66/><U100/><E100/><V35/><F35/><T53/><D58/><U51/><E51/><V49/><F39/><N who="0" m="14890" /><D44/><U122/><N who="1" m="31264" /><U111/><E111/><V92/><F0/><T119/><D119/><U118/><E118/><V54/><REACH who="2" step="1"/><F2/><REACH who="2" ten="609,129,302,0" step="2"/><T91/><D103/><U78/><E101/><V34/><F34/><T52/><D53/><U114/><E114/><V73/><F73/><T90/><D90/><U77/><E67/><V41/><F41/><T76/><D76/><AGARI ba="0,1" hai="43,45,47,49,50,54,56,57,72,76,80,88,92,96" machi="76" ten="40,24000,3" yaku="1,1,52,3,54,1,53,3" doraHai="55,104" doraHaiUra="93,46" who="2" fromWho="0" sc="609,-240,129,0,302,250,0,0" /><INIT seed="2,1,0,4,3,111" ten="369,129,552,0" oya="2" hai0="67,133,98,70,36,44,61,3,116,38,128,65,130" hai1="109,106,115,87,90,41,64,33,1,105,86,82,43" hai2="132,32,2,68,80,121,81,63,89,60,126,59,100" hai3=""/><V95/><N who="2" m="31008" /><V42/><F32/><T123/><N who="0" m="31520" /><T94/><D3/><U96/><E109/><V74/><F2/><T69/><D94/><U71/><E33/><V66/><F132/><T84/><D84/><U85/><E1/><V62/><F126/><T107/><D98/><U93/><E82/><V114/><F114/><T76/><D76/><U34/><E34/><V117/><F117/><T77/><D77/><U99/><E115/><V50/><F100/><T97/><D97/><U112/><E112/><V103/><F103/><T127/><D107/><U72/><E72/><V83/><F74/><T46/><D116/><U52/><E99/><V39/><F39/><T131/><D127/><U122/><N who="1" m="31264" /><U102/><E106/><V88/><F89/><T135/><D128/><U118/><E118/><V129/><F129/><T45/><D45/><U48/><E105/><V124/><F124/><T110/><D61/><U134/><E102/><V53/><REACH who="2" step="1"/><F42/><REACH who="2" ten="369,129,542,0" step="2"/><T73/><D73/><U101/><E101/><V49/><F49/><T58/><D110/><U92/><E134/><V104/><F104/><T37/><D37/><U79/><E79/><V119/><F119/><T54/><D133/><U57/><E93/><V51/><F51/><RYUUKYOKU ba="1,1" sc="369,-20,129,10,542,10,0,0" hai1="41,43,48,52,57,64,71,85,86,87,90,92,96" hai2="50,53,59,60,62,63,66,68,80,81,83,88,95" /><INIT seed="2,2,1,4,4,135" ten="349,139,552,0" oya="2" hai0="49,96,102,101,42,134,104,84,73,130,108,90,58" hai1="78,112,109,91,86,71,126,103,72,34,51,110,132" hai2="61,0,111,116,63,46,37,35,95,88,117,123,94" hai3=""/><V80/><N who="2" m="31520" /><V64/><F0/><T65/><D73/><U68/><E34/><V67/><F35/><T70/><D108/><N who="1" m="41579" /><E51/><V53/><F111/><T44/><D134/><U56/><E56/><V131/><F131/><T43/><D130/><U97/><E132/><V83/><F53/><T119/><D119/><U92/><E71/><V100/><F100/><T1/><D101/><U66/><E66/><V48/><F37/><T114/><D114/><U54/><E54/><V33/><F33/><T99/><D99/><U118/><E68/><V3/><F3/><T122/><N who="0" m="31264" /><T93/><D1/><U50/><E50/><V52/><F116/><T77/><D77/><U57/><E118/><V124/><F95/><T87/><D70/><U79/><E57/><V76/><F117/><T36/><D42/><U69/><E69/><V47/><F47/><T113/><D113/><U2/><E112/><V32/><F76/><N who="1" m="29225" /><E2/><V107/><F32/><T120/><N who="0" m="30752" /><T85/><REACH who="0" step="1"/><D49/><REACH who="0" ten="339,139,552,0" step="2"/><U45/><E72/><V41/><F41/><T60/><AGARI ba="2,2" hai="36,43,44,58,60,65,84,85,87,90,93,96,102,104" m="30752,31264" machi="60" ten="30,9000,2" yaku="1,1,2,1,0,1,52,2,53,1" doraHai="135" doraHaiUra="62" who="0" fromWho="0" sc="339,114,139,-32,552,-62,0,0" /><INIT seed="4,0,0,4,5,2" ten="453,107,490,0" oya="0" hai0="82,86,92,57,37,108,52,103,88,113,49,35,87" hai1="80,48,125,74,40,62,3,94,101,39,77,32,132" hai2="114,120,60,67,110,115,96,93,51,119,102,61,97" hai3=""/><T50/><D113/><N who="2" m="43018" /><F110/><T121/><N who="0" m="31008" /><T68/><D108/><U55/><E132/><V1/><N who="2" m="30752" /><V91/><F1/><T78/><D37/><U104/><E125/><V116/><F51/><T36/><D36/><U71/><E48/><V124/><F124/><T69/><D35/><U45/><E32/><V38/><F38/><T44/><D103/><U65/><E3/><V99/><F60/><T95/><D95/><U117/><E94/><V109/><F109/><T131/><D131/><U112/><E55/><AGARI ba="0,0" hai="44,49,50,52,55,57,68,69,78,82,86,87,88,92" m="31008" machi="55" ten="30,11600,0" yaku="7,1,52,1,54,2" doraHai="2" who="0" fromWho="1" sc="453,116,107,-116,490,0,0,0" owari="569,52.0,-9,-61.0,490,9.0,0,0.0" /></mjloggm>