<mjloggm ver="2.3"><GO type="169" lobby="0"/><UN n0="%E3%81%AD%E3%81%8D%E3%81%9B%40" n1="%61%64%6D%69%6E%32" n2="%E3%81%A7%E3%81%97%EF%BC%96" n3="%6D%6D%6A%61%6E%67%6B%69" dan="18,18,17,17" rate="2225.49,2238.80,2115.95,2174.21" sx="M,M,M,M"/><TAIKYOKU oya="0"/><INIT seed="0,0,0,5,1,128" ten="250,250,250,250" oya="0" hai0="83,93,106,37,11,0,134,17,47,42,56,124,13" hai1="121,116,12,63,101,5,55,82,97,51,114,119,99" hai2="111,76,95,62,1,104,118,105,35,3,100,21,22" hai3="64,44,30,28,16,129,23,48,80,45,127,39,98"/><T132/><D106/><U86/><E121/><V2/><F35/><W123/><G127/><T107/><D107/><U60/><E114/><V102/><F95/><W57/><G129/><T41/><D124/><U79/><E116/><V70/><F76/><W49/><G39/><T94/><D42/><U20/><E119/><V92/><F92/><W50/><G98/><N who="1" m="37386" /><E101/><V53/><F118/><W27/><G80/><T108/><D108/><U88/><E79/><V77/><F77/><W8/><G123/><T31/><D31/><N who="3" m="11817" /><G8/><T109/><D109/><U36/><E36/><V85/><F85/><W126/><G126/><T96/><D0/><U74/><E74/><V67/><F111/><W110/><G110/><T135/><D96/><U61/><E5/><V89/><F89/><W38/><G38/><T40/><D40/><U59/><E12/><V14/><F14/><W26/><G26/><T125/><D125/><U68/><E68/><V32/><F32/><W43/><G43/><T46/><D46/><N who="3" m="18025" /><G64/><T84/><D56/><AGARI ba="0,0" hai="16,23,27,48,49,50,56,57" m="18025,11817" machi="56" ten="30,2000,0" yaku="8,1,54,1" doraHai="128" who="3" fromWho="0" sc="250,-20,250,0,250,0,250,20" /><INIT seed="1,0,0,5,3,83" ten="230,250,250,270" oya="1" hai0="111,120,21,62,41,82,33,69,77,42,132,58,19" hai1="14,15,39,10,46,65,130,29,37,101,94,124,115" hai2="6,16,134,45,135,103,116,112,8,44,100,98,52" hai3="102,53,2,35,91,67,4,76,24,81,57,66,78"/><U73/><E115/><V64/><F116/><W9/><G102/><T43/><D33/><U38/><E73/><V133/><F112/><W23/><G35/><T123/><D69/><U118/><E118/><V7/><F64/><W25/><G91/><T97/><D97/><U107/><E107/><V109/><F109/><W108/><G108/><T26/><D111/><U114/><E114/><V68/><F68/><W119/><G119/><T11/><D11/><U86/><E130/><V50/><F45/><W99/><G99/><T1/><D1/><U89/><E124/><V32/><F32/><W49/><G76/><T3/><D3/><U127/><E29/><V128/><F128/><W22/><G22/><T85/><REACH who="0" step="1"/><D132/><REACH who="0" ten="220,250,250,270" step="2"/><U125/><E125/><V122/><F122/><W117/><G117/><T51/><D51/><U55/><E127/><V104/><F100/><W129/><G129/><T27/><D27/><U5/><E101/><V113/><F113/><W96/><G96/><T84/><D84/><U95/><E15/><AGARI ba="0,1" hai="6,7,8,15,16,44,50,52,98,103,104,133,134,135" machi="15" ten="40,5200,0" yaku="20,1,54,2" doraHai="83" who="2" fromWho="1" sc="220,0,250,-52,250,62,270,0" /><INIT seed="2,0,0,0,1,14" ten="220,198,312,270" oya="2" hai0="25,127,111,84,88,107,75,66,64,130,7,27,30" hai1="79,70,65,8,125,106,52,36,10,48,81,72,76" hai2="108,115,12,134,118,86,13,105,83,22,62,93,56" hai3="120,59,3,71,67,53,85,38,50,17,117,15,87"/><V101/><F118/><W4/><G120/><T29/><D75/><U91/><E36/><V102/><F105/><W112/><G112/><T110/><D107/><U63/><E106/><V39/><F39/><W96/><G117/><T129/><D7/><U58/><E125/><V128/><F115/><W123/><G123/><T55/><D55/><U20/><E79/><V122/><F122/><W49/><G96/><T60/><D60/><U43/><E43/><V61/><F61/><W69/><G67/><T16/><D127/><U77/><E77/><V132/><F128/><N who="0" m="49258" /><D66/><U44/><E70/><V113/><F113/><W133/><G133/><N who="2" m="51305" /><F13/><W119/><G119/><T2/><D64/><U135/><E135/><V94/><F83/><W89/><G38/><T42/><D42/><U97/><REACH who="1" step="1"/><E20/><REACH who="1" ten="220,188,312,270" step="2"/><V103/><F22/><W124/><G124/><T121/><D121/><U116/><E116/><V98/><F108/><N who="0" m="41514" /><D2/><U109/><E109/><V31/><F103/><W51/><G69/><T0/><D0/><U24/><E24/><V95/><F102/><W41/><G71/><T21/><D27/><U18/><E18/><V33/><F101/><W37/><G3/><T1/><D1/><U57/><E57/><V68/><F56/><W45/><G4/><T23/><D21/><U19/><E19/><V26/><F68/><W126/><G126/><T92/><AGARI ba="0,1" hai="16,23,25,29,30,84,88,92" m="41514,49258" machi="92" ten="30,8000,1" yaku="19,1,14,1,52,1,54,2" doraHai="14" who="0" fromWho="0" sc="220,90,188,-20,312,-40,270,-20" /><INIT seed="3,0,0,1,3,112" ten="310,168,272,250" oya="3" hai0="37,62,71,87,51,27,105,118,98,116,83,43,122" hai1="45,46,10,90,85,0,1,57,126,49,96,4,82" hai2="65,2,61,80,99,42,133,31,12,9,120,29,75" hai3="107,23,117,66,131,134,5,121,26,11,63,69,6"/><W18/><G121/><T40/><D122/><U17/><E1/><V124/><F133/><W78/><G134/><T94/><D105/><U3/><E3/><V125/><F120/><W7/><G107/><T13/><D37/><U119/><E126/><N who="2" m="48747" /><F2/><W84/><G131/><T28/><D13/><U59/><E45/><V79/><F42/><W47/><G47/><T50/><D71/><U14/><E96/><V123/><F99/><W89/><G78/><T33/><D62/><U93/><E93/><V22/><F22/><W34/><G34/><T81/><D43/><U74/><E74/><V25/><F25/><W113/><G113/><T88/><D83/><U102/><E102/><V55/><F55/><W32/><G32/><T109/><D109/><U91/><E91/><V20/><F20/><W77/><G77/><T35/><D35/><U110/><E110/><V92/><F92/><W15/><G117/><T101/><REACH who="0" step="1"/><D40/><REACH who="0" ten="300,168,272,250" step="2"/><U115/><E115/><V30/><F123/><W36/><G36/><T128/><D128/><U127/><E127/><V108/><F108/><W60/><G63/><T111/><D111/><U106/><E106/><V132/><F132/><W19/><G11/><T86/><D86/><U8/><REACH who="1" step="1"/><E119/><AGARI ba="0,1" hai="27,28,33,50,51,81,87,88,94,98,101,116,118,119" machi="119" ten="40,8000,1" yaku="1,1,52,3,54,1,53,0" doraHai="112" doraHaiUra="16" who="0" fromWho="1" sc="300,90,168,-80,272,0,250,0" /><INIT seed="4,0,0,5,5,87" ten="390,88,272,250" oya="0" hai0="51,67,106,60,77,74,33,52,50,64,40,56,11" hai1="115,7,75,125,93,14,109,57,110,73,35,55,130" hai2="1,70,37,59,46,123,126,2,38,45,108,49,98" hai3="21,48,34,81,96,10,114,23,0,95,100,133,32"/><T27/><D106/><U41/><E35/><V58/><F98/><W26/><G114/><T8/><D74/><U42/><E115/><V120/><F108/><W17/><G133/><T6/><D77/><U44/><E125/><V131/><F70/><W24/><G48/><T12/><D33/><U29/><E29/><V122/><F131/><W84/><G10/><T65/><D40/><U132/><E132/><V105/><F105/><W28/><REACH who="3" step="1"/><G0/><REACH who="3" ten="390,88,272,240" step="2"/><N who="2" m="105" /><F49/><W68/><G68/><T124/><D124/><U39/><E130/><V88/><F126/><W19/><G19/><T20/><D11/><U127/><E127/><V85/><F38/><W9/><G9/><T89/><D51/><U82/><E42/><V71/><F37/><W92/><G92/><T103/><D50/><N who="1" m="30967" /><E93/><N who="2" m="54415" /><F71/><W47/><G47/><T36/><D36/><U69/><E69/><V107/><F107/><W78/><AGARI ba="0,1" hai="17,21,23,24,26,28,32,34,78,81,84,95,96,100" machi="78" ten="20,2700,0" yaku="1,1,0,1,7,1,53,0" doraHai="87" doraHaiUra="53" who="3" fromWho="3" sc="390,-13,88,-7,272,-7,240,37" /><INIT seed="5,0,0,2,4,22" ten="377,81,265,277" oya="1" hai0="121,41,23,16,31,17,91,6,63,5,102,122,56" hai1="78,30,123,90,120,68,36,109,50,99,58,94,119" hai2="79,33,20,104,2,9,40,73,39,83,72,38,48" hai3="43,87,82,55,35,110,19,84,106,62,61,128,32"/><U18/><E119/><V21/><F104/><W118/><G128/><T107/><D41/><U11/><E68/><V4/><F33/><W129/><G129/><T97/><D31/><U7/><E36/><V117/><F117/><W103/><G110/><T45/><D45/><U126/><E109/><V131/><F131/><W34/><G118/><T95/><D5/><U134/><E134/><V105/><F105/><W86/><G43/><T81/><D81/><U47/><E126/><V96/><F96/><W51/><G82/><T49/><D49/><U12/><E78/><V114/><F73/><W27/><G103/><T112/><D6/><U85/><E30/><V64/><F64/><W116/><G106/><T57/><D17/><U80/><E58/><V69/><F69/><W25/><G19/><T113/><D102/><U0/><E0/><V46/><F114/><N who="0" m="44138" /><D107/><U65/><E65/><V26/><REACH who="2" step="1"/><F21/><REACH who="2" ten="377,81,255,277" step="2"/><W60/><G116/><T89/><D97/><U67/><E67/><V66/><F66/><W93/><REACH who="3" step="1"/><G93/><REACH who="3" ten="377,81,255,267" step="2"/><T130/><D95/><U127/><E127/><V100/><F100/><W74/><G74/><T75/><D75/><U10/><E94/><V44/><F44/><AGARI ba="0,2" hai="25,27,32,34,35,44,51,55,60,61,62,84,86,87" machi="44" ten="50,8000,1" yaku="1,1,29,2,52,2,53,0" doraHai="22" doraHaiUra="111" who="3" fromWho="2" sc="377,0,81,0,255,-80,267,100" /><INIT seed="6,0,0,5,0,103" ten="377,81,175,367" oya="2" hai0="76,126,31,47,72,38,133,101,40,108,129,55,56" hai1="132,67,22,53,70,131,66,5,85,8,118,91,98" hai2="32,68,13,11,52,73,86,17,87,65,16,116,48" hai3="4,59,121,96,94,26,104,20,24,58,43,42,79"/><V127/><F73/><W90/><G121/><T82/><D108/><U80/><E118/><V46/><F116/><W63/><G79/><T1/><D126/><U119/><E119/><V57/><F127/><W69/><G69/><T117/><D117/><U112/><E112/><V6/><F32/><W128/><G128/><T106/><D129/><U102/><E131/><V123/><F68/><W75/><G75/><T115/><D115/><U95/><E132/><V92/><F123/><W45/><G104/><T77/><D31/><U10/><E70/><V2/><F2/><W44/><G4/><T74/><D1/><U61/><E22/><V135/><F135/><W130/><G59/><T30/><D30/><U29/><E29/><V122/><F122/><W50/><G20/><T114/><D114/><U124/><E124/><V62/><F92/><W39/><G130/><T9/><D9/><U35/><E35/><V33/><F33/><W78/><G78/><T97/><D133/><U111/><E111/><V36/><F36/><W120/><G120/><T93/><D93/><U41/><E41/><V15/><F6/><W51/><REACH who="3" step="1"/><G39/><REACH who="3" ten="377,81,175,357" step="2"/><T12/><D77/><U54/><E10/><AGARI ba="0,1" hai="10,11,13,15,16,17,46,48,52,57,62,65,86,87" machi="10" ten="30,12000,1" yaku="7,1,9,1,8,1,54,2" doraHai="103" who="2" fromWho="1" sc="377,0,81,-120,175,130,357,0" owari="377,47.0,-39,-54.0,305,-9.0,357,16.0" /></mjloggm>