<mjloggm ver="2.3"><GO type="169" lobby="0"/><UN n0="%E7%88%86%E7%89%8C%E3%82%A6%E3%82%B7%E3%82%B8%E3%83%9E%E3%81%8F%E3%82%93" n1="%54%61%62%61%73%63%6F" n2="%E3%83%AF%E3%83%8B%54%41" n3="%E3%81%98%E3%81%87%E3%82%8B" dan="16,17,18,17" rate="2193.07,2173.74,2257.31,2162.00" sx="M,M,M,M"/><TAIKYOKU oya="0"/><INIT seed="0,0,0,5,1,67" ten="250,250,250,250" oya="0" hai0="12,63,37,75,41,31,115,8,28,86,56,127,38" hai1="64,70,25,32,45,96,113,14,13,74,27,125,0" hai2="69,24,42,89,48,79,68,82,97,1,107,22,78" hai3="111,81,19,124,87,94,46,122,30,26,11,112,9"/><T52/><D75/><U130/><E0/><V61/><F1/><W120/><G112/><T77/><D115/><U6/><E113/><V33/><F33/><W85/><G111/><T116/><D116/><U128/><E74/><V34/><F34/><W110/><G110/><T29/><D127/><U15/><E6/><V102/><F61/><W43/><G124/><T58/><D41/><U20/><E125/><V103/><F103/><W47/><G19/><T62/><D77/><U44/><E32/><V49/><F89/><N who="3" m="53567" /><G26/><T76/><D76/><U23/><E96/><V135/><F135/><W93/><G93/><T57/><D86/><U65/><E15/><V106/><F106/><W53/><G53/><T50/><D50/><U108/><E108/><V92/><F107/><W21/><G21/><T17/><REACH who="0" step="1"/><D57/><REACH who="0" ten="240,250,250,250" step="2"/><U99/><E99/><V72/><F79/><W129/><G43/><T59/><D59/><U101/><E101/><V4/><F49/><W10/><G85/><T80/><D80/><U36/><E36/><V104/><F104/><W73/><G81/><T132/><D132/><U5/><E5/><V119/><F4/><W105/><G73/><T16/><D16/><U95/><E95/><V71/><F119/><W7/><G105/><T60/><D60/><U2/><E2/><V40/><REACH who="2" step="1"/><F48/><REACH who="2" ten="240,250,240,250" step="2"/><W88/><G7/><T126/><D126/><U84/><E84/><V114/><F114/><W83/><G83/><T134/><D134/><U123/><E123/><V51/><F51/><W39/><G120/><T100/><D100/><U133/><E133/><V66/><F66/><AGARI ba="0,2" hai="8,12,17,28,29,31,37,38,52,56,58,62,63,66" machi="66" ten="40,7700,0" yaku="1,1,6,1,54,1,53,0" doraHai="67" doraHaiUra="117" who="0" fromWho="2" sc="240,97,250,0,240,-77,250,0" /><INIT seed="0,1,0,0,1,4" ten="337,250,163,250" oya="0" hai0="0,75,14,36,68,114,49,127,40,42,66,60,133" hai1="110,92,107,116,80,56,35,50,82,1,74,85,46" hai2="51,28,118,98,59,2,8,96,22,21,87,48,135" hai3="73,112,45,27,30,65,57,124,53,5,83,122,29"/><T97/><D0/><U93/><E107/><V132/><F118/><W37/><G112/><T63/><D75/><U44/><E116/><V19/><F87/><W86/><G124/><T58/><D114/><U129/><E35/><V100/><F28/><W20/><G73/><T70/><D14/><U101/><E1/><V111/><F111/><W113/><G113/><T105/><D97/><N who="2" m="37482" /><F100/><W38/><G122/><T120/><D105/><U108/><E101/><V69/><F69/><N who="0" m="26730" /><D120/><U64/><E129/><V77/><F77/><W106/><G29/><T128/><D128/><U7/><E7/><N who="2" m="1143" /><F59/><W43/><G106/><T18/><D18/><U34/><E34/><V25/><F22/><W16/><G5/><T32/><D32/><U12/><E74/><V121/><F121/><W55/><G30/><T84/><D84/><U33/><E33/><V134/><AGARI ba="1,0" hai="19,21,25,48,51,132,134,135" m="1143,37482" machi="134" ten="40,2700,0" yaku="20,1,52,1" doraHai="4" who="2" fromWho="2" sc="337,-14,250,-8,163,30,250,-8" /><INIT seed="1,0,0,2,5,128" ten="323,242,193,242" oya="1" hai0="87,105,61,34,101,85,121,73,106,15,29,31,69" hai1="81,63,107,48,133,97,113,104,124,7,42,16,36" hai2="111,54,39,70,50,1,58,120,0,20,40,53,79" hai3="75,110,67,8,46,49,131,98,84,35,76,21,102"/><U132/><E113/><V3/><F111/><W130/><G35/><T119/><D73/><U88/><E36/><V27/><F120/><W57/><G75/><T109/><D109/><U38/><E38/><V66/><F79/><W56/><G110/><T80/><D15/><U14/><E124/><V125/><F125/><W123/><G123/><T74/><D74/><U96/><E7/><V99/><F99/><W118/><G118/><T82/><D61/><U30/><E30/><V41/><F39/><W9/><G21/><T129/><D101/><U100/><E63/><V45/><F70/><W6/><G84/><T86/><D121/><U90/><E42/><V112/><F66/><W19/><G76/><T13/><D13/><U108/><E48/><V117/><F117/><W94/><G67/><T51/><D51/><U59/><E59/><V91/><F91/><W32/><G32/><T116/><D86/><U17/><E108/><V114/><F41/><W126/><G126/><T12/><D12/><U33/><E33/><V5/><F5/><W127/><G6/><T95/><D34/><U64/><E64/><V24/><F40/><N who="3" m="24775" /><G127/><T2/><D2/><U28/><E28/><V37/><F37/><W78/><G131/><T92/><D69/><U134/><E17/><V65/><F65/><W135/><G19/><T72/><D72/><U11/><E81/><V60/><REACH who="2" step="1"/><F20/><REACH who="2" ten="323,242,183,242" step="2"/><W83/><G130/><AGARI ba="0,1" hai="29,31,80,82,85,87,92,95,105,106,116,119,129,130" machi="130" ten="25,1600,0" yaku="22,2" doraHai="128" who="0" fromWho="3" sc="323,26,242,0,183,0,242,-16" /><INIT seed="2,0,0,3,5,97" ten="349,242,183,226" oya="2" hai0="35,94,129,128,39,14,124,127,2,120,45,125,99" hai1="37,80,9,78,121,109,112,0,46,1,102,84,7" hai2="130,55,110,13,60,58,41,32,75,56,72,101,92" hai3="53,88,67,123,47,114,49,96,26,52,81,54,20"/><V135/><F32/><W31/><G123/><T133/><D2/><U19/><E112/><V65/><F130/><N who="0" m="50282" /><D35/><U116/><E116/><V21/><F135/><W42/><G114/><T34/><D34/><U87/><E109/><V126/><F110/><W89/><G67/><T16/><D120/><U113/><E113/><V117/><F117/><W69/><G69/><T105/><D105/><U107/><E19/><V86/><F126/><W73/><REACH who="3" step="1"/><G96/><REACH who="3" ten="349,242,183,216" step="2"/><T74/><D133/><U71/><E71/><V79/><F65/><W11/><G11/><T108/><D108/><U25/><E9/><V119/><F119/><W131/><G131/><T23/><D127/><U40/><E121/><V17/><F75/><W38/><G38/><T12/><D74/><U5/><E87/><V18/><F72/><W122/><G122/><T132/><D132/><U95/><E37/><V48/><F86/><W70/><G70/><T98/><D98/><U27/><E84/><V63/><F79/><AGARI ba="0,1" hai="20,26,31,42,47,49,52,53,54,73,79,81,88,89" machi="79" ten="40,5200,0" yaku="1,1,54,2,53,0" doraHai="97" doraHaiUra="29" who="3" fromWho="2" sc="349,0,242,0,183,-52,216,62" /><INIT seed="3,0,0,0,3,10" ten="349,242,131,278" oya="3" hai0="24,55,108,40,9,14,71,48,89,29,96,133,130" hai1="95,114,57,131,111,34,132,116,120,81,123,19,126" hai2="52,91,21,87,105,45,42,58,12,20,78,17,99" hai3="115,82,83,30,65,127,1,79,35,109,61,72,103"/><W31/><G115/><T121/><D108/><U47/><E34/><V28/><F78/><W37/><G109/><T36/><D71/><U117/><E47/><V18/><F28/><W107/><G127/><T110/><D110/><U84/><E111/><V59/><F105/><W92/><G1/><T90/><D121/><U64/><E64/><V0/><F0/><W129/><G37/><T44/><D130/><U77/><E57/><V70/><F70/><W54/><G129/><T26/><D133/><U13/><E131/><V125/><F125/><W16/><G107/><T122/><D96/><U8/><E126/><V135/><F99/><W98/><G35/><T102/><D102/><U106/><E106/><V67/><F67/><W60/><G82/><T93/><D93/><U51/><E114/><V100/><F100/><W113/><G113/><T2/><D26/><U69/><E69/><V41/><F59/><W4/><G4/><T74/><D74/><U53/><E95/><N who="2" m="54783" /><F45/><W49/><G65/><T112/><D2/><U25/><E132/><V39/><F39/><W5/><G5/><N who="0" m="3375" /><D122/><U80/><E80/><V6/><F6/><W76/><G72/><T88/><D112/><U43/><E120/><V73/><F73/><W23/><G83/><T101/><D101/><U119/><E123/><V33/><F33/><W15/><G79/><T68/><D68/><U128/><E128/><V38/><F38/><W75/><G76/><T32/><D36/><U86/><E84/><V50/><F135/><W27/><G75/><T63/><D90/><U104/><E104/><V3/><F3/><RYUUKYOKU ba="0,0" sc="349,15,242,-15,131,15,278,-15" hai0="24,29,32,40,44,48,55,63,88,89" hai2="12,17,18,20,21,41,42,50,52,58" /><INIT seed="4,1,0,0,5,124" ten="364,227,146,263" oya="0" hai0="109,119,52,61,60,21,69,123,131,121,54,134,106" hai1="28,122,23,19,15,89,43,127,55,91,102,48,42" hai2="115,77,133,16,107,3,6,99,103,29,9,70,13" hai3="24,126,97,39,132,10,76,72,4,81,50,14,32"/><T73/><D73/><U1/><E122/><V56/><F133/><W41/><G132/><T33/><D33/><U128/><E1/><V98/><F115/><W83/><G126/><T87/><D106/><U135/><E127/><V20/><F70/><W93/><G39/><T27/><D134/><U53/><E135/><V7/><F7/><W49/><G41/><T108/><D119/><U116/><E116/><V8/><F77/><W58/><G83/><T80/><D69/><U111/><E102/><V38/><F38/><W68/><G68/><T130/><D121/><U96/><E55/><N who="0" m="21033" /><D123/><U57/><E111/><N who="0" m="42569" /><D61/><U2/><E2/><V95/><F56/><W88/><REACH who="3" step="1"/><G58/><REACH who="3" ten="364,227,146,253" step="2"/><T45/><D45/><U36/><E57/><V129/><F129/><W67/><G67/><T105/><D60/><U112/><E128/><V63/><F63/><W86/><G86/><T31/><D105/><U22/><E112/><V79/><F79/><AGARI ba="1,1" hai="21,27,31,79,80,87,130,131" m="42569,21033" machi="79" ten="30,11600,0" yaku="10,1,52,2,54,1" doraHai="124" who="0" fromWho="2" sc="364,129,227,0,146,-119,253,0" /><INIT seed="4,2,0,1,0,6" ten="493,227,27,253" oya="0" hai0="70,125,116,124,107,93,13,16,131,49,48,15,134" hai1="101,97,121,40,8,33,109,92,44,112,45,90,123" hai2="130,30,20,22,4,38,96,65,39,51,64,98,28" hai3="122,43,63,133,5,74,82,80,78,103,95,23,83"/><T17/><D107/><U76/><E109/><V117/><F4/><W99/><G133/><T114/><D70/><U25/><E76/><V67/><F51/><N who="0" m="19530" /><D116/><U66/><E66/><V72/><F72/><W3/><G122/><T24/><D134/><U120/><E112/><V0/><F0/><W118/><G118/><T55/><D114/><U119/><E119/><V104/><F117/><W113/><G113/><T127/><D131/><U29/><E45/><V62/><F62/><W12/><G43/><T61/><D93/><U27/><E27/><V56/><F56/><W7/><G3/><T73/><D73/><U53/><E53/><V32/><F104/><W84/><G5/><T75/><D75/><U21/><E33/><V86/><F86/><W1/><G1/><T10/><D24/><U31/><E31/><N who="2" m="11819" /><F32/><W129/><G129/><T68/><D68/><U58/><E58/><V94/><F94/><W34/><G34/><T79/><D79/><U85/><E120/><V132/><F130/><W128/><G128/><T108/><D108/><U115/><E115/><V36/><F132/><W100/><G100/><T57/><D15/><U19/><E44/><V135/><F135/><W37/><G37/><T87/><D87/><U26/><E26/><V69/><F69/><W35/><G35/><T111/><D111/><U77/><E40/><V59/><F59/><W91/><G74/><T46/><D46/><U9/><E77/><V89/><F98/><W52/><G78/><T81/><D81/><N who="1" m="49455" /><E29/><V60/><F60/><W11/><G23/><N who="0" m="11663" /><D127/><U126/><E126/><V88/><F96/><RYUUKYOKU ba="2,0" sc="493,0,227,0,27,0,253,0" hai0="10,17,55,57,61,124,125" hai1="8,9,19,21,25,92,97,101,121,123" hai2="20,22,36,38,39,64,65,67,88,89" hai3="7,11,12,52,63,80,82,83,84,91,95,99,103" /><INIT seed="4,3,0,2,4,19" ten="493,227,27,253" oya="0" hai0="7,6,83,12,29,108,4,60,97,124,38,110,50" hai1="57,53,46,36,61,120,128,106,129,25,135,119,34" hai2="114,118,58,52,90,100,33,122,125,134,32,24,17" hai3="55,48,89,96,102,85,35,62,37,84,109,28,99"/><T127/><D38/><U49/><E106/><V113/><F122/><W133/><G37/><T30/><D50/><U63/><E34/><V23/><F134/><W95/><G133/><T74/><D97/><U131/><E135/><V79/><F100/><W43/><G109/><N who="0" m="42091" /><D60/><U130/><E25/><V101/><F101/><W54/><G43/><T22/><D83/><U47/><E120/><V121/><F125/><N who="0" m="48202" /><D74/><U5/><E5/><V3/><F3/><W93/><G62/><N who="1" m="23562" /><E119/><V9/><F121/><W1/><G1/><T42/><D42/><N who="1" m="22855" /><E131/><V13/><F118/><W39/><G55/><T27/><D29/><U77/><E77/><V78/><F90/><W2/><G39/><T81/><D81/><U75/><E75/><V104/><F104/><W45/><G2/><T86/><D86/><U68/><E68/><V59/><F59/><AGARI ba="3,0" hai="47,49,53,57,59,128,129,130" m="22855,23562" machi="59" ten="40,5200,0" yaku="19,1,34,2" doraHai="19" who="1" fromWho="2" sc="493,0,227,61,27,-61,253,0" owari="493,59.0,288,9.0,-34,-53.0,253,-15.0" /></mjloggm>