<mjloggm ver="2.3"><GO type="169" lobby="0"/><UN n0="%54%6F%72%75" n1="%74%61%6D%69%74%61%6D%69" n2="%E3%83%9E%E3%83%83%E3%82%AF%30%34" n3="%E6%80%92%E3%82%8A%E3%81%AE%E3%81%97%E3%81%B0%E3%82%84%E3%82%93" dan="17,16,16,17" rate="2144.67,2076.97,2154.51,2165.02" sx="M,M,F,M"/><TAIKYOKU oya="0"/><INIT seed="0,0,0,3,4,44" ten="250,250,250,250" oya="0" hai0="95,98,99,124,123,117,130,2,66,21,43,67,76" hai1="105,127,40,7,31,111,42,3,5,91,32,35,9" hai2="82,114,73,45,8,120,72,119,10,56,131,33,50" hai3="78,94,23,101,69,110,17,53,62,125,68,15,57"/><T122/><D117/><U25/><E105/><V132/><F120/><W108/><G125/><T75/><D2/><U16/><E127/><V27/><F119/><W107/><G107/><T41/><D124/><U133/><E35/><V48/><F114/><W22/><G78/><T63/><D130/><U102/><E102/><V54/><F131/><W89/><G101/><T96/><D95/><U12/><E133/><V51/><F132/><W13/><G13/><T64/><D63/><U6/><E111/><N who="3" m="42538" /><G23/><T84/><D75/><U135/><E135/><V46/><F33/><W49/><G62/><T24/><D122/><U28/><E28/><V115/><F115/><W60/><G60/><T109/><D109/><U29/><E29/><V86/><F27/><W134/><G134/><T38/><D38/><U121/><E121/><V0/><F72/><W88/><G89/><T103/><D103/><U93/><REACH who="1" step="1"/><E3/><REACH who="1" ten="250,240,250,250" step="2"/><V100/><F100/><W18/><G18/><N who="0" m="12343" /><D123/><U118/><E118/><V26/><F0/><W4/><G4/><T83/><AGARI ba="0,1" hai="41,43,64,66,67,76,83,84,96,98,99" m="12343" machi="83" ten="40,2100,0" yaku="8,1" doraHai="44" who="0" fromWho="0" sc="250,31,240,-7,250,-7,250,-7" /><INIT seed="0,1,0,3,4,125" ten="281,233,243,243" oya="0" hai0="133,100,43,4,123,13,112,64,11,117,50,8,62" hai1="7,59,1,118,107,51,60,47,101,76,77,32,73" hai2="90,79,17,113,0,87,45,22,66,2,30,19,53" hai3="21,58,61,106,37,46,81,10,14,70,28,104,33"/><T134/><D112/><U29/><E118/><V27/><F113/><W122/><G70/><T65/><D117/><U5/><E73/><V111/><F111/><W99/><G122/><T80/><D123/><U52/><E32/><V44/><F79/><W25/><G33/><T126/><D126/><U35/><E35/><V78/><F78/><W9/><G9/><T96/><D80/><U20/><E107/><V115/><F115/><W110/><G110/><T54/><D43/><U3/><E101/><V128/><F0/><W16/><G81/><T84/><D84/><U103/><E1/><V91/><F2/><W55/><REACH who="3" step="1"/><G99/><REACH who="3" ten="281,233,243,233" step="2"/><T85/><D11/><U108/><E108/><V83/><F83/><W39/><G39/><T48/><D133/><U71/><E71/><V82/><F82/><W98/><G98/><T109/><D134/><U95/><E77/><V86/><F87/><W38/><G38/><T23/><D85/><U102/><E76/><V18/><F86/><W89/><G89/><T26/><D109/><U114/><E114/><V127/><F90/><W92/><G92/><T41/><D96/><N who="1" m="59679" /><E103/><V40/><F91/><W135/><G135/><T105/><D100/><U119/><E119/><V75/><F127/><W42/><AGARI ba="1,1" hai="10,14,16,21,25,28,37,42,46,55,58,61,104,106" machi="42" ten="30,4000,0" yaku="1,1,0,1,54,1,53,0" doraHai="125" doraHaiUra="67" who="3" fromWho="3" sc="281,-21,233,-11,243,-11,233,53" /><INIT seed="1,0,0,1,3,74" ten="260,222,232,286" oya="1" hai0="77,60,105,31,50,78,92,88,131,107,102,128,32" hai1="47,96,133,53,124,65,51,13,35,18,43,59,4" hai2="48,97,125,45,126,103,49,46,1,34,91,21,108" hai3="39,57,54,113,28,129,62,23,90,67,86,26,80"/><U85/><E124/><V111/><F34/><W115/><G129/><N who="0" m="49739" /><D32/><U58/><E133/><V10/><F91/><W7/><G39/><T84/><D31/><U12/><E35/><V98/><F21/><W123/><G123/><T30/><D30/><U106/><E65/><V33/><F33/><W87/><G7/><T20/><D20/><U112/><E112/><V11/><REACH who="2" step="1"/><F1/><REACH who="2" ten="260,222,222,286" step="2"/><W17/><G28/><T5/><D102/><AGARI ba="0,1" hai="10,11,45,46,48,49,97,98,102,103,108,111,125,126" machi="102" ten="25,6400,0" yaku="1,1,2,1,22,2,53,0" doraHai="74" doraHaiUra="117" who="2" fromWho="0" sc="260,-64,222,0,222,74,286,0" /><INIT seed="2,0,0,4,0,20" ten="196,222,296,286" oya="2" hai0="84,0,119,3,122,76,72,73,10,123,124,12,80" hai1="82,23,134,117,14,21,116,98,26,33,60,44,52" hai2="85,75,95,37,100,115,99,47,53,58,96,15,83" hai3="135,103,65,56,128,55,59,102,130,57,4,54,91"/><V66/><F115/><W43/><G4/><T24/><D124/><U8/><E134/><V32/><F75/><W131/><G135/><T22/><D119/><U93/><E33/><V1/><F1/><W29/><G43/><T17/><D3/><U13/><E23/><V63/><F32/><W25/><G65/><T90/><D0/><U6/><E14/><V114/><F114/><W34/><G91/><T111/><D111/><U77/><E116/><V48/><F37/><W101/><AGARI ba="0,0" hai="25,29,34,54,55,56,57,59,101,102,103,128,130,131" machi="101" ten="40,8000,1" yaku="0,1,29,2,19,1,52,1" doraHai="20" who="3" fromWho="3" sc="196,-20,222,-20,296,-40,286,80" /><INIT seed="3,0,0,0,1,7" ten="176,202,256,366" oya="3" hai0="88,97,101,52,111,127,40,27,24,92,41,109,9" hai1="43,26,17,107,20,39,77,18,121,115,54,48,25" hai2="30,131,84,87,44,50,70,64,10,108,94,106,113" hai3="4,110,89,85,125,124,58,51,13,81,37,86,120"/><W134/><G37/><T6/><D127/><N who="3" m="48713" /><G120/><T66/><D66/><U74/><E121/><V57/><F106/><W29/><G134/><T71/><D71/><U19/><E107/><V75/><F113/><W129/><G29/><T28/><D101/><U36/><E43/><V60/><F75/><W47/><G58/><T45/><D40/><U22/><E115/><V5/><F108/><N who="0" m="41546" /><D28/><U16/><E74/><V135/><F135/><W102/><G102/><T0/><D41/><U78/><E19/><V55/><F131/><W123/><G110/><T2/><D0/><U53/><E18/><V79/><F30/><W31/><G31/><T63/><D63/><U95/><E95/><V34/><F34/><W15/><G129/><T1/><D1/><U46/><REACH who="1" step="1"/><E54/><REACH who="1" ten="176,192,256,366" step="2"/><V132/><F132/><W100/><G123/><T118/><D118/><U61/><E61/><V122/><F122/><W90/><G4/><T69/><D69/><U126/><E126/><V12/><F94/><N who="3" m="54575" /><G100/><T62/><D62/><U105/><E105/><V38/><F70/><W83/><G83/><T116/><D116/><U56/><E56/><V82/><F38/><AGARI ba="0,1" hai="16,17,20,22,25,26,36,38,39,46,48,53,77,78" machi="38" ten="40,5200,0" yaku="1,1,9,1,54,1,53,0" doraHai="7" doraHaiUra="114" who="1" fromWho="2" sc="176,0,192,62,256,-52,366,0" /><INIT seed="4,0,0,2,3,19" ten="176,254,204,366" oya="0" hai0="45,18,134,34,113,91,112,79,33,64,77,123,116" hai1="67,36,55,99,5,15,7,101,84,56,124,126,23" hai2="20,49,65,9,82,40,86,59,66,76,53,128,97" hai3="25,110,118,12,125,22,115,114,108,98,133,37,61"/><T27/><D116/><U111/><E36/><V131/><F40/><W95/><G37/><T51/><D123/><U93/><E67/><V13/><F97/><W47/><G118/><T44/><D64/><U117/><E117/><V127/><F127/><W129/><G47/><T17/><D91/><U85/><E111/><V69/><F69/><W32/><G125/><N who="1" m="48234" /><E5/><V75/><F75/><W4/><G61/><T1/><D27/><U119/><E119/><V21/><F66/><W92/><G92/><T54/><D1/><U121/><E121/><V48/><F65/><W63/><G63/><T107/><D54/><U50/><E7/><N who="2" m="3263" /><F49/><W104/><G104/><T60/><D60/><U62/><E50/><V83/><F83/><W89/><G32/><T102/><D51/><U16/><AGARI ba="0,0" hai="15,16,23,55,56,62,84,85,93,99,101" m="48234" machi="16" ten="30,4000,0" yaku="18,1,52,1,54,1" doraHai="19" who="1" fromWho="1" sc="176,-20,254,40,204,-10,366,-10" /><INIT seed="5,0,0,4,4,58" ten="156,294,194,356" oya="1" hai0="12,72,45,124,15,10,110,78,84,54,23,102,71" hai1="31,61,35,133,115,28,112,40,88,121,60,26,81" hai2="55,123,82,30,135,37,46,103,85,59,90,87,95" hai3="43,63,109,7,20,94,0,48,107,76,89,41,56"/><U34/><E121/><V65/><F123/><W77/><G107/><T36/><D110/><U3/><E3/><V92/><F135/><W99/><G109/><T132/><D72/><U47/><E133/><V67/><F30/><W106/><G106/><T105/><D71/><U11/><E11/><V9/><F37/><W53/><G0/><T13/><D124/><U39/><E31/><V70/><F70/><W38/><G7/><T111/><D111/><U130/><E35/><V44/><F95/><W117/><G117/><T19/><D132/><U74/><E130/><V118/><F118/><W25/><G38/><T129/><D129/><U6/><E6/><V86/><F9/><W120/><G120/><T29/><D29/><U91/><E74/><V128/><F86/><W2/><G2/><T79/><D84/><N who="1" m="50191" /><E91/><N who="2" m="53359" /><F103/><W114/><G114/><AGARI ba="0,0" hai="26,28,34,39,40,47,60,61,112,114,115" m="50191" machi="114" ten="30,11600,0" yaku="15,1,52,2,54,1" doraHai="58" who="1" fromWho="3" sc="156,0,294,116,194,0,356,-116" /><INIT seed="5,1,0,0,1,1" ten="156,410,194,240" oya="1" hai0="128,15,134,56,14,74,41,88,121,61,98,90,47" hai1="70,12,9,96,65,93,133,33,51,113,46,5,69" hai2="45,102,52,6,106,54,129,62,105,8,109,83,95" hai3="39,13,117,103,120,68,0,104,50,28,64,73,100"/><U21/><E33/><V130/><F109/><W2/><G39/><T29/><D74/><U55/><E133/><V53/><F83/><W3/><G73/><T43/><D128/><N who="2" m="49258" /><F45/><W57/><G120/><T80/><D134/><U115/><E21/><V42/><F42/><W131/><G104/><N who="2" m="40041" /><F102/><W75/><G75/><T76/><D29/><U18/><E18/><V116/><F116/><W99/><G131/><T127/><D127/><U91/><REACH who="1" step="1"/><E65/><REACH who="1" ten="156,400,194,240" step="2"/><V16/><F95/><W86/><G64/><T101/><D121/><U27/><E27/><V59/><F16/><W71/><G117/><T10/><D80/><U87/><E87/><V7/><F8/><W132/><G132/><T30/><D10/><U48/><E48/><V67/><AGARI ba="1,1" hai="6,7,52,53,54,59,62,67" m="40041,49258" machi="67" ten="40,8000,1" yaku="19,1,52,2,54,1" doraHai="1" who="2" fromWho="2" sc="156,-21,400,-41,194,93,240,-21" /><INIT seed="6,0,0,3,2,107" ten="135,359,287,219" oya="2" hai0="52,110,44,26,105,4,16,57,58,111,120,77,22" hai1="27,29,56,48,23,51,97,54,7,85,61,73,87" hai2="2,74,68,24,96,3,102,62,60,17,101,99,33" hai3="75,67,10,126,92,39,135,19,127,129,112,46,88"/><V116/><F116/><W114/><G67/><T94/><D105/><U90/><E73/><V30/><F17/><W104/><G104/><T13/><D120/><U117/><E117/><V65/><F60/><W15/><G135/><T72/><D44/><U93/><E7/><V123/><F123/><W5/><G129/><T18/><D4/><U31/><E29/><V42/><F42/><W28/><G28/><T36/><D58/><U38/><E38/><V69/><F69/><W103/><G103/><T35/><D36/><U14/><E14/><V76/><F101/><W108/><G108/><T122/><D94/><U43/><E43/><V98/><REACH who="2" step="1"/><F102/><REACH who="2" ten="135,359,277,219" step="2"/><W50/><G19/><T37/><D122/><U40/><E40/><V55/><F55/><N who="3" m="30167" /><G39/><T134/><D134/><U84/><AGARI ba="0,1" hai="23,27,31,48,51,54,56,61,84,85,87,90,93,97" machi="84" ten="30,2000,0" yaku="0,1,8,1" doraHai="107" who="1" fromWho="1" sc="135,-5,359,30,277,-10,219,-5" /><INIT seed="7,0,0,2,0,44" ten="130,389,267,214" oya="3" hai0="59,82,51,103,56,13,34,72,106,14,48,85,89" hai1="31,119,129,105,134,92,10,32,58,67,60,28,120" hai2="132,17,96,74,64,84,25,38,43,68,133,39,11" hai3="49,55,130,93,19,42,69,18,26,6,80,95,111"/><W99/><G130/><T128/><D34/><U70/><E120/><V90/><F74/><W124/><G69/><T101/><D128/><U5/><E129/><V53/><F96/><W30/><G124/><T66/><D72/><U100/><E119/><V88/><F53/><W47/><G111/><T37/><D37/><N who="2" m="13834" /><F84/><W41/><G6/><T98/><D103/><U81/><E92/><V36/><F43/><N who="3" m="16395" /><G93/><T2/><D2/><U8/><E81/><V71/><F36/><W123/><G80/><T0/><D0/><U52/><E10/><V83/><F83/><W117/><G117/><T76/><D76/><U12/><E32/><V116/><F116/><W73/><G73/><T1/><D1/><U20/><E20/><N who="2" m="13455" /><F11/><W114/><G114/><T135/><D135/><N who="2" m="51786" /><F64/><W86/><G86/><T65/><D66/><U110/><E134/><V3/><F3/><W107/><G107/><T109/><D109/><U21/><E110/><V91/><AGARI ba="0,0" hai="68,71,88,90,91" m="51786,13455,13834" machi="91" ten="40,2700,0" yaku="20,1,54,1" doraHai="44" who="2" fromWho="2" sc="130,-7,389,-7,267,27,214,-13" owari="123,-38.0,382,49.0,294,9.0,201,-20.0" /></mjloggm>