<mjloggm ver="2.3"><GO type="169" lobby="0"/><UN n0="%E3%81%AD%E3%81%8D%E3%81%9B%40" n1="%E3%81%AF%E3%81%84%E3%81%A6%E3%82%93%E3%81%BC%E3%83%BC" n2="%64%72%61%65%74%63" n3="%E3%81%8B%E3%81%B0%E3%82%84%E3%81%8D%E3%82%89%E3%81%8F%E3%81%A0" dan="18,17,17,17" rate="2236.27,2238.20,2155.40,2100.36" sx="M,M,M,M"/><TAIKYOKU oya="0"/><INIT seed="0,0,0,4,3,126" ten="250,250,250,250" oya="0" hai0="24,4,131,52,79,114,43,25,86,116,17,50,41" hai1="121,39,51,48,22,89,111,105,29,55,47,100,11" hai2="19,5,90,85,59,31,120,91,103,70,0,123,66" hai3="87,2,20,97,132,93,26,67,124,10,94,45,33"/><T54/><D114/><U78/><E121/><V1/><F70/><W23/><G124/><T53/><D116/><U77/><E39/><V8/><F0/><W98/><G67/><T61/><D4/><U37/><E37/><V44/><F103/><W15/><G2/><T72/><D72/><U128/><E111/><V7/><F7/><W64/><G132/><T104/><D104/><U122/><E100/><V12/><F31/><W108/><G64/><T127/><D127/><U101/><E101/><V92/><F44/><W58/><G33/><T109/><D61/><U9/><E122/><V68/><F68/><W28/><G58/><T113/><D113/><U18/><E29/><V57/><F57/><W84/><G45/><T35/><D109/><U65/><E65/><V34/><F34/><W102/><G23/><N who="0" m="13423" /><D25/><U6/><E105/><V117/><F117/><W95/><G108/><T21/><D21/><U133/><E133/><V96/><F59/><W62/><G62/><T49/><D35/><U82/><E51/><N who="0" m="19465" /><D131/><U80/><E128/><V13/><F66/><W69/><G69/><T40/><D86/><N who="3" m="32809" /><G102/><T110/><D110/><U83/><E6/><AGARI ba="0,0" hai="6,10,15,20,26,28,93,94,95,97,98" m="32809" machi="6" ten="30,1000,0" yaku="8,1" doraHai="126" who="3" fromWho="1" sc="250,0,250,-10,250,0,250,10" /><INIT seed="1,0,0,4,2,91" ten="250,240,250,260" oya="1" hai0="108,71,34,73,126,75,40,51,57,48,86,58,92" hai1="106,110,134,128,135,85,90,21,115,98,87,31,14" hai2="74,69,89,4,111,114,16,6,10,125,109,93,124" hai3="80,12,19,15,66,45,47,50,120,64,72,104,101"/><U79/><E115/><V122/><F74/><W102/><G120/><T63/><D34/><U42/><E42/><V32/><F32/><W1/><G1/><T88/><D71/><U105/><E31/><V127/><F69/><W30/><G30/><T37/><D108/><N who="2" m="41546" /><F122/><W130/><G130/><T82/><D126/><U33/><E33/><V96/><F114/><W8/><G104/><T100/><D37/><U22/><E110/><V132/><F132/><N who="1" m="50729" /><E79/><V39/><F39/><W52/><G72/><T116/><D116/><U107/><E128/><V81/><F81/><W46/><G80/><T20/><D73/><U13/><E98/><V59/><F59/><W60/><G15/><AGARI ba="0,0" hai="4,6,10,15,16,89,93,96,124,125,127" m="41546" machi="15" ten="40,8000,1" yaku="18,1,14,1,52,1,54,1" doraHai="91" who="2" fromWho="3" sc="250,0,240,0,250,80,260,-80" /><INIT seed="2,0,0,1,0,26" ten="250,240,330,180" oya="2" hai0="78,99,131,72,29,128,115,68,22,118,83,110,33" hai1="23,95,120,41,102,132,90,38,117,52,88,116,106" hai2="98,27,9,19,17,127,109,55,124,113,64,82,71" hai3="100,13,56,7,59,69,30,122,28,73,48,54,18"/><V87/><F113/><W126/><G69/><T36/><D115/><U37/><E132/><V93/><F109/><W112/><G112/><T86/><D68/><U32/><E32/><V3/><F71/><W14/><G73/><T80/><D33/><U21/><E106/><V89/><F64/><W58/><G122/><T103/><D36/><U107/><E107/><V77/><F55/><W133/><G133/><T16/><D29/><N who="3" m="11369" /><G100/><T31/><D31/><U8/><E102/><V76/><F76/><W12/><G126/><N who="2" m="48169" /><F27/><W101/><G101/><T2/><D2/><U25/><E120/><V11/><F11/><N who="3" m="4223" /><G14/><T74/><D118/><U123/><E123/><V67/><F67/><W57/><G57/><T1/><D1/><U5/><E117/><V50/><F50/><W43/><G43/><T108/><D108/><U66/><E41/><V125/><F125/><W105/><G105/><N who="0" m="63743" /><D110/><U62/><E116/><V104/><F104/><W79/><G79/><T46/><D74/><U91/><E25/><V47/><F47/><W65/><G65/><T92/><D46/><U60/><E66/><V97/><F3/><W34/><G34/><T63/><D72/><U51/><E38/><V114/><F114/><W96/><G96/><N who="2" m="36969" /><F9/><AGARI ba="0,0" hai="9,13,18,48,54,56,58,59" m="4223,11369" machi="9" ten="30,7700,0" yaku="8,1,52,3" doraHai="26" who="3" fromWho="2" sc="250,0,240,0,330,-77,180,77" /><INIT seed="3,0,0,1,3,128" ten="250,240,253,257" oya="3" hai0="12,73,87,3,30,67,69,21,124,5,125,70,66" hai1="122,84,79,58,100,48,50,102,97,51,111,114,26" hai2="43,52,64,15,17,40,13,107,49,65,86,0,6" hai3="37,110,61,132,106,54,123,39,46,31,118,83,130"/><W71/><G106/><T115/><D73/><U56/><E114/><V44/><F107/><W95/><G31/><T91/><D3/><U59/><E122/><V78/><F0/><W29/><G29/><T63/><D115/><U117/><E111/><V81/><F13/><W80/><G95/><T94/><D5/><U4/><E4/><V23/><REACH who="2" step="1"/><F6/><REACH who="2" ten="250,240,243,257" step="2"/><W8/><G110/><T133/><D12/><U20/><E117/><V75/><F75/><W126/><G118/><T88/><D124/><U93/><E79/><V27/><F27/><W55/><G126/><T28/><D125/><U92/><E84/><V34/><F34/><W135/><G123/><T19/><D70/><U45/><E45/><V120/><F120/><W11/><G71/><T85/><D69/><U127/><E127/><V60/><F60/><W25/><G61/><T112/><D63/><U7/><E7/><V98/><F98/><W72/><G46/><T101/><D112/><U90/><REACH who="1" step="1"/><E93/><REACH who="1" ten="250,230,243,257" step="2"/><V38/><F38/><W24/><G72/><T74/><D74/><U16/><AGARI ba="0,2" hai="16,20,26,48,50,51,56,58,59,90,92,97,100,102" machi="16" ten="30,8000,1" yaku="1,1,2,1,0,1,8,1,54,1,53,0" doraHai="128" doraHaiUra="129" who="1" fromWho="1" sc="250,-20,230,100,243,-20,257,-40" /><INIT seed="4,0,0,1,4,37" ten="230,330,223,217" oya="0" hai0="117,98,62,17,10,66,94,84,73,36,26,82,15" hai1="108,111,13,11,45,116,101,123,56,68,80,97,57" hai2="25,63,38,112,128,70,59,60,118,69,75,85,92" hai3="134,109,34,120,95,33,114,72,125,81,54,35,41"/><T43/><D117/><U106/><E68/><V71/><F75/><W4/><G109/><T126/><D126/><U47/><E116/><V76/><F118/><W135/><G125/><T18/><D73/><U121/><E80/><V42/><F76/><W133/><G114/><T77/><D36/><U90/><E90/><V83/><F83/><W16/><G120/><T29/><D18/><U14/><E11/><V115/><F25/><W78/><G4/><T27/><D43/><U12/><E97/><V2/><F2/><W105/><G105/><T65/><D62/><U6/><E6/><V0/><F0/><W74/><G54/><T110/><D110/><N who="1" m="42027" /><E101/><V96/><F85/><N who="3" m="48311" /><G41/><T132/><D132/><U104/><E47/><N who="2" m="24023" /><F92/><W5/><G5/><T127/><D127/><U107/><E45/><V89/><F89/><W53/><G95/><T100/><REACH who="0" step="1"/><D27/><REACH who="0" ten="220,330,223,217" step="2"/><U44/><E44/><V58/><F128/><W102/><G74/><T31/><D31/><U28/><E28/><V49/><F49/><W119/><G72/><T93/><D93/><U20/><E20/><AGARI ba="0,1" hai="10,15,17,20,26,29,65,66,77,82,84,94,98,100" machi="20" ten="30,5800,0" yaku="1,1,7,1,8,1,53,0" doraHai="37" doraHaiUra="40" who="0" fromWho="1" sc="220,68,330,-58,223,0,217,0" /><INIT seed="4,1,0,1,0,134" ten="288,272,223,217" oya="0" hai0="59,89,99,107,93,4,129,25,58,79,49,86,42" hai1="71,48,52,67,32,68,91,106,69,57,47,16,70" hai2="131,53,82,105,36,124,10,9,94,40,77,128,1" hai3="72,6,38,17,39,123,54,50,75,14,33,104,97"/><T125/><D129/><N who="2" m="49738" /><F105/><W12/><G33/><T135/><D135/><U2/><E106/><V51/><F1/><W121/><G6/><T66/><D66/><U87/><E2/><V0/><F0/><W8/><G104/><T111/><D111/><U11/><E32/><V64/><F64/><W96/><G54/><T115/><D115/><U80/><N who="1" m="17408" /><DORA hai="65" /><U28/><E28/><V81/><F40/><W23/><G50/><T62/><D25/><U56/><E67/><V90/><F36/><W13/><G23/><T132/><D62/><U114/><E114/><V37/><F37/><N who="3" m="13835" /><G17/><T22/><D22/><U26/><E26/><V60/><F60/><W63/><G63/><T3/><D132/><U102/><REACH who="1" step="1"/><E102/><REACH who="1" ten="288,262,223,217" step="2"/><V20/><F20/><W19/><G123/><T109/><D107/><U41/><E41/><V18/><F9/><W113/><G121/><T101/><D3/><U55/><E55/><V118/><F10/><W108/><G8/><T110/><D42/><U85/><E85/><V35/><F53/><W30/><G113/><T43/><D43/><U7/><E7/><V130/><F35/><W88/><G30/><T73/><D4/><U15/><AGARI ba="1,1" hai="11,15,16,47,48,52,56,57,80,87,91" m="17408" machi="15" ten="60,16000,3" yaku="1,1,0,1,25,2,52,4,54,2,53,0" doraHai="134,65" doraHaiUra="133,27" who="1" fromWho="1" sc="288,-81,262,173,223,-41,217,-41" /><INIT seed="5,0,0,3,1,101" ten="207,435,182,176" oya="1" hai0="102,98,134,115,126,111,72,4,130,89,78,22,73" hai1="84,69,135,20,1,60,13,38,67,21,6,3,95" hai2="50,58,26,30,128,103,25,108,19,97,35,57,105" hai3="56,11,27,31,129,63,28,90,124,100,54,32,61"/><U9/><E38/><V39/><F39/><W7/><G129/><T82/><D111/><U75/><E75/><V85/><F108/><W24/><G124/><T123/><D130/><U118/><E118/><V59/><F128/><W2/><G100/><T43/><D126/><U37/><E37/><V42/><F85/><W131/><G131/><T112/><D134/><U92/><E92/><V74/><F74/><W109/><G109/><T52/><D123/><U96/><E84/><V91/><F91/><W36/><G36/><T10/><D43/><U127/><E135/><V64/><F64/><W41/><G41/><T99/><D22/><U93/><E93/><V104/><F19/><W86/><G54/><T114/><D73/><U33/><E33/><V107/><REACH who="2" step="1"/><F25/><REACH who="2" ten="207,435,172,176" step="2"/><W71/><G90/><T5/><D89/><U79/><E127/><V18/><F18/><W106/><G86/><T51/><D114/><U46/><E79/><V117/><F117/><W34/><G27/><T83/><D115/><U65/><E65/><V29/><F29/><W121/><G31/><T17/><D112/><U80/><E80/><V49/><F49/><W68/><G24/><T77/><D83/><U45/><E67/><V125/><F125/><W48/><G28/><T81/><D81/><U16/><E16/><V70/><F70/><W12/><G71/><T47/><D78/><U88/><E69/><V66/><F66/><W15/><G68/><T76/><D76/><U122/><E88/><V120/><F120/><W87/><G121/><T119/><D119/><U14/><E122/><V62/><F62/><RYUUKYOKU ba="0,1" sc="207,-10,435,-10,172,30,176,-10" hai2="26,30,35,42,50,57,58,59,97,103,104,105,107" /><INIT seed="6,1,1,5,3,101" ten="197,425,202,166" oya="2" hai0="4,62,38,8,96,11,73,114,36,116,9,129,133" hai1="56,123,99,102,65,126,43,83,54,122,6,21,25" hai2="44,95,128,85,113,110,35,127,1,48,107,118,34" hai3="19,103,134,40,7,15,131,24,0,90,55,18,67"/><V49/><F1/><W130/><G40/><T117/><D114/><U87/><E43/><V97/><F118/><N who="0" m="45674" /><D133/><U45/><E45/><V92/><F113/><W111/><G111/><T89/><D129/><N who="3" m="49161" /><G134/><T20/><D73/><U68/><E6/><V53/><F128/><W63/><G90/><T31/><D62/><U74/><E74/><V52/><F85/><W81/><G81/><T61/><D61/><U79/><E65/><V72/><F72/><W109/><G109/><T100/><D89/><U30/><E68/><V10/><F44/><W57/><G103/><T98/><D4/><U16/><E30/><V88/><F88/><W121/><G121/><T26/><D100/><U5/><E5/><V75/><F75/><W93/><G93/><T119/><N who="0" m="45682" /><T69/><DORA hai="84" /><D69/><U50/><REACH who="1" step="1"/><E126/><REACH who="1" ten="197,415,202,166" step="2"/><V29/><F127/><W112/><G112/><T17/><D31/><U37/><E37/><AGARI ba="1,2" hai="8,9,11,17,20,26,36,37,38,96,98" m="45682" machi="37" ten="50,1600,0" yaku="12,1" doraHai="101,84" who="0" fromWho="1" sc="197,39,415,-19,202,0,166,0" /><INIT seed="7,0,0,5,5,28" ten="236,396,202,166" oya="3" hai0="20,11,74,75,41,111,95,90,33,114,65,19,42" hai1="131,73,46,47,44,26,6,72,7,124,45,63,119" hai2="35,86,91,110,34,107,38,106,78,97,87,84,130" hai3="103,129,15,37,77,29,32,53,8,31,93,100,59"/><W117/><G37/><T112/><D111/><U2/><E2/><V3/><F3/><W9/><G117/><T96/><D33/><N who="2" m="12298" /><F91/><W122/><G122/><T22/><D65/><U16/><E131/><V55/><F55/><W12/><G129/><T128/><D128/><U5/><E124/><V14/><F14/><W18/><G77/><T54/><D11/><U40/><E63/><V120/><F130/><W92/><G32/><T49/><D74/><U80/><E80/><V135/><F97/><W36/><G36/><T133/><D75/><U116/><E73/><V89/><F89/><W98/><G93/><T132/><D42/><U51/><E72/><V13/><F13/><W27/><G27/><N who="0" m="14751" /><D22/><U52/><E40/><V25/><F25/><W108/><G103/><T21/><D41/><U66/><E66/><V126/><F38/><W24/><G24/><T127/><D21/><N who="1" m="13607" /><E119/><V81/><F78/><W62/><REACH who="3" step="1"/><G108/><REACH who="3" ten="236,396,202,156" step="2"/><T69/><D95/><U48/><E116/><V58/><F110/><W101/><G101/><T125/><D125/><U68/><E68/><V30/><F126/><W113/><G113/><T85/><D69/><U61/><N who="1" m="11264" /><DORA hai="60" /><U115/><E115/><V79/><F120/><W104/><G104/><T67/><D127/><U82/><E82/><V43/><F81/><W109/><G109/><T17/><D114/><U23/><E23/><V118/><F118/><W99/><G99/><T4/><D96/><U94/><E94/><V134/><F107/><W56/><G56/><AGARI ba="0,1" hai="5,6,7,48,51,52,56,61" m="11264,13607" machi="56" ten="50,6400,0" yaku="8,1,54,2" doraHai="28,60" who="1" fromWho="3" sc="236,0,396,74,202,0,156,-64" owari="236,4.0,470,57.0,202,-20.0,92,-41.0" /></mjloggm>