<mjloggm ver="2.3"><GO type="169" lobby="0"/><UN n0="%E3%81%8A%E3%81%98%E3%81%95%E3%82%93" n1="%E9%9D%92%E5%B1%B1%E5%AD%A6%E9%99%A2%EF%BC%94%E5%B9%B4" n2="%E3%82%86%E3%83%BC%E3%81%BF%E3%82%93" n3="%E5%87%BA%E3%82%8B%E3%83%94%E3%82%A8%E3%83%AD" dan="17,17,16,16" rate="2216.27,2202.75,2088.41,2201.86" sx="M,M,F,M"/><TAIKYOKU oya="0"/><INIT seed="0,0,0,2,1,19" ten="250,250,250,250" oya="0" hai0="24,38,10,21,49,105,122,57,119,47,88,81,124" hai1="16,68,83,128,60,131,13,54,79,46,77,43,108" hai2="27,127,82,48,109,50,74,51,134,4,118,113,89" hai3="116,70,62,25,5,34,14,31,33,106,123,40,23"/><T56/><D119/><U22/><E108/><V8/><F113/><W0/><G116/><T58/><D122/><U110/><E110/><V63/><F109/><W55/><G40/><T85/><D124/><U75/><E79/><V53/><F118/><W95/><G106/><T2/><D105/><U135/><E135/><V87/><F127/><W126/><G126/><T1/><D38/><U29/><E29/><V117/><F134/><W65/><G0/><T32/><D32/><U39/><REACH who="1" step="1"/><E54/><REACH who="1" ten="250,240,250,250" step="2"/><V121/><F53/><W120/><G55/><N who="0" m="30143" /><D1/><U76/><E76/><V15/><F117/><W91/><G120/><T115/><D2/><U17/><E17/><V84/><F121/><W3/><G123/><T101/><D115/><U80/><E80/><V111/><F111/><W59/><G3/><T97/><D10/><U52/><E52/><V44/><F8/><W30/><G31/><N who="0" m="17807" /><D101/><U45/><E45/><V104/><F44/><W112/><G112/><T37/><D37/><U41/><E41/><V100/><F100/><W71/><G33/><T26/><D97/><U6/><E6/><V36/><F4/><W114/><G114/><T64/><D26/><U42/><E42/><V125/><F27/><W94/><G5/><T18/><D18/><U78/><E78/><V11/><F125/><W73/><G34/><T107/><D107/><U35/><E35/><V102/><F36/><W99/><G30/><T90/><D90/><U130/><E130/><V132/><F104/><W61/><G91/><T28/><D28/><U69/><E69/><V129/><F102/><W72/><G25/><RYUUKYOKU ba="0,1" sc="250,15,240,15,250,-15,250,-15" hai0="56,57,58,64,81,85,88" hai1="13,16,22,39,43,46,60,68,75,77,83,128,131" /><INIT seed="0,1,1,4,3,114" ten="265,255,235,235" oya="0" hai0="70,45,93,40,47,44,57,119,12,19,53,61,108" hai1="3,111,81,78,98,95,106,90,105,20,100,88,86" hai2="68,130,73,109,129,123,116,15,75,24,87,77,79" hai3="110,66,17,26,121,89,128,50,38,69,101,102,9"/><T82/><D119/><U132/><E3/><V64/><F64/><W39/><G110/><T10/><D108/><U52/><E111/><V131/><F109/><W126/><G121/><T55/><D70/><U27/><E132/><V60/><F15/><W56/><G69/><T13/><D93/><U124/><E124/><V71/><F24/><W1/><G1/><T92/><D92/><U99/><E52/><V31/><F31/><W72/><G72/><N who="2" m="27721" /><F60/><W23/><G128/><T5/><D82/><U127/><E127/><V42/><F42/><W28/><G39/><T51/><REACH who="0" step="1"/><D55/><REACH who="0" ten="255,255,235,235" step="2"/><U43/><E43/><V74/><F71/><W117/><G117/><T62/><D62/><U83/><E106/><V122/><F68/><W7/><G126/><T29/><D29/><U115/><E115/><V133/><F116/><W35/><G28/><T30/><D30/><U103/><E83/><N who="2" m="45495" /><F133/><W63/><G35/><T2/><D2/><U6/><E6/><V8/><F8/><AGARI ba="1,2" hai="5,8,10,12,13,19,40,44,45,47,51,53,57,61" machi="8" ten="30,12000,1" yaku="1,1,7,1,8,1,53,2" doraHai="114" doraHaiUra="4" who="0" fromWho="2" sc="255,143,255,0,235,-123,235,0" /><INIT seed="0,2,0,2,0,33" ten="398,255,112,235" oya="0" hai0="115,4,17,128,29,86,81,28,105,102,54,94,85" hai1="44,13,98,127,131,61,109,37,68,53,100,7,106" hai2="90,82,124,70,20,108,60,125,72,119,40,18,88" hai3="95,34,52,91,117,1,27,32,122,62,49,26,74"/><T96/><D128/><U46/><E109/><V111/><F119/><W10/><G74/><T92/><D115/><U104/><E104/><V79/><F40/><W2/><G62/><T55/><D105/><U78/><E78/><V22/><F70/><W118/><G122/><T50/><D4/><U12/><E46/><V57/><F22/><W16/><G27/><T135/><D135/><U64/><E131/><V69/><F69/><W30/><G34/><T114/><D114/><U45/><E127/><N who="2" m="48715" /><F57/><W36/><G36/><T8/><D8/><U112/><E112/><V80/><F60/><W48/><G48/><T84/><D17/><U130/><E130/><V41/><F41/><W43/><G43/><T67/><D67/><U65/><E65/><V132/><F132/><W121/><G121/><T51/><D81/><U35/><E37/><V113/><F113/><W75/><G75/><T3/><D3/><U93/><E53/><N who="0" m="19977" /><D94/><U71/><E71/><V97/><F97/><W38/><G38/><T14/><D14/><U39/><E39/><V6/><F82/><W110/><G110/><N who="2" m="42025" /><F6/><W101/><G117/><T31/><AGARI ba="2,0" hai="28,29,31,50,51,84,85,86,92,96,102" m="19977" machi="31" ten="40,2100,0" yaku="8,1" doraHai="33" who="0" fromWho="0" sc="398,27,255,-9,112,-9,235,-9" /><INIT seed="0,3,0,1,0,113" ten="425,246,103,226" oya="0" hai0="128,93,33,78,117,89,99,39,133,111,23,51,68" hai1="4,121,34,19,105,43,124,44,63,91,22,49,45" hai2="18,50,126,80,109,135,24,26,131,82,96,112,101" hai3="134,5,70,29,102,53,87,40,21,81,115,28,92"/><T73/><D117/><U46/><E34/><V2/><F112/><W125/><G40/><T9/><D33/><U10/><E105/><V130/><F109/><W61/><G115/><T64/><D39/><U1/><E124/><V56/><F2/><W14/><G134/><T66/><D68/><U84/><E121/><V15/><F50/><W47/><G125/><T31/><D128/><N who="2" m="49194" /><F56/><W16/><G5/><T3/><D78/><U13/><REACH who="1" step="1"/><E63/><REACH who="1" ten="425,236,103,226" step="2"/><V104/><F126/><W74/><G61/><T55/><D133/><U127/><E127/><V100/><F135/><W129/><G129/><T98/><D111/><U116/><E116/><V32/><F32/><W60/><G60/><T12/><D66/><U52/><E52/><V97/><F80/><AGARI ba="3,1" hai="1,4,10,13,19,22,43,44,45,46,49,80,84,91" machi="80" ten="30,2000,0" yaku="1,1,7,1,53,0" doraHai="113" doraHaiUra="25" who="1" fromWho="2" sc="425,0,236,39,103,-29,226,0" /><INIT seed="1,0,0,1,5,125" ten="425,275,74,226" oya="1" hai0="85,63,17,0,22,9,39,83,56,20,122,32,129" hai1="36,118,44,120,18,38,99,117,98,19,128,134,130" hai2="133,78,96,4,28,26,14,70,67,6,135,110,62" hai3="12,102,123,51,131,91,10,116,80,69,106,21,16"/><U71/><E71/><V126/><F110/><W124/><G69/><T41/><D129/><N who="1" m="49771" /><E120/><V24/><F126/><W127/><G102/><T89/><D122/><U7/><E7/><V132/><F78/><W87/><G106/><T2/><D39/><N who="1" m="14891" /><E44/><V95/><F14/><W104/><G104/><T29/><D0/><U55/><E55/><V42/><F42/><W113/><G113/><T81/><D41/><U105/><E134/><V3/><F3/><W11/><G116/><N who="1" m="44650" /><E105/><V94/><F6/><W43/><G123/><T49/><D2/><U37/><E37/><V86/><F4/><W23/><G127/><T13/><D56/><U103/><E103/><V90/><REACH who="2" step="1"/><F28/><REACH who="2" ten="425,275,64,226" step="2"/><W76/><G124/><T77/><D29/><U74/><E74/><V66/><F66/><W58/><G131/><T5/><D5/><U40/><E40/><V46/><F46/><W72/><G43/><T45/><D45/><U54/><E54/><V119/><F119/><W84/><G72/><T115/><D115/><U59/><E59/><V53/><F53/><W60/><G58/><T75/><D75/><U47/><E47/><V64/><F64/><W57/><G57/><T8/><D49/><U31/><E31/><V111/><F111/><W108/><G108/><T27/><D63/><U73/><E73/><V34/><F34/><W112/><G51/><T79/><D32/><U1/><E1/><V92/><F92/><N who="3" m="54375" /><G60/><T93/><D93/><U97/><AGARI ba="0,1" hai="18,19,97,98,99" m="44650,14891,49771" machi="97" ten="40,18000,2" yaku="28,2,19,1,52,3" doraHai="125" who="1" fromWho="1" sc="425,-60,275,190,64,-60,226,-60" /><INIT seed="1,1,0,5,1,66" ten="365,465,4,166" oya="1" hai0="20,48,123,80,43,24,101,102,29,70,12,122,34" hai1="97,65,2,95,67,38,55,117,125,35,113,28,41" hai2="62,121,61,90,116,5,104,27,89,135,7,59,50" hai3="126,127,54,85,60,18,39,74,46,14,52,8,87"/><U21/><E2/><V88/><F121/><W72/><G39/><T23/><D43/><U42/><E35/><V110/><F116/><W71/><G71/><T4/><D48/><U134/><E113/><V124/><F104/><W69/><G54/><T99/><D80/><U57/><E125/><N who="3" m="47626" /><G87/><T17/><D70/><U37/><E37/><V44/><F124/><W45/><G85/><T51/><D51/><U75/><E75/><N who="3" m="28714" /><G69/><T129/><D102/><U105/><E105/><V9/><F110/><W79/><G79/><T133/><D129/><U132/><E117/><V73/><F73/><W103/><G103/><T30/><D30/><U1/><E1/><V86/><F135/><W3/><G3/><T53/><D53/><U19/><E28/><V130/><F130/><W0/><G0/><T111/><D111/><U128/><E128/><V78/><F27/><W56/><AGARI ba="1,0" hai="8,14,18,45,46,52,56,60" m="28714,47626" machi="56" ten="40,2700,0" yaku="18,1,54,1" doraHai="66" who="3" fromWho="3" sc="365,-8,465,-14,4,-8,166,30" owari="357,16.0,451,54.0,-4,-50.0,196,-20.0" /></mjloggm>