<mjloggm ver="2.3"><GO type="169" lobby="0"/><UN n0="%E3%83%88%E3%83%B3%E3%83%8D%E3%83%AB%E5%A4%A9%E5%9B%BD" n1="%E3%81%AF%E3%81%90%E3%82%8A%E3%82%93%EF%BC%A0" n2="%E3%82%8B%E3%83%BC%E3%81%BF%E3%81%A3%E3%81%8F" n3="%E3%83%95%E3%82%A3%E3%83%AD%E3%82%BD%E3%83%95%E3%82%A3%E3%82%A2" dan="16,17,16,17" rate="2139.45,2155.95,2124.06,2115.91" sx="M,M,M,M"/><TAIKYOKU oya="0"/><INIT seed="0,0,0,5,3,68" ten="250,250,250,250" oya="0" hai0="2,119,85,114,94,70,38,51,6,81,82,66,101" hai1="76,16,104,73,35,78,115,79,12,47,8,121,54" hai2="65,95,131,118,116,15,45,13,106,3,27,5,111" hai3="71,123,22,20,41,92,63,113,127,32,23,39,52"/><T67/><D114/><U87/><E121/><V128/><F106/><W83/><G123/><T14/><D119/><N who="2" m="45610" /><F65/><W126/><G113/><T21/><D2/><U80/><E115/><V29/><F95/><W64/><G32/><T28/><D82/><U91/><E35/><N who="2" m="20927" /><F45/><N who="3" m="23743" /><G92/><T129/><D129/><N who="2" m="49738" /><F111/><W31/><G83/><T97/><D70/><U86/><E104/><V100/><F100/><W50/><G31/><T99/><D99/><U122/><E122/><V61/><F61/><W59/><AGARI ba="0,0" hai="20,22,23,50,52,59,63,64,71,126,127" m="23743" machi="59" ten="30,4000,0" yaku="24,1,52,1,54,1" doraHai="68" who="3" fromWho="3" sc="250,-20,250,-10,250,-10,250,40" /><INIT seed="1,0,0,1,4,11" ten="230,240,240,290" oya="1" hai0="77,65,30,12,57,82,20,2,95,31,128,113,40" hai1="86,66,93,130,47,45,96,110,7,21,124,89,25" hai2="112,64,83,14,19,27,61,41,62,94,63,58,122" hai3="50,71,68,32,53,0,42,90,105,91,17,55,35"/><U4/><E124/><V85/><F122/><W54/><G105/><T72/><D113/><U70/><E130/><V132/><F132/><W109/><G0/><T84/><D128/><U52/><E70/><V74/><F112/><W26/><G26/><T49/><D2/><U48/><E66/><V76/><F41/><W44/><G17/><T100/><D65/><U73/><E73/><V1/><F1/><W114/><G114/><T120/><D120/><U60/><E110/><V24/><F74/><W5/><G5/><T116/><D116/><U59/><E86/><V106/><F106/><W80/><G109/><T29/><D72/><U36/><E36/><V34/><F94/><W119/><G119/><T46/><D57/><U133/><E133/><V103/><F103/><W10/><G10/><T78/><D78/><U9/><E48/><V18/><F18/><W108/><G80/><T3/><D3/><U115/><E115/><V87/><F85/><W39/><G39/><T99/><REACH who="0" step="1"/><D12/><REACH who="0" ten="220,240,240,290" step="2"/><N who="1" m="5159" /><E7/><V13/><F64/><W33/><G108/><T97/><D97/><U101/><E101/><V67/><F34/><W22/><G71/><T117/><D117/><U15/><E15/><N who="2" m="5643" /><F19/><AGARI ba="0,1" hai="19,21,25,45,47,52,59,60,89,93,96" m="5159" machi="19" ten="30,11600,0" yaku="25,1,8,1,52,1,54,1" doraHai="11" who="1" fromWho="2" sc="220,0,240,126,240,-116,290,0" /><INIT seed="1,1,0,0,4,29" ten="220,366,124,290" oya="1" hai0="76,83,91,87,95,19,43,104,49,96,10,110,62" hai1="52,28,48,103,63,112,79,53,89,132,80,100,41" hai2="84,65,56,125,15,117,69,131,42,47,20,18,82" hai3="16,31,122,12,39,54,36,44,73,21,68,74,27"/><U70/><E112/><V111/><F117/><W107/><G68/><T94/><D110/><U50/><E132/><V51/><F111/><W134/><G122/><T113/><D113/><U105/><E41/><V4/><F131/><W88/><G107/><T78/><D104/><U59/><E89/><V1/><F125/><W24/><G134/><T17/><D62/><U22/><E105/><V123/><F123/><W99/><G73/><T38/><D38/><U119/><E119/><V115/><F115/><W133/><G74/><T26/><D10/><U2/><E2/><V101/><F101/><W120/><G120/><T92/><D96/><U55/><E70/><V66/><F69/><W3/><G3/><T57/><D57/><U6/><E6/><V9/><REACH who="2" step="1"/><F56/><REACH who="2" ten="220,366,114,290" step="2"/><W32/><G133/><T23/><REACH who="0" step="1"/><D19/><REACH who="0" ten="210,366,114,290" step="2"/><U7/><E59/><V114/><F114/><W37/><G16/><T5/><D5/><U58/><E7/><V81/><F81/><W45/><G37/><T93/><N who="0" m="23552" /><DORA hai="108" /><T86/><D86/><U129/><E103/><V98/><F98/><W64/><G39/><T33/><D33/><U102/><E102/><V118/><F118/><W40/><G32/><T0/><D0/><U30/><E100/><V135/><F135/><W67/><G36/><T85/><D85/><U14/><E58/><V97/><F97/><W8/><G99/><T75/><D75/><U25/><E80/><V126/><F126/><W61/><G61/><T128/><D128/><U124/><E129/><V60/><F60/><W77/><G67/><T72/><D72/><U90/><E63/><RYUUKYOKU ba="1,2" sc="210,15,366,-15,114,15,290,-15" hai0="17,23,26,43,49,76,78,83,87,91" hai2="1,4,9,15,18,20,42,47,51,65,66,82,84" /><INIT seed="2,2,2,3,3,62" ten="225,351,129,275" oya="2" hai0="109,3,24,45,42,54,15,113,87,126,92,25,110" hai1="101,33,5,80,60,9,4,23,12,44,79,37,91" hai2="14,102,19,103,2,30,59,7,74,121,130,118,36" hai3="97,32,43,124,107,52,123,69,55,129,8,10,64"/><V26/><F36/><W116/><G116/><T61/><D113/><U31/><E101/><V66/><F118/><W115/><G123/><T28/><D3/><U83/><E33/><V86/><F74/><W20/><G32/><T133/><D15/><U82/><E4/><V90/><F121/><W112/><G43/><T76/><D133/><U93/><E37/><V78/><F130/><W11/><G129/><T70/><D126/><U58/><E44/><V56/><F78/><W89/><G124/><T50/><D25/><U29/><E23/><V122/><F122/><W6/><G20/><T131/><D131/><U41/><E41/><V96/><F7/><W100/><G89/><T17/><D17/><U47/><E47/><V65/><F2/><W81/><G81/><T53/><D92/><U120/><E79/><V57/><F26/><W94/><G94/><T111/><D87/><N who="1" m="52479" /><E120/><V117/><F30/><W106/><G106/><T135/><D135/><U108/><E108/><V34/><F34/><W49/><G49/><T48/><D48/><U85/><E85/><V13/><F117/><W40/><G40/><T67/><REACH who="0" step="1"/><D76/><REACH who="0" ten="215,351,129,275" step="2"/><U127/><E127/><V132/><F132/><W114/><G6/><T88/><D88/><U125/><E125/><V128/><F128/><W73/><G73/><T99/><D99/><U1/><E1/><V77/><F77/><W104/><G104/><T72/><D72/><U71/><E5/><V0/><F0/><W105/><G105/><T75/><D75/><U134/><E134/><V21/><F96/><W18/><G18/><T46/><D46/><RYUUKYOKU ba="2,3" sc="215,15,351,-15,129,-15,275,15" hai0="24,28,42,45,50,53,54,61,67,70,109,110,111" hai3="8,10,11,52,55,64,69,97,100,107,112,114,115" /><INIT seed="3,3,3,1,0,22" ten="230,336,114,290" oya="3" hai0="123,82,58,128,118,69,135,57,62,53,67,64,72" hai1="109,47,111,50,122,120,112,8,10,45,124,49,1" hai2="16,35,42,99,104,85,44,75,5,68,20,90,80" hai3="105,51,41,56,125,129,0,37,114,26,39,52,100"/><W86/><G0/><T18/><D118/><U6/><E112/><V60/><F5/><W83/><G114/><T134/><D123/><U17/><E17/><V115/><F115/><W87/><G87/><T12/><D128/><U110/><E124/><V96/><F35/><W4/><G4/><T23/><D69/><U117/><E117/><V92/><F68/><W81/><G81/><T107/><D107/><U55/><E10/><V130/><F130/><W28/><G129/><T71/><D71/><U27/><E27/><V3/><F3/><W127/><G41/><AGARI ba="3,3" hai="1,6,8,41,45,47,49,50,55,109,110,111,120,122" machi="41" ten="40,1300,0" yaku="14,1" doraHai="22" who="1" fromWho="3" sc="230,0,336,52,114,0,290,-22" /><INIT seed="4,0,0,4,0,0" ten="230,388,114,268" oya="0" hai0="88,55,119,122,126,40,56,120,69,74,63,98,46" hai1="66,96,78,106,70,13,1,68,54,9,35,99,131" hai2="114,19,57,11,123,105,53,84,51,113,15,34,85" hai3="73,38,41,87,104,72,49,76,129,3,22,65,28"/><T79/><D119/><U89/><E1/><V67/><F105/><W31/><G104/><T103/><D126/><U21/><E35/><V102/><F34/><W30/><G3/><T75/><D69/><U45/><E78/><V37/><F123/><W10/><G38/><T125/><D125/><U18/><E131/><V33/><F37/><W94/><G65/><T90/><D120/><U25/><E66/><V124/><F124/><W81/><G22/><T92/><D122/><U115/><E115/><V42/><F102/><W62/><G62/><T4/><D4/><U58/><E45/><V50/><F33/><W128/><G94/><T61/><D61/><U36/><E36/><V48/><F67/><W134/><G10/><T82/><REACH who="0" step="1"/><D75/><REACH who="0" ten="220,388,114,268" step="2"/><U111/><E70/><V20/><F114/><W5/><G5/><T17/><D17/><U83/><E68/><V116/><F113/><W93/><G73/><T8/><D8/><U7/><E7/><N who="2" m="3583" /><F116/><W14/><G72/><T130/><D130/><U127/><E9/><V29/><F29/><W26/><G30/><T2/><D2/><U91/><E127/><V135/><F135/><W39/><G28/><T100/><D100/><U16/><E18/><V60/><F42/><W107/><G31/><T117/><D117/><U6/><E6/><V59/><F59/><W12/><G41/><T52/><D52/><U71/><E54/><V97/><F19/><W118/><G134/><T132/><D132/><U43/><E58/><V47/><F60/><W27/><G118/><T77/><D77/><U110/><E43/><V112/><F112/><RYUUKYOKU ba="0,1" sc="220,30,388,-10,114,-10,268,-10" hai0="40,46,55,56,63,74,79,82,88,90,92,98,103" /><INIT seed="4,1,1,3,3,86" ten="250,378,104,258" oya="0" hai0="128,14,66,71,58,90,99,24,82,107,87,68,45" hai1="125,105,126,31,83,101,100,51,12,93,43,103,92" hai2="36,118,29,0,7,30,59,26,18,60,130,39,27" hai3="5,64,63,77,22,67,65,49,40,135,98,17,111"/><T46/><D128/><U88/><E31/><V134/><F130/><W44/><G111/><T74/><D14/><U127/><E105/><V112/><F118/><W2/><G135/><T89/><D74/><U121/><E121/><V48/><F134/><W122/><G77/><T124/><D124/><U10/><E43/><V57/><F112/><W131/><G131/><T116/><D116/><U34/><E51/><V85/><F7/><W47/><G47/><T123/><D123/><U62/><E62/><V70/><F0/><W13/><G122/><T23/><D68/><U4/><E34/><V28/><F70/><W53/><G2/><T37/><D71/><U95/><E83/><V35/><F18/><W132/><G5/><T21/><D37/><U52/><E52/><V104/><F104/><W114/><G114/><T113/><D113/><U117/><E117/><V11/><F11/><W15/><G98/><AGARI ba="1,1" hai="4,10,12,88,92,93,95,98,100,101,103,125,126,127" machi="98" ten="50,6400,0" yaku="18,1,52,1,54,1" doraHai="86" who="1" fromWho="3" sc="250,0,378,77,104,0,258,-67" /><INIT seed="5,0,0,0,3,103" ten="250,455,104,191" oya="1" hai0="112,119,17,26,14,57,48,54,109,18,93,52,121" hai1="125,122,7,12,23,62,108,43,3,41,13,19,84" hai2="2,30,29,20,95,49,33,15,128,126,100,39,85" hai3="45,0,86,116,134,87,59,69,63,73,47,124,34"/><U101/><E122/><V42/><F2/><W28/><G0/><T11/><D109/><U89/><E108/><V16/><F39/><W114/><G73/><T40/><D119/><U55/><E125/><V35/><F126/><W1/><G1/><T102/><D112/><U27/><E101/><V58/><F128/><W38/><G69/><T92/><D121/><U24/><E3/><V115/><F115/><W32/><G28/><T51/><D40/><U37/><E43/><V110/><F110/><W120/><G59/><T9/><D102/><U81/><E41/><V107/><F35/><W77/><G63/><T80/><D80/><U131/><E37/><V31/><F33/><W66/><G66/><T76/><D76/><U61/><E61/><V70/><F70/><W133/><G77/><T94/><D26/><U50/><E62/><V132/><F132/><W4/><G4/><N who="0" m="3367" /><D11/><U25/><E13/><V68/><F68/><W36/><G124/><T98/><D98/><U111/><E131/><V117/><F117/><W6/><G6/><T123/><D123/><U106/><E7/><V118/><F118/><W79/><G79/><T135/><D135/><U64/><E64/><V75/><F75/><W72/><G72/><T5/><D5/><U53/><E111/><V127/><F127/><W65/><G120/><T78/><D78/><U99/><E50/><V67/><F107/><W21/><G116/><T44/><AGARI ba="0,0" hai="17,18,44,48,51,52,54,57,92,93,94" m="3367" machi="44" ten="30,2000,0" yaku="8,1,54,1" doraHai="103" who="0" fromWho="0" sc="250,20,455,-10,104,-5,191,-5" /><INIT seed="6,0,0,0,5,99" ten="270,445,99,186" oya="2" hai0="125,117,118,84,114,47,10,109,15,126,121,61,49" hai1="75,78,18,103,42,122,94,55,23,46,30,4,90" hai2="38,119,2,129,0,65,1,59,91,22,111,41,104" hai3="29,54,17,105,48,112,89,52,71,100,96,93,14"/><V123/><F123/><W101/><G71/><T85/><D109/><U115/><E30/><V69/><F119/><N who="0" m="45578" /><D121/><U74/><E103/><N who="3" m="39498" /><G105/><T28/><D61/><U33/><E4/><V66/><F104/><W3/><G3/><T60/><D60/><U45/><E33/><V133/><F69/><W76/><G112/><T73/><D28/><U24/><E115/><V27/><F111/><W95/><G76/><T6/><D73/><U83/><E75/><V79/><F79/><W21/><G29/><T132/><D132/><U5/><E5/><V11/><F133/><W63/><G63/><T70/><D70/><U80/><E80/><V58/><F66/><W35/><G35/><T106/><D106/><U13/><E122/><V62/><F129/><W127/><G127/><N who="0" m="48651" /><D114/><U107/><E107/><V86/><F65/><W57/><G54/><AGARI ba="0,0" hai="6,10,15,47,49,54,84,85" m="48651,45578" machi="54" ten="30,2000,0" yaku="12,1,18,1" doraHai="99" who="0" fromWho="3" sc="270,20,445,0,99,0,186,-20" /><INIT seed="7,0,0,2,4,125" ten="290,445,99,166" oya="3" hai0="104,9,128,120,12,115,124,24,78,23,83,15,46" hai1="45,90,19,22,81,127,132,62,58,129,109,116,118" hai2="98,0,114,82,133,57,56,8,13,134,68,33,64" hai3="99,63,117,16,10,47,106,49,113,130,51,97,135"/><W39/><G39/><T123/><D128/><U103/><E109/><V66/><F33/><W111/><G117/><T32/><D104/><U27/><E127/><V76/><F0/><W17/><G130/><T41/><D124/><U7/><E129/><V121/><F98/><W80/><G111/><T84/><D32/><U11/><E132/><V60/><F76/><W112/><G80/><T95/><D95/><U101/><E45/><V20/><F20/><W54/><G63/><T122/><D115/><U4/><E4/><V2/><F82/><W50/><G135/><T40/><D40/><U131/><E131/><V96/><F2/><W72/><G72/><T77/><D77/><U87/><E118/><V92/><F114/><N who="3" m="44139" /><G17/><T65/><D65/><N who="1" m="39127" /><E116/><V75/><F75/><W70/><G70/><T44/><D44/><U69/><E69/><V126/><F126/><W67/><G67/><T5/><D15/><AGARI ba="0,0" hai="7,11,15,19,22,27,81,87,90,101,103" m="39127" machi="15" ten="30,1000,0" yaku="8,1" doraHai="125" who="1" fromWho="0" sc="290,-10,445,10,99,0,166,0" owari="280,8.0,455,55.0,99,-40.0,166,-23.0" /></mjloggm>