<mjloggm ver="2.3"><GO type="169" lobby="0"/><UN n0="%66%69%63%74%69%6F%6E" n1="%6B%6F%6B%6F%72%6F%6E%69" n2="%E5%A4%A7%E8%94%B5%E9%81%8A%E6%98%9F" n3="%4E%61%6E%61%4E%61%6E%61" dan="16,16,16,16" rate="2027.51,2153.81,2131.55,2086.14" sx="M,M,F,M"/><TAIKYOKU oya="0"/><INIT seed="0,0,0,5,5,63" ten="250,250,250,250" oya="0" hai0="118,40,73,60,97,86,3,29,5,105,112,50,85" hai1="16,30,27,2,17,9,14,10,11,31,125,64,90" hai2="133,101,0,129,25,117,110,43,80,59,67,107,37" hai3="62,92,7,91,52,94,71,132,81,48,1,74,23"/><T79/><D112/><U135/><E135/><V76/><F0/><W119/><G119/><T70/><D118/><U32/><E90/><V47/><F117/><W122/><G132/><T89/><D29/><U28/><E125/><V57/><F133/><W82/><G122/><T13/><D3/><U58/><E58/><V19/><F57/><W41/><G41/><T49/><D73/><U8/><E64/><V87/><F107/><W22/><G7/><T102/><D79/><U46/><E46/><V126/><F101/><W42/><G42/><T108/><D86/><U114/><E114/><V54/><F126/><W121/><G1/><T69/><D108/><U35/><REACH who="1" step="1"/><E2/><REACH who="1" ten="250,240,250,250" step="2"/><V39/><F67/><W15/><G91/><T24/><D70/><U95/><E95/><V98/><F110/><W18/><G94/><T116/><D116/><U103/><E103/><V4/><F47/><W84/><G92/><T83/><D69/><U134/><E134/><V78/><F59/><W120/><G71/><T36/><D89/><U106/><E106/><V113/><F113/><W109/><G109/><T88/><D105/><U33/><E33/><V20/><F78/><W12/><G121/><T56/><D102/><U61/><E61/><V111/><F76/><W130/><G62/><T34/><D60/><U127/><E127/><V77/><F77/><W75/><G120/><T96/><D56/><U68/><E68/><V45/><F45/><W6/><G82/><T55/><D83/><U128/><E128/><V65/><F129/><W99/><G130/><T51/><D88/><U44/><E44/><RYUUKYOKU ba="0,1" sc="250,-10,240,30,250,-10,250,-10" hai1="8,9,10,11,14,16,17,27,28,30,31,32,35" /><INIT seed="1,1,1,3,0,52" ten="240,270,240,240" oya="1" hai0="93,107,9,24,75,30,80,62,76,111,86,90,78" hai1="40,102,118,96,116,87,89,73,3,109,120,10,101" hai2="103,56,100,72,7,129,23,112,1,134,65,104,110" hai3="83,49,105,32,131,41,95,4,106,127,124,54,79"/><U77/><E40/><V53/><F72/><W31/><G41/><T88/><D111/><U60/><E120/><V37/><F37/><W99/><G4/><T14/><D107/><U22/><E109/><V48/><F110/><W6/><G6/><T39/><D39/><U45/><E45/><V63/><F112/><W29/><G29/><T13/><D62/><U33/><E33/><V91/><F134/><W85/><G31/><T125/><D125/><N who="3" m="48201" /><G32/><T57/><D57/><U122/><E122/><V43/><F43/><W55/><G55/><T113/><D113/><U27/><E77/><V135/><F135/><W82/><G82/><T25/><D25/><U20/><E73/><V16/><F129/><W119/><G119/><T108/><D108/><U12/><E3/><V69/><F104/><W98/><G99/><T21/><D75/><U74/><E74/><V42/><F42/><W15/><G15/><T26/><D26/><U11/><E60/><V19/><F19/><W115/><G115/><T50/><D50/><U44/><E44/><V17/><F17/><W132/><G132/><T66/><D66/><U59/><E118/><V34/><F34/><W81/><G81/><T128/><D128/><U94/><E116/><V0/><F0/><W64/><G64/><T67/><D67/><U130/><E130/><V51/><F1/><W46/><G131/><T126/><D126/><U117/><E117/><V114/><F114/><W61/><G61/><T28/><D28/><U133/><E133/><V58/><F65/><W5/><G5/><N who="0" m="3247" /><D14/><U35/><E12/><V71/><F63/><RYUUKYOKU ba="1,1" sc="240,15,270,-15,240,-15,240,15" hai0="21,24,30,76,78,80,86,88,90,93" hai3="46,49,54,79,83,85,95,98,105,106" /><INIT seed="2,2,1,2,0,5" ten="255,255,225,255" oya="2" hai0="61,58,22,125,48,43,19,40,69,1,23,66,89" hai1="51,28,33,52,41,63,60,18,92,99,121,122,21" hai2="120,133,72,56,73,84,8,9,12,65,76,3,82" hai3="17,29,32,78,130,104,108,97,27,75,53,6,44"/><V85/><F120/><W115/><G78/><T74/><D125/><U25/><E41/><V117/><F117/><W94/><G75/><T31/><D74/><U107/><E107/><V16/><F133/><W111/><G104/><T93/><D1/><U39/><E39/><V36/><F36/><W67/><G67/><T71/><D31/><U30/><E122/><V128/><F128/><W26/><G130/><T64/><D64/><U102/><E121/><V110/><F110/><W49/><G6/><T103/><D103/><U46/><REACH who="1" step="1"/><E30/><REACH who="1" ten="255,245,225,255" step="2"/><V10/><F3/><W86/><G29/><T42/><D42/><U20/><E20/><V91/><F65/><W80/><G108/><T35/><D23/><U70/><E70/><V109/><F109/><W14/><G111/><T4/><D71/><U62/><E62/><V45/><F56/><W34/><G115/><T50/><D69/><U105/><E105/><V124/><F124/><W123/><G123/><T127/><D127/><U68/><E68/><V134/><F134/><W13/><G34/><T57/><D35/><U132/><E132/><V135/><F135/><W95/><G32/><T81/><D58/><U7/><E7/><V79/><F45/><W98/><G44/><T59/><D4/><U47/><E47/><V77/><F73/><W83/><G17/><T88/><D59/><U100/><E100/><V113/><F113/><W131/><G131/><T116/><D66/><U87/><E87/><N who="2" m="50679" /><F72/><W54/><G86/><AGARI ba="2,2" hai="8,9,10,12,16,76,77,79,84,85,86" m="50679" machi="86" ten="30,12000,1" yaku="8,1,52,3,54,1" doraHai="5" who="2" fromWho="3" sc="255,0,245,0,225,146,255,-126" /><INIT seed="2,3,0,5,2,98" ten="255,245,371,129" oya="2" hai0="12,122,82,56,0,37,7,59,71,11,118,15,101" hai1="83,29,44,74,2,73,46,9,87,130,52,124,25" hai2="84,64,79,22,135,30,85,109,14,39,34,36,127" hai3="1,48,19,33,16,40,100,110,60,112,121,63,13"/><V72/><F34/><W76/><G121/><T133/><D122/><U93/><E130/><V58/><F72/><W108/><G1/><T41/><D71/><U61/><E124/><V90/><F127/><W23/><G33/><T66/><D133/><U17/><E74/><V81/><F135/><W113/><G76/><T50/><D37/><U47/><E73/><V120/><F120/><W24/><G40/><T114/><D114/><N who="3" m="44137" /><G48/><T68/><D68/><U97/><E2/><V55/><F109/><N who="3" m="42091" /><G100/><T94/><D41/><U21/><E9/><AGARI ba="3,0" hai="9,13,16,19,23,24,60,63" m="42091,44137" machi="9" ten="30,3900,0" yaku="11,1,14,1,54,1" doraHai="98" who="3" fromWho="1" sc="255,0,245,-48,371,0,129,48" /><INIT seed="3,0,0,5,0,107" ten="255,197,371,177" oya="3" hai0="119,105,49,0,101,7,28,102,62,99,47,11,14" hai1="132,115,108,64,53,113,52,78,15,60,55,120,125" hai2="72,130,51,30,129,75,40,88,126,66,90,67,16" hai3="38,96,71,116,24,122,76,85,94,70,54,3,32"/><W117/><G122/><T45/><D119/><U134/><E78/><V121/><F121/><W65/><G3/><T4/><D28/><U106/><E120/><V135/><F30/><W6/><G6/><T20/><D102/><U114/><E15/><V41/><F51/><W22/><G32/><T74/><D62/><U19/><E19/><V112/><F135/><N who="1" m="51753" /><E106/><V123/><F123/><W87/><G38/><T109/><D109/><U127/><E108/><V35/><F35/><W128/><G117/><T34/><D34/><U95/><E95/><V44/><F44/><W82/><G87/><T92/><D47/><U93/><E93/><V39/><F16/><W68/><G116/><T69/><D69/><AGARI ba="0,0" hai="52,53,55,60,64,69,113,114,115,125,127" m="51753" machi="69" ten="40,8000,1" yaku="20,1,34,2,54,1" doraHai="107" who="1" fromWho="0" sc="255,-80,197,80,371,0,177,0" /><INIT seed="4,0,0,5,1,23" ten="175,277,371,177" oya="0" hai0="40,44,49,106,18,29,94,131,127,124,5,51,11" hai1="65,10,133,0,71,9,61,15,60,47,102,32,14" hai2="112,87,119,54,107,4,39,55,12,45,20,135,93" hai3="109,99,72,125,90,27,98,70,101,25,36,46,118"/><T53/><D106/><U21/><E32/><V84/><F107/><W78/><G118/><T50/><D131/><U115/><E133/><V68/><F68/><W17/><G109/><T41/><D29/><U19/><E102/><V81/><F135/><W7/><G70/><T30/><D30/><U130/><E130/><V8/><F119/><W97/><G7/><T1/><D41/><U129/><E129/><V56/><F112/><W57/><G101/><T75/><D75/><U91/><E115/><V120/><F120/><W64/><G125/><N who="0" m="48203" /><D94/><U52/><E91/><N who="2" m="53503" /><F39/><W83/><G90/><T3/><D18/><U22/><E0/><N who="0" m="73" /><D40/><U82/><E82/><V134/><F134/><W43/><REACH who="3" step="1"/><G17/><REACH who="3" ten="175,277,371,167" step="2"/><T86/><D86/><U76/><E76/><V80/><F84/><W35/><G35/><T123/><D123/><U116/><E116/><V95/><F4/><W16/><G16/><T34/><D34/><U92/><E92/><V105/><F95/><W67/><G67/><T2/><AGARI ba="0,1" hai="2,5,11,44,49,50,51,53" m="73,48203" machi="2" ten="30,1500,0" yaku="18,1" doraHai="23" who="0" fromWho="0" sc="175,25,277,-5,371,-5,167,-5" /><INIT seed="4,1,0,2,2,82" ten="200,272,366,162" oya="0" hai0="36,89,111,88,131,129,77,48,73,19,97,12,98" hai1="133,29,115,69,37,126,90,10,8,53,6,55,134" hai2="4,31,61,81,83,23,125,38,101,107,65,30,99" hai3="33,34,122,68,62,26,102,43,86,92,70,94,39"/><T95/><D36/><U40/><E69/><V63/><F38/><W106/><G122/><T105/><D48/><U22/><E126/><V78/><F125/><W124/><G124/><T42/><D42/><U51/><E37/><V14/><F81/><W66/><G70/><T24/><D24/><U41/><E90/><V93/><F107/><W109/><G109/><T108/><D12/><U87/><E22/><V18/><F4/><W123/><G123/><T67/><D67/><U16/><E29/><V127/><F127/><W91/><G43/><T57/><D19/><U104/><E104/><V84/><REACH who="2" step="1"/><F61/><REACH who="2" ten="200,272,356,162" step="2"/><W49/><G39/><T52/><D105/><U35/><E6/><V3/><F3/><W118/><G106/><T11/><D111/><U47/><E134/><V71/><AGARI ba="1,1" hai="14,18,23,30,31,63,65,71,78,83,84,93,99,101" machi="71" ten="20,5200,0" yaku="1,1,0,1,7,1,52,1,53,0" doraHai="82" doraHaiUra="132" who="2" fromWho="2" sc="200,-27,272,-14,356,65,162,-14" /><INIT seed="5,0,0,4,4,111" ten="173,258,421,148" oya="1" hai0="35,52,89,74,45,81,119,90,103,70,99,105,18" hai1="102,71,112,91,132,72,76,27,33,101,34,115,134" hai2="55,113,83,0,46,59,98,23,14,125,26,7,86" hai3="109,42,114,62,104,79,21,48,121,49,47,9,93"/><U57/><E71/><V85/><F0/><W80/><G109/><T61/><D119/><U73/><E91/><V116/><F116/><W122/><G104/><T6/><D6/><U20/><E57/><V37/><F14/><W13/><G62/><T130/><D130/><U129/><E20/><V19/><F7/><W58/><G21/><T117/><D117/><U15/><E15/><V60/><F98/><W36/><G36/><T88/><D35/><U11/><E11/><V135/><F85/><W133/><G133/><T63/><D18/><U30/><E129/><V53/><F135/><W84/><G93/><T106/><D106/><U66/><E66/><V128/><F128/><W44/><G58/><T65/><D74/><U1/><E1/><V108/><F108/><W51/><G51/><T127/><D127/><U96/><E76/><V40/><F125/><W8/><G8/><T56/><REACH who="0" step="1"/><D45/><REACH who="0" ten="163,258,421,148" step="2"/><U126/><E126/><V38/><F46/><W100/><G100/><T78/><D78/><U131/><E131/><V77/><F19/><W12/><G12/><T28/><D28/><U124/><E124/><V94/><F77/><W92/><G92/><T41/><D41/><U2/><E2/><V67/><F40/><W118/><G118/><T95/><D95/><U3/><E3/><V110/><F94/><W107/><G107/><T54/><D54/><U43/><E43/><V68/><F55/><W25/><G44/><T16/><D16/><U75/><E34/><V120/><F110/><W17/><G42/><T82/><AGARI ba="0,1" hai="52,56,61,63,65,70,81,82,88,89,90,99,103,105" machi="82" ten="30,7900,0" yaku="1,1,0,1,54,2,53,0" doraHai="111" doraHaiUra="31" who="0" fromWho="0" sc="163,89,258,-39,421,-20,148,-20" /><INIT seed="6,0,0,2,3,86" ten="252,219,401,128" oya="2" hai0="108,15,64,92,41,37,35,107,104,23,103,76,50" hai1="116,90,16,7,125,0,53,29,63,135,51,65,134" hai2="123,21,95,36,75,111,31,59,27,78,117,33,3" hai3="119,19,115,14,17,61,49,70,45,66,67,43,6"/><V1/><F95/><W133/><G119/><T8/><D35/><U80/><E116/><V47/><F59/><W129/><G129/><T118/><D37/><U79/><E125/><V85/><F85/><W22/><G133/><N who="1" m="50698" /><E29/><V52/><F21/><W30/><G115/><T98/><D108/><U84/><E79/><V132/><F52/><W4/><G30/><T28/><D118/><U72/><E72/><V91/><F75/><W128/><G128/><T46/><D64/><U54/><E51/><V130/><F78/><W11/><REACH who="3" step="1"/><G67/><REACH who="3" ten="252,219,401,118" step="2"/><T100/><D28/><U120/><E120/><V39/><F31/><W109/><G109/><T113/><D113/><U48/><E48/><V122/><F130/><W74/><G74/><T102/><D50/><U99/><E65/><V58/><F117/><W25/><AGARI ba="0,1" hai="4,6,11,14,17,19,22,25,43,45,49,61,66,70" machi="25" ten="20,5200,0" yaku="1,1,0,1,7,1,53,1" doraHai="86" doraHaiUra="44" who="3" fromWho="3" sc="252,-13,219,-13,401,-26,118,62" /><INIT seed="7,0,0,3,0,24" ten="239,206,375,180" oya="3" hai0="133,86,117,38,77,79,0,109,9,52,7,105,50" hai1="106,78,123,83,57,85,114,89,70,17,87,55,82" hai2="104,54,19,66,97,71,135,108,45,23,130,12,18" hai3="27,59,30,126,68,125,20,127,21,56,31,32,4"/><W72/><G68/><T36/><D109/><U35/><E114/><V34/><F34/><N who="3" m="20831" /><G72/><T93/><D105/><U13/><E123/><V15/><F108/><W10/><G59/><T115/><D115/><U22/><E70/><V41/><F54/><W65/><G56/><T53/><D117/><U100/><E35/><V74/><F74/><W118/><G65/><T2/><D2/><U42/><E42/><V67/><F97/><W91/><G91/><T26/><D26/><U48/><E106/><V88/><F88/><W131/><G118/><T46/><D77/><U90/><E100/><V99/><F99/><W47/><G47/><T111/><D111/><U80/><REACH who="1" step="1"/><E78/><REACH who="1" ten="239,196,375,180" step="2"/><V101/><F71/><W110/><G110/><T1/><D79/><U44/><E44/><V3/><F45/><W60/><G131/><T33/><D46/><U43/><E43/><V49/><F41/><W63/><G32/><T75/><D33/><U121/><E121/><V128/><F104/><W129/><G129/><T39/><D38/><U29/><E29/><V5/><F128/><W134/><G134/><T98/><D133/><U16/><E16/><V40/><F135/><W14/><G31/><T124/><D39/><U95/><AGARI ba="0,1" hai="13,17,22,48,55,57,80,82,83,85,87,89,90,95" machi="95" ten="20,12000,2" yaku="1,1,0,1,7,1,25,2,8,1,53,0" doraHai="24" doraHaiUra="64" who="1" fromWho="1" sc="239,-30,196,130,375,-30,180,-60" owari="209,-19.0,326,13.0,345,44.0,120,-38.0" /></mjloggm>