<mjloggm ver="2.3"><GO type="225" lobby="0"/><UN n0="%69%70%73%E6%88%A6%E5%A3%AB" n1="%E7%AD%89%E3%80%85%E5%8A%9B%E5%8A%87%E5%A0%B4" n2="%E8%A8%88%E7%AE%97%E6%A9%9F%E8%87%AA%E7%84%B6" n3="%E3%83%B4%E3%83%A0%EF%BC%99%E3%81%A6" dan="16,16,18,17" rate="2116.41,2076.96,2231.47,2144.23" sx="M,M,M,M"/><TAIKYOKU oya="0"/><INIT seed="0,0,0,2,3,42" ten="250,250,250,250" oya="0" hai0="16,11,48,103,82,131,56,96,1,87,111,41,113" hai1="112,59,135,33,132,102,2,126,75,104,10,71,69" hai2="74,127,9,8,130,128,31,46,94,93,79,109,68" hai3="121,50,125,89,35,28,5,39,57,105,47,61,4"/><T70/><D113/><U21/><E21/><V81/><F68/><W114/><G114/><T98/><D70/><U37/><E59/><V67/><F67/><W45/><G105/><T63/><D131/><N who="2" m="50218" /><F109/><W91/><G125/><T13/><D111/><U6/><E10/><N who="2" m="4203" /><F127/><W85/><G121/><T26/><D1/><U120/><E102/><V88/><F31/><W25/><G39/><T116/><D116/><U30/><E30/><V123/><F123/><W73/><G73/><T17/><D48/><U76/><E76/><V106/><F106/><W3/><G3/><T18/><D41/><U55/><E55/><V115/><F115/><W12/><G12/><T86/><D86/><U14/><E14/><V72/><F72/><W52/><G47/><T32/><D32/><U22/><E22/><V95/><F46/><W108/><G108/><T92/><D98/><AGARI ba="0,0" hai="74,79,81,88,93,94,95,98" m="4203,50218" machi="98" ten="30,2000,0" yaku="19,1,54,1" doraHai="42" who="2" fromWho="0" sc="250,-20,250,0,250,20,250,0" /><INIT seed="1,0,0,0,2,122" ten="230,250,270,250" oya="1" hai0="70,85,62,2,79,38,128,5,75,82,108,26,132" hai1="54,12,59,104,65,7,51,63,67,126,1,61,25" hai2="97,87,105,42,91,72,49,3,13,48,117,52,107" hai3="88,27,77,94,56,133,11,80,127,55,120,32,64"/><U119/><E119/><V4/><F72/><W18/><G120/><T98/><D132/><U115/><E115/><V90/><F3/><W6/><G133/><T22/><D128/><U9/><E104/><V125/><F117/><W10/><G127/><T76/><D98/><U40/><E126/><V45/><F125/><W114/><G64/><T78/><D38/><U44/><E1/><V28/><F28/><W89/><G114/><T0/><D75/><U19/><E63/><V112/><F112/><W109/><G109/><T130/><D130/><U110/><E110/><V95/><F13/><W33/><G18/><T35/><D35/><U41/><E40/><V93/><REACH who="2" step="1"/><F4/><REACH who="2" ten="230,250,260,250" step="2"/><W84/><G6/><T106/><D0/><U68/><E68/><V20/><F20/><AGARI ba="0,1" hai="7,9,12,19,20,25,41,44,51,54,59,61,65,67" machi="20" ten="40,2000,0" yaku="8,1" doraHai="122" who="1" fromWho="2" sc="230,0,250,30,260,-20,250,0" /><INIT seed="1,1,0,0,5,119" ten="230,280,240,250" oya="1" hai0="65,70,47,32,80,62,87,95,128,23,121,125,132" hai1="35,69,49,111,48,44,103,42,88,127,31,122,100" hai2="10,85,24,30,16,39,105,99,129,20,114,51,21" hai3="25,126,50,71,36,92,60,40,86,29,83,37,56"/><U4/><E69/><V18/><F39/><W81/><G126/><T77/><D32/><U57/><E127/><V41/><F129/><W5/><G5/><T46/><D125/><U26/><E111/><V19/><F114/><W67/><G92/><T90/><D128/><U76/><E122/><V7/><F105/><W120/><G120/><T73/><D132/><U96/><E76/><V104/><F104/><W112/><G112/><T13/><REACH who="0" step="1"/><D121/><REACH who="0" ten="220,280,240,250" step="2"/><U64/><E4/><V118/><F118/><W135/><G135/><T75/><D75/><U53/><E64/><V55/><F99/><W89/><G67/><T108/><D108/><U58/><E58/><V68/><F68/><W130/><G71/><T107/><D107/><U94/><AGARI ba="1,1" hai="26,31,35,42,44,48,49,53,57,88,94,96,100,103" machi="94" ten="30,3000,0" yaku="0,1,54,1" doraHai="119" who="1" fromWho="1" sc="220,-11,280,43,240,-11,250,-11" /><INIT seed="1,2,0,3,4,80" ten="209,323,229,239" oya="1" hai0="93,12,18,4,112,105,29,96,83,15,66,50,54" hai1="127,69,38,24,45,34,76,14,109,122,61,13,77" hai2="71,1,92,10,70,119,31,104,111,37,113,118,19" hai3="26,27,99,121,123,59,126,120,40,2,97,89,55"/><U81/><E122/><V42/><F104/><W78/><G2/><T30/><D112/><U60/><E127/><V132/><F113/><W36/><G126/><T51/><D105/><U108/><E77/><V8/><F111/><N who="1" m="42569" /><E69/><V85/><F132/><W116/><G116/><T46/><D66/><U86/><E34/><V98/><F31/><W114/><G114/><T72/><D4/><U0/><E0/><V63/><F42/><W16/><G78/><T100/><D72/><U94/><E24/><V103/><F37/><W68/><G68/><T125/><D125/><U56/><E94/><V133/><F133/><W134/><G134/><T44/><D83/><U41/><E61/><V73/><F73/><W48/><G26/><T67/><D67/><AGARI ba="2,0" hai="13,14,38,41,45,56,60,67,76,81,86" m="42569" machi="67" ten="30,5800,0" yaku="14,1,10,1,52,1" doraHai="80" who="1" fromWho="0" sc="209,-64,323,64,229,0,239,0" /><INIT seed="1,3,0,5,3,7" ten="145,387,229,239" oya="1" hai0="133,31,13,53,34,124,20,49,99,21,123,130,112" hai1="58,90,41,116,122,16,81,6,43,50,113,114,72" hai2="29,18,22,111,125,36,30,83,119,63,93,107,98" hai3="0,33,110,4,95,5,89,12,39,23,45,79,3"/><U120/><E116/><V87/><F119/><W25/><G79/><T62/><D112/><U84/><E72/><V104/><F36/><W117/><G117/><T102/><D124/><U75/><E75/><V15/><F125/><W11/><G110/><T121/><D130/><U17/><E6/><V60/><F107/><W82/><G82/><T44/><D133/><U61/><E120/><V67/><F104/><W2/><G33/><T97/><D34/><U14/><E122/><V77/><F111/><W37/><G4/><T1/><D1/><U108/><E108/><V71/><REACH who="2" step="1"/><F63/><REACH who="2" ten="145,387,219,239" step="2"/><W38/><G38/><T69/><D123/><U118/><E118/><V42/><F42/><W76/><G76/><T54/><D121/><U10/><E114/><V131/><F131/><W135/><G135/><T27/><D102/><AGARI ba="3,1" hai="15,18,22,29,30,60,67,71,77,83,87,93,98,102" machi="102" ten="30,3900,0" yaku="1,1,7,1,53,1" doraHai="7" doraHaiUra="64" who="2" fromWho="0" sc="145,-48,387,0,219,58,239,0" /><INIT seed="2,0,0,0,1,8" ten="97,387,277,239" oya="2" hai0="120,88,93,17,47,1,12,122,75,124,69,92,10" hai1="51,28,44,19,134,9,32,105,13,24,21,29,59" hai2="110,89,87,104,45,18,129,22,41,84,132,38,97" hai3="48,81,100,127,23,83,66,55,40,115,111,109,20"/><V37/><F129/><W101/><G40/><T73/><D124/><U52/><E105/><V103/><F132/><W86/><G66/><T0/><D69/><U99/><E134/><V46/><F110/><N who="3" m="41995" /><G115/><T121/><D47/><U64/><E32/><V26/><F89/><N who="3" m="51407" /><G83/><T135/><D135/><U117/><E117/><V27/><F27/><W54/><G54/><T133/><D133/><U130/><E130/><V78/><F78/><W106/><G127/><T53/><D53/><U113/><E113/><V82/><F82/><W30/><G30/><T33/><D33/><U39/><E39/><V118/><F118/><W31/><G31/><T57/><D57/><U108/><E108/><V94/><F104/><W61/><G61/><T76/><D93/><U112/><E112/><V62/><F62/><W119/><G119/><T102/><D102/><N who="3" m="39529" /><G106/><T34/><D34/><U42/><E64/><V123/><F123/><W98/><G98/><T16/><D76/><U2/><E99/><V60/><F60/><W43/><G43/><AGARI ba="0,0" hai="18,22,26,37,38,41,43,45,46,84,87,94,97,103" machi="43" ten="40,2000,0" yaku="9,1" doraHai="8" who="2" fromWho="3" sc="97,0,387,0,277,20,239,-20" /><INIT seed="2,1,0,0,0,7" ten="97,387,297,219" oya="2" hai0="68,106,25,125,44,64,9,95,5,118,51,48,49" hai1="36,110,13,8,128,91,14,108,52,127,55,71,43" hai2="102,19,109,11,37,84,23,30,39,113,107,18,62" hai3="101,45,87,122,131,114,57,100,90,104,134,79,103"/><V96/><F113/><W40/><G57/><T115/><D106/><U97/><E71/><V2/><F109/><N who="1" m="42089" /><E128/><V121/><F121/><W0/><G0/><T75/><D115/><U124/><E14/><V93/><F30/><W60/><G60/><T63/><D125/><N who="1" m="48203" /><E43/><V112/><F112/><W54/><G54/><N who="1" m="20522" /><E36/><V28/><F2/><W89/><G40/><T88/><D118/><U20/><E20/><V82/><F39/><W32/><G131/><T58/><D25/><U21/><E21/><V56/><F37/><W41/><G41/><T74/><D68/><U46/><E46/><V76/><F107/><W3/><G45/><T105/><D105/><U65/><E65/><N who="2" m="39111" /><F11/><W66/><G104/><T53/><D49/><U59/><E59/><V31/><F18/><W129/><G129/><T85/><REACH who="0" step="1"/><D48/><REACH who="0" ten="87,387,297,219" step="2"/><U94/><E13/><AGARI ba="1,1" hai="13,19,23,28,31,76,82,84,93,96,102" m="39111" machi="13" ten="30,1500,0" yaku="8,1" doraHai="7" who="2" fromWho="1" sc="87,0,387,-18,297,28,219,0" /><AGARI ba="1,0" hai="5,9,13,44,51,53,58,63,64,74,75,85,88,95" machi="13" ten="30,12000,2" yaku="1,1,2,1,7,1,52,1,54,1,53,1" doraHai="7" doraHaiUra="1" who="0" fromWho="1" sc="87,120,369,-120,325,0,219,0" /><INIT seed="2,2,0,4,3,97" ten="207,249,325,219" oya="2" hai0="118,9,44,86,45,48,33,46,91,39,5,12,115" hai1="96,125,121,42,54,24,66,134,11,88,73,78,28" hai2="72,16,51,112,70,111,34,110,126,133,65,61,32" hai3="15,74,57,14,129,102,1,119,19,63,0,41,116"/><V30/><F112/><W85/><G74/><T131/><D115/><U95/><E134/><V58/><F72/><W123/><G123/><T100/><D39/><U79/><E125/><V36/><F36/><W4/><G129/><T89/><D131/><U18/><E121/><V25/><F133/><W90/><G41/><T105/><D33/><U20/><E73/><V52/><F126/><W68/><G68/><T83/><D118/><U50/><E42/><V113/><F113/><W135/><G135/><T29/><D29/><U132/><E66/><V76/><F76/><W56/><G4/><T10/><D10/><U109/><E109/><N who="2" m="41483" /><F30/><W98/><G116/><T87/><D105/><U128/><E128/><V94/><F94/><W62/><G1/><T13/><D100/><U7/><E28/><V55/><F55/><W59/><G0/><T23/><D48/><U31/><E31/><V80/><F80/><W60/><G119/><T81/><REACH who="0" step="1"/><D23/><AGARI ba="2,0" hai="16,23,25,32,34,51,52,58,61,65,70" m="41483" machi="23" ten="30,11600,0" yaku="14,1,10,1,54,2" doraHai="97" who="2" fromWho="0" sc="207,-122,249,0,325,122,219,0" /><INIT seed="2,3,0,2,0,8" ten="85,249,447,219" oya="2" hai0="6,134,4,16,131,41,130,2,17,120,37,81,65" hai1="33,34,83,92,48,87,22,121,117,95,107,56,43" hai2="25,85,113,67,13,100,101,72,132,77,96,80,35" hai3="90,86,0,98,18,116,109,44,52,123,76,61,24"/><V26/><F113/><W94/><G116/><T46/><D120/><U102/><E117/><V27/><F132/><W1/><G123/><T126/><D65/><U19/><E121/><V57/><F35/><W36/><G109/><T50/><D134/><U71/><E71/><V62/><F72/><W112/><G112/><T84/><D126/><U54/><E107/><V53/><F96/><W30/><G36/><T103/><D103/><U89/><E43/><V75/><F75/><W63/><G18/><T128/><D37/><U133/><E133/><V3/><F3/><W40/><G40/><T129/><N who="0" m="32768" /><DORA hai="108" /><T91/><D2/><U111/><E111/><V78/><F78/><W47/><G1/><T68/><D68/><U51/><E51/><V88/><F77/><W104/><G0/><T135/><REACH who="0" step="1"/><D135/><REACH who="0" ten="75,249,447,219" step="2"/><U73/><E102/><V49/><REACH who="2" step="1"/><F13/><REACH who="2" ten="75,249,437,219" step="2"/><W114/><G114/><T118/><D118/><U125/><E125/><V20/><F20/><W38/><G104/><T28/><D28/><U69/><E33/><V110/><F110/><W106/><G106/><T74/><D74/><U99/><E34/><V9/><F9/><W7/><G30/><T29/><D29/><U64/><E73/><V31/><F31/><W82/><G24/><T59/><D59/><AGARI ba="3,2" hai="25,26,27,49,53,57,59,62,67,80,85,88,100,101" machi="59" ten="40,7700,0" yaku="1,1,8,1,54,1,53,0" doraHai="8,108" doraHaiUra="14,124" who="2" fromWho="0" sc="75,-86,249,0,437,106,219,0" owari="-11,-51.0,249,5.0,543,64.0,219,-18.0" /></mjloggm>