<mjloggm ver="2.3"><GO type="185" lobby="0"/><UN n0="%E7%A7%8B%E7%94%B0%E3%81%AE%E3%81%B2%E3%82%88%E3%81%93" n1="%28%C2%B4%E3%81%B8%CE%B5%E3%81%B8%60%29" n2="%69%6B%65%74%6F%6D%6F" n3="" dan="16,20,16,0" rate="2263.86,2253.03,2147.77,1500.00" sx="F,M,M,C"/><TAIKYOKU oya="0"/><INIT seed="0,0,0,3,1,118" ten="350,350,350,0" oya="0" hai0="56,80,3,87,131,101,86,34,69,41,133,107,40" hai1="60,76,100,61,59,73,99,2,45,123,92,106,63" hai2="75,114,81,94,65,113,68,127,89,103,64,125,124" hai3=""/><T134/><D3/><U111/><N who="1" m="31520" /><U1/><E111/><V66/><F103/><T104/><D34/><U112/><E112/><V57/><F68/><T108/><D69/><U84/><E59/><V109/><F109/><T33/><D33/><U35/><E35/><V74/><F57/><T82/><D108/><U0/><E45/><V95/><F81/><T130/><D56/><U121/><N who="1" m="31008" /><U46/><E46/><V117/><F117/><T43/><D41/><U72/><REACH who="1" step="1"/><E76/><REACH who="1" ten="350,340,350,0" step="2"/><V78/><F78/><T91/><D91/><AGARI ba="0,1" hai="0,1,2,60,61,63,72,73,84,91,92,99,100,106" m="31008,31520" machi="91" ten="50,12000,2" yaku="1,1,2,1,52,4,53,1" doraHai="118" doraHaiUra="96" who="1" fromWho="0" sc="350,-120,340,130,350,0,0,0" /><INIT seed="1,0,0,3,5,72" ten="230,470,350,0" oya="1" hai0="109,2,124,118,101,130,64,35,45,78,71,100,107" hai1="135,82,111,48,73,33,74,103,3,40,43,57,106" hai2="70,88,85,102,34,61,92,114,122,32,47,98,36" hai3=""/><U128/><E33/><V131/><N who="2" m="31264" /><V112/><F131/><T38/><D64/><U89/><E3/><V37/><F32/><T41/><D101/><U66/><E128/><V77/><F34/><T53/><D53/><U75/><E135/><V121/><N who="2" m="31008" /><V39/><F77/><T91/><D91/><U86/><E111/><V129/><F129/><T95/><D95/><U76/><E89/><V123/><N who="2" m="31520" /><V134/><F134/><T117/><D130/><U110/><E110/><V60/><F47/><T87/><D109/><U56/><E56/><V62/><REACH who="2" step="1"/><F70/><REACH who="2" ten="230,470,340,0" step="2"/><T68/><D35/><U80/><E80/><AGARI ba="0,1" hai="36,37,39,60,61,62,80,85,88,92,98,102,112,114" m="31520,31008,31264" machi="80" ten="50,12000,2" yaku="1,1,2,1,52,3,54,1,53,0" doraHai="72" doraHaiUra="65" who="2" fromWho="1" sc="230,0,470,-120,340,130,0,0" /><INIT seed="2,0,0,2,4,43" ten="230,350,470,0" oya="2" hai0="113,34,48,39,96,104,58,47,102,37,122,94,45" hai1="101,109,91,89,92,44,55,76,86,70,49,106,69" hai2="129,126,83,88,119,75,3,60,35,80,118,72,124" hai3=""/><V130/><F35/><T71/><N who="0" m="31264" /><T127/><D34/><U73/><E109/><V123/><N who="2" m="31520" /><V133/><F60/><T50/><D71/><U61/><E91/><V93/><F3/><T135/><D127/><N who="2" m="48682" /><F133/><T98/><D135/><U105/><E61/><V59/><F59/><T68/><D68/><U64/><E64/><V1/><F1/><T82/><D58/><U62/><E62/><V40/><F40/><T131/><D131/><N who="2" m="50186" /><F80/><T33/><D82/><U134/><E134/><V52/><F52/><T46/><D33/><U85/><E70/><V63/><F63/><T42/><D113/><U103/><E69/><V115/><F115/><T0/><D0/><U41/><E41/><V107/><F107/><T51/><REACH who="0" step="1"/><D42/><REACH who="0" ten="220,350,470,0" step="2"/><U95/><E55/><V116/><F83/><T108/><D108/><U125/><E125/><V84/><AGARI ba="0,1" hai="72,75,84,88,93,116,118,119" m="50186,48682,31520" machi="84" ten="40,12000,2" yaku="18,1,19,1,34,2,52,1,54,1" doraHai="43" who="2" fromWho="2" sc="220,-60,350,-60,470,130,0,0" /><INIT seed="2,1,0,1,4,56" ten="160,290,600,0" oya="2" hai0="120,46,104,35,54,52,135,51,43,115,66,44,118" hai1="76,33,81,69,130,113,1,117,67,125,108,62,114" hai2="70,131,100,87,111,68,134,48,106,0,127,110,42" hai3=""/><V123/><N who="2" m="31520" /><V112/><F0/><T88/><N who="0" m="30752" /><T101/><D118/><U80/><E1/><V103/><F112/><T99/><D35/><U107/><E33/><V38/><F38/><T119/><D119/><U34/><E34/><V64/><F134/><T133/><D115/><U57/><E117/><V116/><F116/><T77/><D77/><U37/><E107/><V72/><F72/><T65/><D54/><U126/><E37/><V105/><F131/><T40/><D40/><U121/><N who="1" m="31008" /><U109/><E130/><V32/><F32/><T95/><D135/><U102/><E102/><V128/><F128/><T58/><D46/><U75/><E80/><V45/><F127/><N who="1" m="48649" /><E69/><V82/><F68/><T39/><REACH who="0" step="1"/><D133/><REACH who="0" ten="150,290,600,0" step="2"/><U3/><E3/><V98/><F106/><T85/><AGARI ba="1,1" hai="39,43,44,51,52,58,65,66,85,88,95,99,101,104" m="30752" machi="85" ten="20,12000,3" yaku="1,1,2,1,0,1,7,1,52,1,54,2,53,1" doraHai="56" doraHaiUra="71" who="0" fromWho="0" sc="150,132,290,-41,600,-81,0,0" /><INIT seed="4,0,0,4,2,63" ten="282,249,519,0" oya="0" hai0="114,50,52,75,128,40,110,105,107,0,84,59,66" hai1="57,85,76,82,65,121,89,100,98,130,101,33,62" hai2="77,133,54,103,51,120,97,131,125,55,45,81,104" hai3=""/><T135/><D0/><U67/><N who="1" m="31008" /><U91/><E33/><V72/><N who="2" m="30752" /><V70/><F133/><T53/><D75/><U36/><E36/><V127/><F131/><T122/><N who="0" m="31264" /><T96/><D135/><U132/><E132/><V106/><F70/><T86/><D128/><U64/><E130/><V134/><F134/><T112/><D110/><U102/><E98/><V94/><REACH who="2" step="1"/><F55/><AGARI ba="0,0" hai="55,57,62,64,65,67,76,82,85,89,91,100,101,102" m="31008" machi="55" ten="40,8000,1" yaku="8,1,52,4" doraHai="63" who="1" fromWho="2" sc="282,0,249,80,519,-80,0,0" /><INIT seed="5,0,0,4,1,106" ten="282,329,439,0" oya="1" hai0="114,44,52,56,87,116,66,94,1,109,92,135,128" hai1="36,115,133,62,35,59,99,61,97,40,48,70,38" hai2="77,37,91,58,113,90,75,104,110,63,42,124,49" hai3=""/><U118/><E35/><V65/><F110/><T121/><N who="0" m="31008" /><T100/><D109/><U132/><E99/><V108/><F108/><T74/><D74/><U130/><E97/><V67/><F37/><N who="1" m="14441" /><E118/><V2/><F2/><T98/><D1/><U117/><E117/><V80/><F124/><T54/><D116/><U126/><E126/><V76/><F104/><T93/><D114/><U131/><E70/><V81/><F67/><T0/><D0/><U120/><N who="1" m="30752" /><U105/><E105/><V103/><F103/><T32/><D66/><U123/><N who="1" m="31520" /><U33/><E33/><V129/><F113/><T89/><D32/><U119/><E119/><V53/><F42/><T84/><D84/><U64/><E62/><V34/><F129/><N who="1" m="49161" /><E115/><V78/><F34/><T79/><D128/><U88/><E88/><V68/><F77/><T41/><D79/><U125/><E125/><V102/><F102/><T51/><D94/><U73/><E73/><AGARI ba="0,0" hai="49,53,58,63,65,68,73,75,76,78,80,81,90,91" machi="73" ten="30,7700,0" yaku="7,1,9,1,52,2" doraHai="106" who="2" fromWho="1" sc="282,0,329,-77,439,77,0,0" /><INIT seed="6,0,0,5,1,77" ten="282,252,516,0" oya="2" hai0="133,130,81,52,99,61,90,64,32,103,111,110,124" hai1="38,47,107,67,66,51,112,65,100,37,83,101,98" hai2="68,91,89,55,39,50,72,129,86,56,125,94,119" hai3=""/><V132/><F119/><T40/><D32/><U116/><E112/><V43/><F72/><T54/><D133/><U88/><E116/><V82/><F132/><T62/><D130/><U70/><E70/><V46/><F129/><T2/><D2/><U42/><E101/><V76/><F68/><T34/><D34/><U131/><E131/><V97/><REACH who="2" step="1"/><F125/><REACH who="2" ten="282,252,506,0" step="2"/><T45/><D124/><U123/><N who="1" m="31520" /><U69/><REACH who="1" step="1"/><E69/><REACH who="1" ten="282,242,506,0" step="2"/><V71/><F71/><T1/><D111/><U53/><E53/><V114/><F114/><T79/><D110/><U95/><E95/><V74/><F74/><T117/><D117/><U60/><E60/><V102/><AGARI ba="0,2" hai="39,43,46,50,55,56,76,82,86,89,91,94,97,102" machi="102" ten="20,12000,2" yaku="1,1,0,1,7,1,52,1,53,2" doraHai="77" doraHaiUra="87" who="2" fromWho="2" sc="282,-60,242,-60,506,140,0,0" owari="222,-18.0,182,-42.0,646,60.0,0,0.0" /></mjloggm>