<mjloggm ver="2.3"><GO type="185" lobby="0"/><UN n0="%4E%45%47%49%54%53" n1="%52%35" n2="%4B%65%6E%74%4B%65%6E%74" n3="" dan="18,16,17,0" rate="2305.95,2172.87,2267.07,1500.00" sx="F,M,F,C"/><TAIKYOKU oya="0"/><INIT seed="0,0,0,5,2,74" ten="350,350,350,0" oya="0" hai0="127,119,59,61,131,100,94,126,53,75,56,134,129" hai1="58,86,120,121,118,108,39,96,102,54,34,45,63" hai2="123,111,99,42,43,72,104,117,85,103,133,122,101" hai3=""/><T93/><D75/><U95/><N who="1" m="30752" /><U98/><N who="1" m="31008" /><U97/><E118/><V3/><N who="2" m="31264" /><V80/><N who="2" m="31520" /><V88/><F3/><T79/><D119/><U48/><E34/><V114/><F117/><T76/><D134/><U112/><E108/><V73/><F114/><T46/><D46/><U113/><E39/><V38/><F111/><T0/><D0/><U77/><E113/><V132/><F38/><T36/><D36/><U135/><E135/><N who="2" m="51787" /><F103/><T70/><D70/><U35/><E35/><V125/><F125/><N who="0" m="47626" /><D56/><U115/><E115/><V37/><F43/><T49/><D61/><U1/><E1/><V2/><F2/><T64/><D64/><U128/><E112/><V33/><F33/><T82/><D82/><U83/><E128/><N who="0" m="49225" /><D94/><U68/><E68/><V51/><F37/><T78/><D93/><U69/><E69/><V55/><F42/><AGARI ba="0,0" hai="42,45,48,54,58,63,77,83,86,95,96,97,98,102" m="31008,30752" machi="42" ten="30,8000,1" yaku="7,1,8,1,52,3" doraHai="74" who="1" fromWho="2" sc="350,0,350,80,350,-80,0,0" /><INIT seed="1,0,0,3,0,41" ten="350,430,270,0" oya="1" hai0="83,93,122,48,100,40,125,121,86,55,85,56,133" hai1="114,34,2,106,43,116,131,42,61,84,80,97,1" hai2="60,78,54,44,128,108,102,91,49,57,72,66,62" hai3=""/><U53/><E114/><V33/><F33/><T117/><N who="0" m="31008" /><T96/><N who="0" m="31264" /><T109/><D133/><U98/><E116/><V36/><F128/><T3/><D3/><U63/><E131/><V81/><F108/><T74/><D109/><U47/><E53/><V103/><F36/><T50/><D125/><U75/><E75/><V127/><F127/><T120/><N who="0" m="30752" /><T107/><D117/><U52/><E34/><V115/><F115/><T38/><D38/><U134/><E134/><V99/><F99/><T124/><D124/><U132/><E132/><V101/><F91/><T82/><D74/><U69/><E52/><V68/><REACH who="2" step="1"/><F103/><REACH who="2" ten="350,430,260,0" step="2"/><T0/><D0/><U39/><E97/><V111/><F111/><T58/><D58/><U79/><E98/><V92/><F92/><T123/><N who="0" m="31520" /><T70/><D70/><U77/><E69/><V46/><F46/><T130/><D130/><U104/><E47/><V89/><F89/><T110/><D110/><U65/><E39/><V73/><F73/><T32/><D32/><U112/><E112/><V105/><F105/><T90/><REACH who="0" step="1"/><D86/><REACH who="0" ten="340,430,260,0" step="2"/><U94/><E84/><V113/><F113/><T119/><D119/><U135/><E135/><V67/><AGARI ba="0,2" hai="44,49,54,57,60,62,66,67,68,72,78,81,101,102" machi="67" ten="20,3900,0" yaku="1,1,0,1,7,1,52,1,53,0" doraHai="41" doraHaiUra="71" who="2" fromWho="2" sc="340,-13,430,-26,260,59,0,0" /><INIT seed="2,0,0,5,5,56" ten="327,404,319,0" oya="2" hai0="129,63,106,88,54,57,33,97,118,47,90,100,131" hai1="81,73,84,39,78,82,70,42,86,46,98,44,77" hai2="85,52,119,108,123,1,92,103,35,66,99,38,107" hai3=""/><V67/><N who="2" m="31520" /><V93/><F1/><T69/><D33/><U45/><E70/><V117/><F35/><T72/><D118/><U110/><E110/><V50/><F38/><T64/><D72/><U49/><E39/><V95/><F108/><T126/><D47/><U121/><N who="1" m="31008" /><U34/><E34/><V68/><F85/><T89/><REACH who="0" step="1"/><D126/><REACH who="0" ten="317,404,319,0" step="2"/><U80/><REACH who="1" step="1"/><E98/><REACH who="1" ten="317,394,319,0" step="2"/><V32/><F32/><T83/><D83/><U96/><E96/><V59/><REACH who="2" step="1"/><F68/><REACH who="2" ten="317,394,309,0" step="2"/><T41/><D41/><U134/><E134/><V124/><F124/><T0/><D0/><U36/><E36/><V132/><F132/><T112/><D112/><U128/><E128/><V115/><F115/><T116/><D116/><AGARI ba="0,3" hai="50,52,59,66,67,92,93,95,99,103,107,116,117,119" m="31520" machi="116" ten="40,7700,0" yaku="1,1,52,1,54,1,53,0" doraHai="56" doraHaiUra="109" who="2" fromWho="0" sc="317,-77,394,0,309,107,0,0" /><INIT seed="2,1,0,2,5,97" ten="240,394,416,0" oya="2" hai0="110,81,80,47,49,65,103,119,38,88,102,135,52" hai1="58,63,32,45,42,112,66,115,64,105,134,87,69" hai2="98,67,79,94,53,111,83,99,108,123,121,56,117" hai3=""/><V70/><N who="2" m="31008" /><V35/><N who="2" m="31520" /><V1/><F35/><T114/><D119/><U33/><E134/><V132/><F1/><T122/><N who="0" m="31264" /><T90/><D38/><U51/><E105/><V76/><F132/><T104/><D135/><U3/><E3/><V73/><F117/><T46/><D110/><N who="2" m="42026" /><F79/><T54/><D114/><U75/><E75/><V72/><F72/><T57/><D65/><U61/><E33/><V109/><N who="2" m="42034" /><V133/><DORA hai="113" /><F133/><T96/><D47/><U86/><E32/><V95/><F67/><T130/><D130/><U37/><E87/><V116/><F70/><T92/><D103/><U127/><E127/><V91/><F116/><T93/><D104/><U78/><E78/><V0/><F0/><T39/><D39/><U124/><E124/><V62/><F95/><T2/><D2/><U131/><E131/><V106/><F106/><T120/><N who="0" m="30752" /><T118/><D118/><U84/><E115/><V68/><F68/><T36/><D36/><U100/><E112/><V50/><F99/><T89/><D93/><U71/><E100/><V101/><F62/><AGARI ba="1,0" hai="46,49,52,54,57,62,80,81,88,89,90,92,96,102" m="30752,31264" machi="62" ten="40,12000,2" yaku="8,1,52,3,54,2" doraHai="97,113" who="0" fromWho="2" sc="240,122,394,0,416,-122,0,0" /><INIT seed="4,0,0,3,4,34" ten="362,394,294,0" oya="0" hai0="55,116,118,61,124,120,123,2,63,50,62,107,56" hai1="131,59,68,74,92,58,54,3,79,81,126,113,112" hai2="100,32,93,64,90,38,115,128,129,87,111,72,45" hai3=""/><T85/><N who="0" m="30752" /><T78/><N who="0" m="31520" /><T122/><N who="0" m="31264" /><T133/><D107/><U99/><E126/><V73/><F32/><T42/><D2/><U51/><E68/><V114/><F64/><T66/><D124/><U104/><E131/><N who="2" m="50251" /><F38/><T102/><D102/><U134/><E134/><V119/><F45/><T80/><D133/><U46/><E104/><V101/><F111/><T71/><REACH who="0" step="1"/><D42/><REACH who="0" ten="352,394,294,0" step="2"/><U44/><E3/><V70/><F119/><AGARI ba="0,1" hai="50,55,56,61,62,63,66,71,78,80,85,116,118,119" m="31264,31520,30752" machi="119" ten="40,18000,2" yaku="1,1,2,1,52,3,53,1" doraHai="34" doraHaiUra="60" who="0" fromWho="2" sc="352,190,394,0,294,-180,0,0" /><INIT seed="4,1,0,2,2,80" ten="542,394,114,0" oya="0" hai0="95,87,125,32,60,41,115,65,58,73,61,84,78" hai1="49,48,39,83,102,110,129,52,97,72,50,93,88" hai2="91,63,118,109,79,119,3,59,90,2,70,51,45" hai3=""/><T92/><D32/><U101/><E110/><V53/><F109/><T124/><D73/><U126/><E126/><N who="0" m="48745" /><D115/><U113/><E113/><V96/><F70/><T47/><D61/><U35/><E35/><V106/><F79/><T99/><D78/><U111/><E111/><V117/><F106/><T40/><D95/><U134/><E39/><V44/><F44/><T82/><D82/><U38/><E38/><V37/><F37/><T108/><D108/><U43/><E43/><N who="0" m="16457" /><D47/><U76/><E134/><V128/><F118/><T130/><D130/><U55/><REACH who="1" step="1"/><E129/><REACH who="1" ten="542,384,114,0" step="2"/><V71/><F128/><T64/><D64/><U114/><E114/><V36/><F119/><T33/><D33/><U116/><E116/><V0/><F117/><T105/><D105/><U89/><E89/><AGARI ba="1,1" hai="58,60,65,84,87,89,92,99" m="16457,48745" machi="89" ten="30,5800,0" yaku="18,1,52,2" doraHai="80" who="0" fromWho="1" sc="542,70,384,-60,114,0,0,0" /><INIT seed="4,2,0,0,5,70" ten="612,324,114,0" oya="0" hai0="130,36,37,71,62,67,35,94,97,45,84,61,125" hai1="118,52,134,103,87,39,1,80,90,59,42,86,50" hai2="40,51,85,109,104,47,53,77,120,33,75,135,105" hai3=""/><T132/><D35/><U117/><E1/><V95/><N who="2" m="30752" /><V124/><F109/><T112/><D125/><U93/><E134/><V78/><F33/><T111/><D132/><U74/><E74/><V102/><F135/><T126/><D126/><U65/><E65/><V66/><F124/><T83/><D130/><U56/><E56/><V98/><F66/><T73/><D73/><U63/><E63/><V69/><F69/><T55/><D111/><U48/><E48/><V133/><F133/><T49/><D112/><U100/><E100/><V127/><F127/><T2/><D62/><U89/><REACH who="1" step="1"/><E103/><REACH who="1" ten="612,314,114,0" step="2"/><V72/><F72/><T91/><D2/><U101/><E101/><AGARI ba="2,1" hai="36,37,45,49,55,61,67,71,83,84,91,94,97,101" machi="101" ten="30,5800,0" yaku="7,1,52,2" doraHai="70" who="0" fromWho="1" sc="612,72,314,-62,114,0,0,0" /><INIT seed="4,3,0,4,5,107" ten="684,252,114,0" oya="0" hai0="124,100,63,122,38,54,125,71,116,56,130,59,58" hai1="86,34,72,95,109,131,32,52,62,70,97,106,134" hai2="67,101,102,37,87,115,88,46,96,36,44,111,92" hai3=""/><T0/><N who="0" m="31264" /><T120/><N who="0" m="30752" /><T47/><D0/><U90/><E109/><V89/><F115/><T50/><D116/><U79/><E131/><V57/><F111/><T93/><D130/><U91/><E134/><V77/><F77/><T65/><D100/><U39/><E39/><V121/><N who="2" m="31008" /><V60/><F36/><T126/><D93/><U42/><E42/><AGARI ba="3,0" hai="38,42,47,50,54,56,58,59,63,65,71,124,125,126" m="30752,31264" machi="42" ten="40,24000,3" yaku="24,2,18,1,34,3,52,2" doraHai="107" who="0" fromWho="1" sc="684,246,252,-246,114,0,0,0" /><INIT seed="4,4,0,1,3,135" ten="930,6,114,0" oya="0" hai0="122,48,57,32,78,59,69,82,76,129,67,94,72" hai1="33,127,2,3,54,113,89,66,71,108,117,96,99" hai2="36,81,34,43,105,106,84,87,40,125,86,79,35" hai3=""/><T63/><N who="0" m="31264" /><T47/><D32/><U109/><E33/><N who="2" m="12299" /><F125/><T104/><D104/><N who="2" m="40042" /><F79/><T42/><D129/><U49/><E127/><V46/><F81/><T85/><REACH who="0" step="1"/><D76/><REACH who="0" ten="920,6,114,0" step="2"/><U123/><N who="1" m="31520" /><U98/><E117/><V93/><F93/><T83/><D83/><U101/><E108/><V1/><F1/><T70/><D70/><U44/><E109/><V37/><F46/><T80/><D80/><U38/><E2/><V132/><F132/><T45/><D45/><U92/><E3/><V130/><F130/><T114/><D114/><U74/><E113/><V103/><F103/><T97/><D97/><U65/><E71/><V110/><F110/><T119/><D119/><U88/><E101/><V128/><F128/><T51/><D51/><U55/><E89/><AGARI ba="4,1" hai="42,47,48,57,59,63,67,69,72,78,82,85,89,94" m="31264" machi="89" ten="40,7700,0" yaku="1,1,52,1,53,1" doraHai="135" doraHaiUra="41" who="0" fromWho="1" sc="920,95,6,-85,114,0,0,0" owari="1015,97.0,-79,-68.0,114,-29.0,0,0.0" /></mjloggm>