<mjloggm ver="2.3"><GO type="169" lobby="0"/><UN n0="%E3%83%8E%E3%82%AA%E3%83%81%E3%83%A3%E3%83%99%E3%82%B9" n1="%E3%82%B5%E3%83%95%E3%82%A9%E3%83%BC%E3%82%AF%E3%81%AE%E7%94%BA" n2="%E3%81%A7%E3%81%97%EF%BC%96" n3="%E9%81%8A%E8%B5%B0" dan="17,18,17,16" rate="2217.60,2258.29,2113.62,2123.79" sx="M,M,M,F"/><TAIKYOKU oya="0"/><INIT seed="0,0,0,0,4,46" ten="250,250,250,250" oya="0" hai0="62,20,84,5,29,56,51,95,57,111,54,86,55" hai1="28,32,135,13,35,109,118,12,71,41,73,11,120" hai2="64,72,38,16,123,27,112,4,58,77,113,2,44" hai3="116,131,36,0,81,93,101,87,31,18,79,119,82"/><T94/><D5/><U39/><E41/><V60/><F123/><W9/><G36/><T74/><D74/><U52/><E52/><V124/><F124/><W17/><G131/><T34/><D34/><U8/><E39/><V134/><F134/><W68/><G68/><T15/><D111/><U126/><E71/><V129/><F129/><W80/><G31/><T98/><D95/><U65/><E65/><V89/><F89/><W127/><G127/><T40/><D40/><U59/><E59/><V121/><F121/><W85/><G0/><T67/><D55/><U91/><E91/><V132/><F132/><W48/><G48/><T30/><D30/><U10/><E73/><V133/><F133/><W23/><G9/><T78/><D78/><U76/><E76/><V53/><F77/><W90/><G17/><T37/><D37/><U47/><E47/><V102/><F72/><W63/><G63/><T21/><D21/><U122/><E135/><V115/><F60/><W75/><G101/><N who="0" m="60631" /><D15/><U33/><E126/><V25/><F38/><W99/><G119/><T105/><D105/><U103/><E103/><V107/><F102/><N who="3" m="60783" /><G116/><T92/><D92/><U114/><E118/><V14/><F107/><W1/><G1/><T6/><D6/><U26/><E109/><V70/><F4/><W7/><G7/><T43/><D43/><U130/><E130/><V50/><F2/><W22/><G18/><T42/><D42/><U45/><E114/><V106/><F106/><W49/><G49/><T125/><D125/><U66/><E33/><V104/><F115/><W88/><AGARI ba="0,0" hai="22,23,75,79,80,81,82,85,87,88,90" m="60783" machi="88" ten="30,2000,0" yaku="5,1,54,1" doraHai="46" who="3" fromWho="3" sc="250,-10,250,-5,250,-5,250,20" /><INIT seed="1,0,0,0,3,68" ten="240,245,245,270" oya="1" hai0="108,18,82,62,7,19,130,135,99,33,44,128,89" hai1="71,110,2,10,43,22,92,26,15,38,29,113,74" hai2="57,9,50,129,23,55,81,133,80,111,49,5,104" hai3="83,96,79,25,109,32,117,14,121,65,75,106,131"/><U60/><E113/><V101/><F111/><W67/><G121/><T54/><D108/><U47/><E110/><V127/><F129/><W93/><G109/><T20/><D33/><U59/><E74/><V16/><F127/><W119/><G106/><T126/><D126/><U39/><E71/><V0/><F133/><W1/><G1/><T86/><D135/><U105/><E105/><V64/><F64/><W48/><G131/><N who="0" m="50219" /><D7/><U72/><E72/><V58/><F104/><W17/><G48/><N who="0" m="28935" /><D20/><U42/><E2/><V6/><F101/><W70/><G70/><T46/><D62/><U102/><E102/><V41/><F6/><W78/><G78/><T34/><D34/><U125/><E125/><V124/><F124/><W87/><G75/><T11/><D11/><U84/><E43/><V8/><F8/><N who="3" m="6343" /><G25/><T30/><D30/><U35/><E35/><V40/><F40/><W45/><G32/><T37/><D99/><U66/><E92/><V100/><F41/><AGARI ba="0,0" hai="18,19,37,41,46,82,86,89" m="28935,50219" machi="41" ten="30,2000,0" yaku="19,1,52,1" doraHai="68" who="0" fromWho="2" sc="240,20,245,0,245,-20,270,0" /><INIT seed="2,0,0,1,0,23" ten="260,245,225,270" oya="2" hai0="74,47,97,71,127,93,107,112,24,125,131,32,12" hai1="130,42,98,135,119,67,49,9,31,63,68,13,95" hai2="70,48,29,108,122,30,101,85,84,34,25,124,123" hai3="7,78,62,51,27,104,22,54,41,0,38,35,106"/><V46/><F124/><W83/><G35/><T102/><D112/><U79/><E119/><V69/><F101/><W4/><G62/><T33/><D71/><U81/><E135/><V20/><F108/><W90/><G90/><T89/><D74/><U60/><E130/><V113/><F113/><W114/><G114/><T58/><D131/><U76/><E63/><V56/><F56/><W52/><G41/><T21/><D12/><U132/><E132/><V5/><F5/><W111/><G38/><T86/><D47/><U73/><E76/><V75/><F75/><W133/><G133/><T40/><D40/><U128/><E128/><V134/><F134/><W92/><G92/><T18/><REACH who="0" step="1"/><D58/><REACH who="0" ten="250,245,225,270" step="2"/><U72/><E72/><V1/><F70/><W17/><G0/><T16/><D16/><U61/><E68/><V91/><F69/><W39/><G7/><T15/><D15/><U8/><E42/><V103/><F1/><W53/><G4/><T2/><D2/><U45/><E45/><V10/><F46/><W88/><G17/><T11/><D11/><U50/><E9/><V116/><F10/><W66/><G39/><T57/><D57/><U65/><E13/><V99/><F122/><W129/><G129/><T64/><D64/><U109/><E8/><V82/><F123/><W55/><G66/><T117/><D117/><U14/><E67/><V80/><F116/><W100/><G55/><T3/><D3/><U59/><E73/><V105/><F48/><W6/><G51/><T77/><D77/><U110/><E65/><V44/><F44/><W43/><G78/><RYUUKYOKU ba="0,1" sc="250,30,245,-10,225,-10,270,-10" hai0="18,21,24,32,33,86,89,93,97,102,107,125,127" /><INIT seed="3,1,1,4,0,98" ten="280,235,215,260" oya="3" hai0="86,18,105,41,122,25,67,124,95,37,73,29,72" hai1="14,45,131,130,11,63,0,51,28,88,43,108,125" hai2="57,127,15,62,114,79,48,118,74,87,90,19,36" hai3="39,121,10,12,40,23,26,30,66,53,58,103,33"/><W9/><G121/><T101/><D122/><U78/><E108/><V96/><F36/><W4/><G66/><T81/><D18/><U13/><E125/><V49/><F127/><W91/><G91/><T123/><D123/><U99/><E78/><V113/><F118/><W93/><G39/><T1/><D1/><U42/><E0/><V50/><F74/><W65/><G65/><T115/><D105/><U60/><E42/><V34/><F34/><W119/><G119/><T110/><D110/><U56/><E28/><V112/><F79/><W92/><G40/><T5/><D5/><U116/><E116/><V111/><F96/><W120/><G120/><T126/><D115/><U2/><E2/><V47/><F111/><W16/><G103/><T128/><D128/><U69/><E69/><V83/><F47/><W89/><G89/><T129/><D129/><N who="1" m="49163" /><E56/><V77/><F77/><W132/><G132/><T106/><D106/><U22/><E22/><V6/><F6/><W133/><G133/><T21/><D126/><U17/><E14/><V61/><REACH who="2" step="1"/><F57/><REACH who="2" ten="280,235,205,260" step="2"/><W85/><G85/><T35/><D35/><U135/><E135/><V82/><F82/><W32/><G32/><T3/><D124/><U107/><E107/><V80/><F80/><W117/><G117/><T70/><D73/><U104/><E104/><V102/><F102/><W76/><G76/><T54/><D72/><U46/><E46/><V55/><F55/><W27/><G9/><AGARI ba="1,2" hai="9,15,19,48,49,50,61,62,83,87,90,112,113,114" machi="9" ten="50,1600,0" yaku="1,1,53,0" doraHai="98" doraHaiUra="68" who="2" fromWho="3" sc="280,0,235,0,205,39,260,-19" /><INIT seed="4,0,0,2,3,27" ten="280,235,244,241" oya="0" hai0="91,97,94,105,85,36,41,79,66,106,52,53,132" hai1="54,74,71,1,133,57,49,33,2,135,32,35,109" hai2="73,0,7,115,116,67,95,9,81,84,38,104,19" hai3="63,92,51,111,127,112,5,69,20,21,3,22,83"/><T126/><D132/><N who="1" m="50763" /><E109/><V44/><F115/><W48/><G111/><T65/><D126/><U76/><E71/><V8/><F104/><W24/><G112/><T124/><D124/><U125/><E125/><V86/><F67/><W30/><G127/><T34/><D34/><U80/><AGARI ba="0,0" hai="1,2,32,33,35,49,54,57,74,76,80" m="50763" machi="80" ten="40,1500,0" yaku="20,1" doraHai="27" who="1" fromWho="1" sc="280,-7,235,15,244,-4,241,-4" /><INIT seed="5,0,0,3,5,42" ten="273,250,240,237" oya="1" hai0="118,71,134,76,99,128,51,126,91,53,40,10,45" hai1="74,101,121,120,62,93,111,67,115,60,6,63,33" hai2="1,58,64,43,54,26,123,70,87,47,108,105,49" hai3="3,84,13,89,131,2,132,95,112,27,83,113,103"/><U23/><E33/><V90/><F108/><W130/><G27/><T11/><D118/><U38/><E74/><V109/><F109/><W46/><G13/><T135/><D71/><U124/><E111/><V44/><F105/><W72/><G132/><T35/><D35/><U4/><E38/><V66/><F70/><W102/><G3/><T98/><D76/><U122/><E67/><N who="2" m="25643" /><F1/><W7/><G7/><T114/><D128/><N who="3" m="49193" /><G2/><T80/><D126/><U59/><E124/><V8/><F8/><W129/><N who="3" m="49201" /><W5/><DORA hai="30" /><G46/><N who="2" m="17449" /><F123/><W77/><G5/><T22/><D135/><U17/><E6/><V119/><F119/><W96/><G103/><T12/><D134/><U52/><E4/><V110/><F110/><W55/><G55/><T16/><D53/><U61/><E101/><V9/><F9/><N who="0" m="3082" /><D114/><U65/><E115/><V48/><F43/><W97/><G97/><T18/><D18/><U0/><E0/><V19/><F19/><W32/><G32/><T29/><D29/><U20/><E17/><V85/><F26/><W78/><G78/><T41/><D41/><U133/><E133/><V92/><F87/><AGARI ba="0,0" hai="12,16,22,40,45,51,80,87,91,98,99" m="3082" machi="87" ten="30,3900,0" yaku="8,1,52,1,54,1" doraHai="42,30" who="0" fromWho="2" sc="273,39,250,0,240,-39,237,0" /><INIT seed="6,0,0,0,4,130" ten="312,250,201,237" oya="2" hai0="14,4,51,121,77,118,114,41,108,125,96,12,49" hai1="95,55,134,8,62,115,40,42,98,76,0,106,2" hai2="107,53,94,103,117,52,110,15,111,28,36,3,35" hai3="122,37,9,54,124,68,23,56,81,75,100,78,120"/><V58/><F117/><W123/><G124/><T91/><D121/><U102/><E115/><V73/><F3/><W116/><G116/><T99/><D118/><U119/><E119/><V10/><F73/><W88/><G68/><T13/><D114/><U126/><E126/><V84/><F36/><W30/><G37/><T64/><D108/><N who="2" m="41514" /><F107/><W132/><G132/><T34/><D34/><U127/><E127/><V33/><F28/><W97/><G9/><T47/><D64/><U21/><E134/><V31/><F31/><W112/><G112/><T20/><D77/><U22/><E106/><V38/><F38/><W25/><G88/><T74/><D74/><U101/><E0/><V67/><F67/><W92/><REACH who="3" step="1"/><G122/><REACH who="3" ten="312,250,201,227" step="2"/><T45/><D125/><U69/><E69/><V57/><F103/><W131/><G131/><T80/><D4/><U7/><E102/><V129/><F129/><W105/><G105/><T46/><D91/><U79/><E2/><V113/><F113/><W43/><G43/><T6/><D41/><U104/><E104/><V109/><F109/><W27/><G27/><T48/><D6/><U66/><E42/><V26/><F26/><W5/><G5/><T32/><D80/><U24/><E40/><V50/><F10/><W16/><G16/><T11/><D11/><U86/><E8/><V17/><F17/><W135/><G135/><T18/><D18/><U133/><E7/><V83/><F83/><W19/><G19/><T90/><D90/><U39/><E39/><V59/><F15/><W89/><G89/><T82/><D82/><U72/><E133/><RYUUKYOKU ba="0,1" sc="312,-10,250,-10,201,-10,227,30" hai3="23,25,30,54,56,75,78,81,92,97,100,120,123" /><INIT seed="7,1,1,2,2,51" ten="302,240,191,257" oya="3" hai0="85,56,59,88,17,118,15,30,100,6,57,92,61" hai1="113,37,40,31,124,43,84,134,72,63,9,50,73" hai2="133,135,47,86,132,70,19,13,46,127,3,33,54" hai3="58,102,77,98,117,24,42,108,23,44,65,8,90"/><W122/><G117/><T97/><D118/><U7/><E113/><V96/><F3/><W39/><G122/><T87/><D30/><U91/><E134/><N who="2" m="34307" /><V79/><DORA hai="128" /><F70/><W25/><G108/><T60/><D6/><U34/><E124/><V69/><F127/><W48/><G77/><T116/><D116/><U115/><E115/><V95/><F69/><W27/><G90/><T41/><D41/><U29/><E43/><V71/><F71/><W114/><G114/><T35/><D35/><U16/><E37/><V130/><F130/><W26/><G8/><N who="0" m="6375" /><D87/><U111/><E111/><V4/><F33/><W64/><G39/><T55/><D61/><U11/><E63/><V66/><F66/><W74/><G74/><T28/><D28/><U36/><E36/><V38/><F4/><W131/><G131/><T120/><D120/><U103/><E72/><V110/><F110/><W99/><G65/><T121/><D121/><U68/><E73/><V2/><F2/><W105/><G64/><T75/><D75/><U20/><E68/><V67/><F67/><W0/><G0/><T62/><D62/><U129/><E34/><V125/><F38/><W119/><G119/><T126/><D126/><U14/><E129/><V21/><F54/><W80/><G42/><T1/><D1/><U10/><E7/><V81/><F125/><W5/><G5/><T101/><D101/><AGARI ba="1,1" hai="13,19,21,46,47,79,81,86,95,96,101" m="34307" machi="101" ten="40,8000,1" yaku="20,1,52,4" doraHai="51,128" who="2" fromWho="0" sc="302,-83,240,0,191,93,257,0" /><INIT seed="8,0,0,2,1,84" ten="219,240,284,257" oya="0" hai0="71,40,32,96,9,106,15,60,88,3,47,45,91" hai1="51,68,115,128,23,133,90,59,33,125,100,72,19" hai2="67,61,2,103,116,73,5,120,8,102,79,55,126" hai3="132,130,109,89,37,134,95,135,74,129,48,53,66"/><T41/><D3/><U112/><E68/><V13/><F120/><W127/><G109/><T94/><D32/><U43/><E33/><V0/><F0/><W22/><G74/><T98/><D71/><U27/><E72/><V35/><F35/><W46/><G66/><T25/><D25/><U26/><E133/><V86/><F73/><W113/><G113/><T21/><D21/><U50/><E128/><N who="3" m="49258" /><G22/><T107/><D60/><U83/><E125/><V80/><F126/><W34/><G34/><T6/><D107/><U110/><E100/><V24/><F24/><W36/><G127/><T54/><D106/><U87/><E110/><V82/><F82/><W65/><G65/><T93/><REACH who="0" step="1"/><D54/><REACH who="0" ten="209,240,284,257" step="2"/><U124/><E124/><V108/><F108/><W14/><G14/><T92/><D92/><U11/><E27/><V10/><F2/><W69/><G69/><T111/><D111/><U119/><E26/><V17/><F13/><W99/><AGARI ba="0,1" hai="36,37,46,48,53,89,95,99,132,134,135" m="49258" machi="99" ten="40,5200,0" yaku="20,1,19,1,52,1" doraHai="84" who="3" fromWho="3" sc="209,-26,240,-13,284,-13,257,62" owari="183,-32.0,227,-17.0,271,7.0,319,42.0" /></mjloggm>