<mjloggm ver="2.3"><GO type="185" lobby="0"/><UN n0="%4E%45%47%49%54%53" n1="%E7%9C%81%E5%AE%9F" n2="%E8%90%AC%E6%81%8B%E6%AC%A1%E9%83%8E" n3="" dan="18,17,17,0" rate="2329.68,2201.04,2272.67,1500.00" sx="F,F,M,C"/><TAIKYOKU oya="0"/><INIT seed="0,0,0,0,3,57" ten="350,350,350,0" oya="0" hai0="90,1,101,88,118,51,82,34,128,123,46,33,133" hai1="37,47,41,89,59,105,98,50,86,45,97,61,64" hai2="124,125,35,80,114,117,134,63,54,44,73,81,66" hai3=""/><T96/><N who="0" m="31520" /><T116/><D1/><U52/><REACH who="1" step="1"/><E105/><REACH who="1" ten="350,340,350,0" step="2"/><V131/><F124/><T71/><D33/><U77/><E77/><V49/><F125/><T119/><D34/><U99/><E99/><V56/><F35/><T62/><D133/><U58/><E58/><V68/><F134/><T91/><D128/><U106/><E106/><V111/><F131/><T55/><D82/><AGARI ba="0,1" hai="37,41,45,47,50,52,59,61,64,82,86,89,97,98" machi="82" ten="30,7700,0" yaku="1,1,7,1,52,1,54,1,53,0" doraHai="57" doraHaiUra="113" who="1" fromWho="0" sc="350,-77,340,87,350,0,0,0" /><INIT seed="1,0,0,1,2,78" ten="273,427,350,0" oya="1" hai0="62,83,45,59,32,118,64,120,108,37,98,34,77" hai1="95,112,74,58,82,121,115,91,57,128,51,80,88" hai2="73,75,76,97,102,40,125,47,61,53,81,56,63" hai3=""/><U66/><N who="1" m="31008" /><U106/><E106/><V94/><F125/><T1/><N who="0" m="30752" /><T39/><D1/><U96/><E128/><V35/><F35/><T84/><D118/><U43/><E43/><V109/><F109/><T60/><D108/><U116/><E116/><V131/><F131/><T101/><D62/><U99/><E74/><V41/><F41/><T48/><D32/><U86/><E66/><V107/><F73/><T46/><D34/><U0/><E0/><V124/><F124/><T68/><D68/><U44/><E44/><V126/><F126/><T79/><D79/><U89/><E89/><V54/><F107/><T123/><N who="0" m="31520" /><T119/><D119/><U111/><E111/><V70/><F70/><T33/><D33/><U130/><E130/><V85/><F75/><T65/><D65/><U105/><E105/><V38/><REACH who="2" step="1"/><F63/><REACH who="2" ten="273,427,340,0" step="2"/><T135/><D135/><U69/><E69/><V129/><F129/><T55/><D45/><U110/><E110/><V104/><F104/><AGARI ba="0,1" hai="37,39,46,48,55,59,60,64,77,83,84,98,101,104" m="31520,30752" machi="104" ten="30,7700,0" yaku="7,1,52,3" doraHai="78" who="0" fromWho="2" sc="273,87,427,0,340,-77,0,0" /><INIT seed="2,0,0,3,0,62" ten="360,427,263,0" oya="2" hai0="55,56,46,76,1,48,133,93,81,108,33,51,50" hai1="57,63,96,98,79,101,39,122,103,47,44,0,97" hai2="121,45,36,83,115,69,86,131,110,89,100,53,95" hai3=""/><V117/><N who="2" m="31008" /><V111/><F117/><T107/><D1/><U119/><N who="1" m="31264" /><U49/><E0/><V82/><F115/><T116/><D33/><U124/><E119/><V109/><F131/><T104/><D116/><U42/><E124/><V38/><F69/><T112/><D133/><U128/><E128/><V130/><F130/><T41/><D108/><U114/><E79/><V43/><F36/><T113/><D93/><U32/><E114/><N who="0" m="44137" /><D48/><U129/><E129/><V37/><F37/><T80/><D80/><U3/><E3/><V40/><F40/><T52/><D55/><U90/><E32/><V134/><F134/><T2/><D2/><U135/><E135/><V77/><F100/><T105/><D105/><U60/><E60/><V125/><F125/><T120/><N who="0" m="30752" /><T127/><D127/><U87/><E63/><V73/><F53/><T118/><D118/><U99/><E101/><V65/><F65/><T88/><D88/><U92/><E39/><V75/><F83/><T72/><AGARI ba="0,0" hai="41,46,50,51,52,56,72,76,81,104,107" m="30752,44137" machi="72" ten="30,3000,0" yaku="11,1,52,1,54,1" doraHai="62" who="0" fromWho="0" sc="360,30,427,-10,263,-20,0,0" /><INIT seed="4,0,0,1,3,82" ten="390,417,243,0" oya="0" hai0="110,68,111,63,98,117,52,59,123,83,121,106,47" hai1="51,93,130,65,118,39,74,50,2,64,129,105,126" hai2="78,112,0,133,84,101,55,42,97,32,1,92,69" hai3=""/><T36/><N who="0" m="31008" /><T75/><N who="0" m="31520" /><T99/><D117/><U87/><E118/><V44/><F32/><T94/><D106/><U57/><E105/><V3/><F112/><T41/><D68/><U40/><E2/><V107/><F133/><T124/><D124/><U53/><E74/><V108/><F108/><N who="0" m="41514" /><D94/><U135/><E126/><V115/><F115/><T62/><D63/><U127/><E127/><V77/><F69/><T33/><D33/><U66/><E135/><V45/><F0/><T38/><D36/><U116/><E116/><V85/><F1/><T76/><AGARI ba="0,0" hai="38,41,47,52,59,62,75,76,83,98,99" m="41514,31520,31008" machi="76" ten="30,7800,0" yaku="10,1,52,2,54,1" doraHai="82" who="0" fromWho="0" sc="390,78,417,-39,243,-39,0,0" /><INIT seed="4,1,0,5,0,120" ten="468,378,204,0" oya="0" hai0="92,78,115,93,55,121,72,37,113,66,76,2,91" hai1="82,53,83,96,45,129,90,135,36,49,89,100,48" hai2="103,106,107,59,99,80,132,70,105,38,75,47,85" hai3=""/><T126/><N who="0" m="31008" /><T84/><D2/><U57/><E36/><V130/><F130/><T101/><D37/><U134/><E129/><V94/><F132/><N who="1" m="50729" /><E83/><V46/><F70/><T65/><D126/><U52/><E82/><V127/><F127/><T35/><D35/><U33/><E33/><V124/><F124/><T110/><D72/><U50/><E50/><V117/><F117/><T112/><D55/><U62/><E49/><V88/><F59/><T58/><D58/><U68/><E68/><V74/><REACH who="2" step="1"/><F47/><REACH who="2" ten="468,378,194,0" step="2"/><T128/><D128/><U0/><E0/><V44/><F44/><T97/><D110/><U79/><E79/><AGARI ba="1,1" hai="65,66,76,78,79,84,91,92,93,97,101,112,113,115" m="31008" machi="79" ten="40,3900,0" yaku="15,1,52,1" doraHai="120" who="0" fromWho="1" sc="468,51,378,-41,194,0,0,0" /><INIT seed="4,2,0,1,3,41" ten="519,337,194,0" oya="0" hai0="105,124,86,45,90,75,1,68,129,127,81,56,135" hai1="83,39,37,32,88,57,42,126,130,122,110,44,104" hai2="78,33,73,132,77,74,100,58,36,66,53,54,120" hai3=""/><T34/><D1/><U50/><N who="1" m="31264" /><U38/><E32/><V51/><N who="2" m="30752" /><V123/><N who="2" m="31520" /><V113/><F33/><T128/><D68/><U40/><E110/><V98/><F132/><T65/><D34/><U84/><E104/><V107/><F113/><T133/><D105/><U95/><E130/><N who="0" m="50281" /><D75/><U96/><E126/><N who="0" m="48169" /><D45/><U115/><E115/><V3/><F3/><T116/><D116/><U111/><E111/><V55/><F36/><T82/><D81/><U87/><E57/><V112/><F112/><T47/><D47/><U0/><E0/><V80/><F66/><T94/><D82/><AGARI ba="2,0" hai="51,53,54,55,58,73,74,77,78,80,82,98,100,107" m="31520,30752" machi="82" ten="40,5200,0" yaku="9,1,52,2" doraHai="41" who="2" fromWho="0" sc="519,-56,337,0,194,56,0,0" /><INIT seed="5,0,0,5,1,64" ten="463,337,250,0" oya="1" hai0="89,66,86,83,80,84,90,126,93,34,59,43,104" hai1="44,117,114,54,131,101,56,69,103,134,68,100,77" hai2="111,88,41,76,129,49,74,65,73,120,70,128,47" hai3=""/><U46/><E117/><V102/><N who="2" m="30752" /><V119/><F111/><T118/><D34/><U92/><E114/><V115/><F119/><T33/><D33/><U95/><E131/><N who="2" m="50251" /><F115/><T122/><N who="0" m="31264" /><T62/><D118/><U121/><N who="1" m="31008" /><U42/><E134/><V105/><F76/><T96/><D126/><U1/><E1/><V81/><F102/><T60/><D43/><U108/><E77/><V116/><F105/><T57/><D104/><U55/><E108/><V97/><F116/><T58/><D62/><U45/><E42/><V113/><F113/><T127/><D127/><U53/><E56/><V112/><F112/><T0/><D0/><U132/><E132/><V99/><F99/><T71/><D59/><U79/><E79/><AGARI ba="0,0" hai="57,58,60,66,71,79,80,83,84,86,89,90,93,96" m="31264" machi="79" ten="30,3900,0" yaku="7,1,52,2" doraHai="64" who="0" fromWho="1" sc="463,39,337,-39,250,0,0,0" /><INIT seed="6,0,0,4,0,66" ten="502,298,250,0" oya="2" hai0="120,123,90,60,78,53,85,127,3,32,36,58,49" hai1="43,113,55,116,129,1,93,114,74,134,34,99,65" hai2="115,61,73,100,2,54,131,97,82,122,121,88,57" hai3=""/><V72/><N who="2" m="31008" /><V44/><N who="2" m="31264" /><V89/><F2/><T95/><D3/><U33/><E1/><V117/><F117/><T101/><D32/><U125/><E74/><V42/><F131/><T135/><D36/><U59/><E129/><V80/><F115/><T77/><D135/><U64/><E116/><V112/><F112/><N who="1" m="43113" /><E134/><V132/><F132/><T124/><N who="0" m="30752" /><T70/><N who="0" m="31520" /><T35/><D35/><N who="1" m="13323" /><E43/><V128/><F128/><T91/><D101/><U84/><E84/><V51/><F82/><T81/><D70/><U50/><E125/><N who="0" m="48201" /><D60/><U108/><E108/><V87/><REACH who="2" step="1"/><F89/><AGARI ba="0,0" hai="50,55,59,64,65,89,93,99" m="13323,43113" machi="89" ten="30,1000,0" yaku="15,1" doraHai="66" who="1" fromWho="2" sc="502,0,298,10,250,-10,0,0" owari="502,45.0,308,-9.0,240,-36.0,0,0.0" /></mjloggm>