<mjloggm ver="2.3"><GO type="169" lobby="0"/><UN n0="%E5%A4%A9%E6%89%8D%E9%BA%BB%E5%B0%87%E5%8A%A0%E5%A5%88" n1="%E3%81%97%E3%81%BE%E3%81%A0%E3%81%BE%32" n2="%E5%A4%8F%E6%81%8B%E8%8A%B1%E7%81%AB" n3="%74%2E%6F%2E%6F%2E%73" dan="16,16,16,18" rate="2050.29,2109.11,2085.23,2258.49" sx="M,M,M,M"/><TAIKYOKU oya="0"/><INIT seed="0,0,0,0,2,44" ten="250,250,250,250" oya="0" hai0="112,127,74,42,58,33,88,122,78,9,34,75,19" hai1="11,115,22,80,13,85,36,107,51,39,105,104,48" hai2="121,67,18,2,99,3,98,61,129,126,110,47,35" hai3="103,45,50,23,55,20,130,72,7,26,41,12,15"/><T64/><D122/><U91/><E91/><V125/><F121/><W120/><G120/><T76/><D112/><U82/><E82/><V108/><F35/><W133/><G130/><T124/><D9/><U79/><E115/><V101/><F18/><W81/><G133/><T40/><D19/><U6/><E22/><V56/><F129/><W57/><G103/><T25/><D58/><U135/><E135/><V59/><F47/><W49/><G7/><T5/><D88/><U77/><REACH who="1" step="1"/><E79/><REACH who="1" ten="250,240,250,250" step="2"/><V63/><F101/><W93/><G23/><T134/><D134/><U29/><E29/><V0/><F99/><W90/><G81/><T73/><D78/><U4/><E4/><V70/><F98/><N who="3" m="57655" /><G72/><T87/><D75/><U95/><E95/><V100/><F100/><W117/><G117/><T46/><D5/><U24/><E24/><V53/><REACH who="2" step="1"/><F70/><REACH who="2" ten="250,240,240,250" step="2"/><W96/><G96/><T52/><D33/><U123/><E123/><V32/><F32/><W38/><G38/><AGARI ba="0,2" hai="6,11,13,36,38,39,48,51,77,80,85,104,105,107" machi="38" ten="50,8000,1" yaku="1,1,52,2,53,1" doraHai="44" doraHaiUra="8" who="1" fromWho="3" sc="250,0,240,100,240,0,250,-80" /><INIT seed="1,0,0,2,4,22" ten="250,340,240,170" oya="1" hai0="88,83,125,55,108,72,96,98,26,80,37,58,121" hai1="28,103,57,78,29,130,132,38,41,0,70,127,105" hai2="49,20,10,18,35,24,113,12,82,90,7,118,76" hai3="100,79,56,45,119,14,87,30,34,106,94,109,66"/><U115/><E115/><V131/><F118/><W112/><G112/><T120/><D37/><U17/><E70/><V4/><F113/><W19/><G109/><T5/><D5/><U32/><E0/><V73/><F131/><W117/><G106/><T91/><D108/><U110/><E78/><V75/><F35/><W44/><G66/><T95/><D26/><U54/><E103/><V62/><F62/><W3/><G3/><T52/><D58/><U92/><E105/><V67/><F67/><W77/><G56/><T65/><D65/><U89/><E132/><V122/><F122/><N who="0" m="47210" /><D125/><U13/><E130/><V46/><F90/><N who="0" m="34346" /><D72/><U42/><E127/><V31/><REACH who="2" step="1"/><F75/><REACH who="2" ten="250,340,230,170" step="2"/><W39/><G119/><T23/><D95/><U25/><E110/><V123/><F123/><W60/><G117/><T53/><D23/><N who="1" m="11695" /><E38/><V36/><F36/><W111/><G39/><T114/><D114/><U16/><E32/><V135/><F135/><W129/><G111/><T126/><D126/><U97/><E29/><V47/><F47/><W6/><G129/><T68/><D68/><U61/><E28/><V107/><F107/><W99/><G30/><T116/><D116/><U33/><E33/><V1/><F1/><W21/><G34/><T81/><AGARI ba="0,1" hai="52,53,55,80,81,83,96,98" m="34346,47210" machi="81" ten="40,8000,1" yaku="28,2,13,1,54,2" doraHai="22" who="0" fromWho="0" sc="250,90,340,-40,230,-20,170,-20" /><INIT seed="2,0,0,2,4,84" ten="340,300,210,150" oya="2" hai0="20,105,21,128,100,2,63,18,82,47,38,113,69" hai1="104,24,121,3,76,118,80,49,126,19,56,111,60" hai2="73,86,109,25,29,119,46,30,13,36,101,28,26" hai3="65,132,6,77,117,103,96,22,12,130,66,9,43"/><V122/><F119/><W97/><G130/><T45/><D2/><U90/><E3/><V58/><F122/><W40/><G132/><T92/><D113/><U61/><E118/><V70/><F73/><W55/><G117/><T94/><D18/><U74/><E104/><V87/><F70/><W57/><G77/><T107/><D63/><U15/><E126/><V8/><F109/><W4/><G22/><T91/><D82/><U54/><E111/><V1/><F1/><W37/><G37/><T5/><D38/><U53/><E24/><V88/><F101/><W35/><G35/><T42/><D69/><U50/><E121/><V68/><F68/><W116/><G116/><T51/><D100/><U99/><E99/><V110/><F110/><W27/><G27/><T67/><D67/><U85/><E76/><V33/><F33/><W52/><G103/><T134/><D42/><U7/><E7/><N who="2" m="3231" /><F36/><W71/><G71/><T59/><D5/><U34/><E34/><V95/><F46/><W83/><G57/><T48/><D59/><N who="1" m="34927" /><E74/><V10/><F10/><AGARI ba="0,0" hai="10,15,19,49,50,54,56,61,80,85,90" m="34927" machi="10" ten="30,2000,0" yaku="8,1,52,1" doraHai="84" who="1" fromWho="2" sc="340,0,300,20,210,-20,150,0" /><INIT seed="3,0,0,2,3,73" ten="340,320,190,150" oya="3" hai0="29,6,45,134,96,122,111,35,87,22,94,48,36" hai1="109,131,0,98,13,43,103,72,115,116,69,12,33" hai2="60,8,20,59,93,11,108,10,37,4,107,2,27" hai3="56,18,15,124,24,68,58,110,99,90,117,21,91"/><W76/><G117/><T119/><D35/><U71/><E115/><V123/><F107/><W100/><G68/><T133/><D111/><U121/><E109/><V125/><F37/><W74/><G110/><T95/><D36/><U63/><E0/><V5/><F108/><W9/><G124/><T64/><D64/><U114/><E33/><V57/><F123/><W62/><G74/><T47/><D6/><U112/><E72/><V16/><F125/><W25/><G25/><T61/><D61/><U49/><E116/><V97/><F2/><W83/><G83/><T126/><D122/><U127/><E71/><V89/><REACH who="2" step="1"/><F59/><REACH who="2" ten="340,320,180,150" step="2"/><W85/><G56/><T129/><D126/><U101/><E69/><V52/><AGARI ba="0,1" hai="4,5,8,10,11,16,20,27,52,57,60,89,93,97" machi="52" ten="30,16000,3" yaku="1,1,2,1,0,1,25,2,8,1,54,2,53,0" doraHai="73" doraHaiUra="65" who="2" fromWho="2" sc="340,-40,320,-40,180,170,150,-80" /><INIT seed="4,0,0,4,3,53" ten="300,280,350,70" oya="0" hai0="49,80,86,16,88,51,17,122,25,104,99,78,121" hai1="134,32,131,0,77,107,105,73,65,46,76,5,81" hai2="85,44,116,66,64,36,61,97,123,119,98,34,4" hai3="108,103,118,22,96,74,6,132,35,126,43,127,57"/><T15/><D25/><U124/><E32/><V129/><F34/><W90/><G35/><T10/><D17/><U39/><E77/><V14/><F123/><W68/><G68/><T31/><D31/><U117/><E117/><N who="2" m="45131" /><F129/><W21/><G118/><T9/><D121/><U113/><E131/><V18/><F85/><W30/><G74/><T70/><D70/><U111/><E134/><V45/><F4/><W67/><G43/><T24/><D24/><U125/><E111/><V109/><F109/><W41/><G41/><T133/><D133/><U114/><E65/><V95/><F66/><W7/><G108/><T92/><D122/><U72/><E46/><N who="2" m="18027" /><F95/><W3/><G132/><T63/><D63/><U27/><E27/><V94/><F94/><W48/><G7/><T69/><D69/><U84/><E39/><V37/><F37/><W93/><G6/><T59/><D104/><N who="1" m="40011" /><E0/><V26/><F36/><W56/><G3/><T101/><D78/><U106/><E106/><V23/><F26/><W112/><G30/><T52/><D49/><U110/><E5/><V13/><F13/><W47/><G67/><T1/><D1/><U19/><E19/><V29/><F29/><W115/><G103/><T91/><D101/><U102/><E102/><V60/><F60/><W2/><G2/><T50/><D50/><U38/><E38/><V33/><F33/><W89/><G48/><T8/><AGARI ba="0,0" hai="8,9,10,15,16,51,52,59,80,86,88,91,92,99" machi="8" ten="20,18000,2" yaku="0,1,7,1,8,1,52,1,54,3" doraHai="53" who="0" fromWho="0" sc="300,180,280,-60,350,-60,70,-60" /><INIT seed="4,1,0,1,5,94" ten="480,220,290,10" oya="0" hai0="59,120,24,72,117,121,14,73,48,126,20,108,124" hai1="92,101,16,122,84,90,32,77,45,18,85,15,30" hai2="110,12,33,103,112,67,129,10,17,25,55,6,93" hai3="80,115,7,61,4,49,114,69,68,37,57,102,130"/><T21/><D14/><U125/><E125/><N who="0" m="48233" /><D117/><U39/><E122/><N who="0" m="47209" /><D108/><U53/><E101/><V40/><F110/><W35/><G37/><T82/><D82/><N who="1" m="47183" /><E32/><V43/><F129/><W56/><G35/><T36/><D36/><U2/><E2/><V83/><F83/><W71/><G80/><T134/><D134/><U54/><E30/><V97/><F112/><N who="3" m="43051" /><G102/><T0/><D0/><U5/><E39/><V23/><F33/><W1/><G1/><T13/><D13/><U62/><E45/><V123/><F123/><W64/><G130/><T75/><D24/><U127/><E62/><V131/><F131/><W38/><G38/><T91/><D91/><U119/><E119/><V76/><F76/><W51/><G4/><T42/><D59/><N who="3" m="22601" /><G7/><T19/><D19/><N who="1" m="7211" /><E127/><V99/><F67/><W44/><G49/><T8/><D8/><AGARI ba="1,0" hai="5,8,15,53,54,85,90,92" m="7211,47183" machi="8" ten="30,2000,0" yaku="8,1,54,1" doraHai="94" who="1" fromWho="0" sc="480,-23,220,23,290,0,10,0" /><INIT seed="5,0,0,4,1,62" ten="457,243,290,10" oya="1" hai0="128,12,65,126,34,32,134,46,52,57,89,78,73" hai1="95,125,55,100,102,1,83,42,24,19,6,110,37" hai2="79,131,71,116,120,54,81,56,118,53,31,129,13" hai3="2,72,105,82,94,124,66,25,123,111,68,8,101"/><U69/><E125/><V15/><F71/><W127/><G123/><T113/><D126/><N who="3" m="48169" /><G111/><T99/><D134/><U74/><E55/><N who="2" m="21003" /><F56/><W51/><G105/><T122/><D128/><N who="2" m="49226" /><F31/><W85/><G51/><T61/><D12/><N who="2" m="4682" /><F120/><W135/><G135/><T112/><D122/><U90/><E110/><V23/><F23/><W76/><G25/><T63/><D57/><U92/><E24/><V3/><F3/><W104/><G2/><T87/><D32/><U132/><E132/><V14/><N who="2" m="4690" /><V133/><DORA hai="86" /><F133/><W75/><G8/><T38/><D34/><U77/><E69/><V20/><F20/><W58/><G68/><T117/><D63/><U36/><E19/><V50/><F50/><W98/><G58/><T11/><D61/><U48/><E95/><V7/><F7/><W9/><G9/><T97/><D11/><N who="1" m="2511" /><E48/><V119/><F81/><W96/><G66/><T26/><D65/><U130/><E130/><V108/><F79/><W44/><G44/><T5/><D46/><N who="1" m="23879" /><E37/><V29/><F29/><W60/><G60/><T18/><D38/><U30/><E30/><V33/><F108/><W106/><G106/><T109/><D109/><U0/><E0/><V59/><F59/><W39/><G39/><T114/><D5/><U40/><E40/><V121/><F121/><W91/><AGARI ba="0,0" hai="72,75,76,82,85,91,94,96,98,101,104" m="48169" machi="91" ten="30,7900,0" yaku="18,1,34,2,52,1" doraHai="62,86" who="3" fromWho="3" sc="457,-20,243,-39,290,-20,10,79" /><INIT seed="6,0,0,4,2,76" ten="437,204,270,89" oya="2" hai0="64,44,46,113,72,128,52,53,60,55,45,131,20" hai1="23,84,34,31,50,135,5,30,101,115,37,35,42" hai2="36,126,86,25,109,82,90,80,130,4,105,95,77" hai3="29,96,33,61,94,70,32,75,39,67,21,114,110"/><V2/><F36/><W100/><G110/><T24/><D72/><U104/><E37/><V12/><F2/><W26/><G39/><T117/><D113/><U65/><E115/><V15/><F109/><W99/><G114/><T11/><D11/><U57/><E5/><V7/><F105/><W129/><G129/><N who="0" m="49739" /><D117/><U27/><E42/><V108/><F108/><W85/><G75/><T40/><D20/><U83/><E135/><V124/><F25/><W73/><G73/><T43/><D24/><U78/><E31/><V121/><F121/><W106/><G85/><T91/><D91/><U63/><E50/><V81/><F77/><W16/><G33/><T59/><AGARI ba="0,0" hai="40,43,44,45,46,52,53,55,59,60,64" m="49739" machi="59" ten="40,8000,1" yaku="19,1,34,2,54,1" doraHai="76" who="0" fromWho="0" sc="437,80,204,-20,270,-40,89,-20" /><INIT seed="7,0,0,1,0,86" ten="517,184,230,69" oya="3" hai0="31,35,106,133,94,1,46,130,124,53,134,12,19" hai1="77,63,17,67,32,88,8,64,107,68,49,65,72" hai2="93,3,101,119,15,58,117,128,18,90,7,44,102" hai3="78,33,34,6,27,87,66,60,126,92,108,113,118"/><W42/><G118/><T79/><D106/><U24/><E107/><V74/><F74/><W91/><G113/><T73/><D1/><U116/><E72/><V89/><F128/><W96/><G126/><T57/><D46/><U62/><E77/><V109/><F109/><W23/><G108/><T114/><D31/><U43/><E32/><V112/><F7/><W104/><G42/><T125/><D35/><U16/><E116/><V97/><F3/><W69/><G6/><T28/><D28/><U110/><E110/><V82/><F112/><W50/><G50/><N who="0" m="30903" /><D94/><U26/><E68/><V132/><F132/><N who="0" m="50794" /><D130/><U59/><E26/><V127/><F44/><W100/><REACH who="3" step="1"/><G78/><REACH who="3" ten="517,184,230,59" step="2"/><T85/><D114/><U47/><E63/><V11/><F127/><W61/><G61/><T10/><D124/><U4/><E64/><V120/><F119/><W98/><G98/><T84/><D125/><U135/><E65/><V80/><F117/><W52/><G52/><T123/><D123/><U21/><E135/><V55/><F120/><W9/><G9/><T56/><D10/><U75/><E4/><V36/><F55/><W129/><G129/><T25/><D79/><U0/><E8/><V122/><F11/><W29/><AGARI ba="0,1" hai="23,27,29,33,34,60,66,69,87,91,92,96,100,104" machi="29" ten="20,12000,1" yaku="1,1,0,1,7,1,52,1,53,1" doraHai="86" doraHaiUra="81" who="3" fromWho="3" sc="517,-40,184,-40,230,-40,59,130" /><INIT seed="7,1,0,3,2,127" ten="477,144,190,189" oya="3" hai0="33,117,109,68,92,23,78,36,60,26,134,98,119" hai1="8,113,120,47,95,63,101,81,43,105,112,14,18" hai2="104,114,116,53,58,56,31,93,11,35,16,39,30" hai3="89,123,103,90,19,59,73,13,21,4,28,83,20"/><W121/><G103/><T27/><D109/><U97/><E120/><V135/><F104/><W40/><G4/><T42/><D134/><U74/><E63/><V37/><F114/><W69/><G69/><T128/><D78/><U133/><E133/><V49/><F116/><W48/><G73/><T70/><D60/><U96/><E74/><V99/><F135/><W124/><G124/><T125/><D92/><U94/><E81/><V131/><F131/><W91/><G121/><T67/><D98/><U107/><E113/><V108/><F108/><W130/><G130/><T51/><D128/><U75/><E75/><V29/><F35/><W9/><G123/><T17/><D33/><U110/><E110/><V44/><F39/><W115/><G115/><T65/><D36/><U12/><E12/><N who="2" m="7199" /><F37/><W38/><G38/><T62/><D68/><U54/><E112/><V55/><F55/><N who="3" m="32231" /><G40/><T46/><D125/><U71/><E71/><V52/><F53/><W7/><G28/><T64/><D117/><U25/><E54/><V82/><F82/><W88/><G7/><T22/><D119/><U72/><E72/><V118/><F118/><W45/><G45/><T129/><D129/><U10/><E47/><V106/><F106/><W1/><G1/><T61/><D70/><U76/><E43/><V79/><F79/><W66/><G66/><T122/><D122/><U24/><E76/><V34/><F34/><W6/><G6/><T84/><D84/><AGARI ba="1,0" hai="9,13,19,20,21,83,84,88,89,90,91" m="32231" machi="84" ten="30,2900,0" yaku="8,1,54,1" doraHai="127" who="3" fromWho="0" sc="477,-32,144,0,190,0,189,32" /><INIT seed="7,2,0,2,5,63" ten="445,144,190,221" oya="3" hai0="1,78,59,47,45,25,96,102,68,80,0,76,61" hai1="60,132,29,71,99,11,70,43,127,12,36,72,9" hai2="81,69,105,126,133,15,17,108,119,82,38,100,74" hai3="120,89,40,112,65,106,34,122,125,54,56,16,117"/><W14/><G117/><T44/><D68/><U32/><E72/><V91/><F119/><W51/><G106/><T2/><D25/><U85/><E127/><V53/><F38/><W93/><G34/><T86/><D78/><U10/><E132/><V118/><F108/><W130/><G112/><T46/><D46/><U27/><E36/><V87/><F118/><W124/><G40/><T111/><D111/><U3/><E43/><V35/><F35/><W104/><G104/><T4/><D96/><U7/><E85/><N who="2" m="50607" /><F74/><W39/><G39/><T131/><D102/><U28/><E28/><V37/><F69/><W26/><G26/><T75/><D131/><U49/><E49/><V58/><F37/><W64/><G130/><T90/><D4/><U94/><E71/><V13/><F105/><W109/><G109/><T116/><D116/><U67/><REACH who="1" step="1"/><E3/><REACH who="1" ten="445,134,190,221" step="2"/><V84/><F126/><N who="3" m="48747" /><G120/><T121/><D121/><U8/><E8/><N who="2" m="6311" /><F133/><W92/><G122/><T134/><D134/><U22/><E22/><V57/><F87/><N who="3" m="52287" /><G93/><T6/><D75/><U115/><E115/><V42/><F42/><W41/><G41/><T52/><D86/><U95/><E95/><V123/><F123/><W107/><G107/><T110/><D110/><U97/><E97/><V135/><F135/><W66/><G51/><T50/><D50/><U73/><E73/><V21/><F84/><W77/><G77/><T30/><D76/><U20/><E20/><V79/><F21/><W88/><G14/><T19/><D1/><U114/><E114/><V98/><F15/><W129/><G129/><T48/><D2/><RYUUKYOKU ba="2,1" sc="445,-10,134,30,190,-10,221,-10" hai1="7,9,10,11,12,27,29,32,60,67,70,94,99" owari="445,55.0,164,-34.0,180,-22.0,211,1.0" /></mjloggm>