<mjloggm ver="2.3"><GO type="169" lobby="0"/><UN n0="%E3%81%BF%E3%81%8B%E3%82%93%E3%81%95%E3%82%80%E3%82%89%E3%81%84" n1="%E5%AE%9D%E5%90%8A%E5%AE%9D" n2="%E9%BB%92%E8%A1%A3%E3%81%AE%E3%82%A4%E3%83%8A%E3%82%B8%E3%82%A7%E3%82%A4" n3="%E9%81%8A%E8%B5%B0" dan="17,16,16,16" rate="2171.96,2123.75,2128.69,2155.07" sx="M,M,M,F"/><TAIKYOKU oya="0"/><INIT seed="0,0,0,3,3,103" ten="250,250,250,250" oya="0" hai0="86,12,109,39,81,126,125,70,94,9,11,135,104" hai1="22,91,98,107,74,116,133,119,127,97,0,80,110" hai2="40,55,106,76,117,100,17,26,88,31,54,72,4" hai3="113,73,49,90,51,64,87,27,28,43,111,120,46"/><T45/><D94/><N who="1" m="56543" /><E22/><V82/><F117/><N who="1" m="45129" /><E0/><V61/><F40/><W102/><G113/><T84/><D70/><U85/><E110/><V62/><F17/><W44/><G111/><T75/><D109/><U32/><E32/><V50/><F4/><W2/><G73/><T131/><D39/><U29/><E29/><V30/><F30/><W56/><G120/><T92/><D45/><U59/><E59/><V130/><F130/><W99/><G2/><T52/><D131/><U108/><E108/><V132/><F132/><W128/><G128/><T96/><D135/><U134/><E127/><V83/><F55/><W13/><G13/><T66/><D52/><U34/><E34/><V65/><F62/><W47/><G51/><T114/><D66/><U63/><E63/><V7/><F7/><W115/><G115/><T14/><D114/><U16/><E16/><V95/><F83/><W18/><G18/><T58/><D11/><U23/><E23/><V19/><F19/><W124/><G124/><T101/><D9/><U77/><E74/><V33/><F50/><W6/><G6/><T118/><D58/><U1/><E1/><V78/><F54/><W53/><G64/><T89/><D118/><U41/><E41/><V69/><F61/><N who="3" m="35983" /><G28/><T122/><D75/><U42/><E42/><V3/><F65/><W21/><G21/><T15/><REACH who="0" step="1"/><D122/><REACH who="0" ten="240,250,250,250" step="2"/><U8/><E8/><V10/><F10/><W121/><G121/><T60/><D60/><U68/><E68/><V57/><F69/><W79/><G46/><T38/><D38/><U35/><E35/><V24/><F33/><RYUUKYOKU ba="0,1" sc="240,15,250,15,250,-15,250,-15" hai0="12,14,15,81,84,86,89,92,96,101,104,125,126" hai1="77,80,85,98,107,133,134" /><INIT seed="0,1,1,4,2,96" ten="255,265,235,235" oya="0" hai0="49,45,94,16,11,65,47,8,113,25,104,90,122" hai1="58,124,107,32,13,97,79,15,102,37,7,18,108" hai2="53,42,75,24,5,54,1,103,59,55,69,86,119" hai3="87,63,71,115,116,41,93,22,2,46,95,82,35"/><T91/><D113/><U26/><E108/><V23/><F75/><W131/><G35/><T89/><D122/><U62/><E37/><V14/><F69/><W99/><G116/><T111/><D104/><U10/><E124/><V130/><F130/><W126/><G115/><T74/><D74/><U0/><E79/><V9/><F1/><W134/><G126/><T88/><D111/><U67/><REACH who="1" step="1"/><E18/><REACH who="1" ten="255,255,235,235" step="2"/><V56/><F119/><W57/><G131/><T44/><D65/><U20/><E20/><V76/><F42/><W48/><G22/><N who="0" m="13511" /><D49/><U117/><E117/><V12/><F12/><W60/><G2/><T84/><AGARI ba="1,2" hai="8,11,44,45,47,84,88,89,90,91,94" m="13511" machi="84" ten="30,6000,0" yaku="8,1,54,2" doraHai="96" who="0" fromWho="0" sc="255,83,255,-21,235,-21,235,-21" /><INIT seed="0,2,0,0,2,16" ten="338,234,214,214" oya="0" hai0="62,72,56,112,9,38,113,12,65,64,101,88,31" hai1="114,69,10,117,115,130,52,107,127,74,7,116,34" hai2="82,63,97,120,54,90,11,39,123,81,37,135,99" hai3="128,83,8,0,124,67,110,109,14,111,86,49,21"/><T75/><D101/><U19/><E107/><V76/><F135/><W133/><G128/><T53/><D38/><U13/><E69/><V105/><F11/><W40/><G133/><T33/><D33/><U73/><E34/><V17/><F105/><W131/><G131/><T47/><D31/><U22/><E130/><V57/><F82/><W80/><G124/><T48/><D65/><U5/><E127/><V60/><F60/><W121/><G121/><T59/><D47/><U32/><E32/><V29/><F29/><W44/><G67/><T77/><D75/><U122/><E122/><V30/><F30/><W118/><G118/><N who="1" m="45674" /><E52/><V100/><F100/><W79/><G80/><T106/><D106/><U93/><E93/><V125/><F125/><W94/><G94/><T3/><D3/><N who="1" m="319" /><E74/><V103/><F103/><W6/><REACH who="3" step="1"/><G21/><REACH who="3" ten="338,234,214,204" step="2"/><T68/><D64/><U95/><E95/><V85/><F123/><W26/><G26/><T78/><D113/><N who="1" m="43019" /><E73/><V96/><F120/><W46/><G46/><T126/><D72/><U66/><E66/><V25/><REACH who="2" step="1"/><F76/><REACH who="2" ten="338,234,204,204" step="2"/><W104/><G104/><T134/><D78/><U70/><E70/><V45/><F45/><W35/><G35/><T23/><D77/><U27/><E7/><V36/><F36/><W132/><G132/><T98/><D134/><U84/><E84/><V50/><F50/><W61/><G61/><T102/><D62/><U18/><E13/><AGARI ba="2,2" hai="0,6,8,13,14,40,44,49,79,83,86,109,110,111" machi="13" ten="40,2600,0" yaku="1,1,14,1,53,0" doraHai="16" doraHaiUra="89" who="3" fromWho="1" sc="338,0,234,-32,204,0,204,52" /><INIT seed="1,0,0,4,1,43" ten="338,202,204,256" oya="1" hai0="44,5,14,130,59,68,105,65,51,66,78,20,53" hai1="60,131,0,86,12,31,72,61,7,22,48,113,35" hai2="45,49,128,25,13,23,41,64,3,118,19,91,89" hai3="79,127,122,104,76,52,99,15,40,62,38,106,123"/><U29/><E72/><V54/><F128/><W10/><G127/><T1/><D68/><U69/><E131/><V119/><F119/><W115/><G115/><T135/><D105/><U27/><E113/><V18/><F3/><W55/><G40/><T125/><D130/><U97/><E69/><V21/><F118/><W103/><G38/><T6/><D1/><U74/><E74/><V108/><F108/><W87/><G106/><T85/><D135/><U126/><E126/><V32/><F32/><W96/><G96/><T83/><D125/><U124/><E124/><V121/><F121/><W116/><G116/><T107/><D107/><U2/><E31/><V94/><F64/><N who="0" m="24682" /><D59/><U50/><E0/><V37/><REACH who="2" step="1"/><F94/><REACH who="2" ten="338,202,194,256" step="2"/><W4/><G122/><T75/><D75/><U63/><E97/><V110/><F110/><W82/><G123/><T90/><D78/><U46/><E86/><V88/><F88/><W95/><G104/><T67/><D67/><U47/><E2/><V57/><AGARI ba="0,1" hai="13,18,19,21,23,25,37,41,45,49,54,57,89,91" machi="57" ten="20,5200,0" yaku="1,1,0,1,7,1,52,1,53,0" doraHai="43" doraHaiUra="109" who="2" fromWho="2" sc="338,-13,202,-26,194,62,256,-13" /><INIT seed="2,0,0,2,0,20" ten="325,176,256,243" oya="2" hai0="4,95,77,102,12,15,36,127,119,86,78,91,106" hai1="50,7,80,0,118,1,72,21,126,60,128,17,3" hai2="35,134,74,68,67,110,123,27,41,97,28,76,38" hai3="111,52,59,99,61,130,121,122,2,88,103,98,125"/><V124/><F123/><W63/><G111/><T96/><D127/><U107/><E118/><V57/><F124/><W31/><G125/><T43/><D119/><U24/><E126/><V14/><F57/><W55/><G130/><T54/><D36/><U82/><E107/><V120/><F120/><W39/><G39/><T129/><D43/><U42/><E128/><V112/><F112/><W6/><G31/><T101/><D129/><U25/><E7/><V8/><F134/><W10/><G98/><T73/><D102/><U81/><E60/><V83/><F110/><W30/><G30/><T49/><D4/><U29/><E72/><V65/><F97/><W19/><G19/><T79/><REACH who="0" step="1"/><D73/><REACH who="0" ten="315,176,256,243" step="2"/><U34/><E42/><V47/><REACH who="2" step="1"/><F68/><REACH who="2" ten="315,176,246,243" step="2"/><W100/><G121/><T18/><D18/><AGARI ba="0,2" hai="8,14,18,27,28,35,38,41,47,65,67,74,76,83" machi="18" ten="30,12000,1" yaku="1,1,2,1,7,1,52,1,53,1" doraHai="20" doraHaiUra="22" who="2" fromWho="0" sc="315,-120,176,0,246,140,243,0" /><INIT seed="2,1,0,5,1,133" ten="195,176,386,243" oya="2" hai0="52,54,64,49,97,14,30,117,56,34,83,95,25" hai1="3,89,106,96,102,66,73,79,81,132,45,129,26" hai2="120,92,28,85,135,6,68,94,40,36,93,98,18" hai3="9,75,20,61,105,41,131,44,76,11,125,62,10"/><V35/><F120/><W107/><G125/><T113/><D117/><U70/><E3/><V124/><F135/><W108/><G108/><T122/><D122/><U31/><E45/><V8/><F68/><W55/><G131/><T84/><D113/><U65/><E132/><V78/><F40/><W48/><G20/><T4/><D64/><U50/><E129/><V77/><F36/><W32/><G32/><T42/><D42/><U58/><E70/><V57/><F18/><W100/><G100/><T82/><D84/><U126/><E126/><V67/><F28/><W23/><G23/><T71/><D71/><U29/><E29/><V16/><F35/><W121/><G121/><T91/><REACH who="0" step="1"/><D54/><REACH who="0" ten="185,176,386,243" step="2"/><U109/><E109/><V101/><F85/><W123/><G123/><T46/><D46/><U53/><E53/><V116/><BYE who="1" /><F116/><W128/><G128/><UN n1="%E5%AE%9D%E5%90%8A%E5%AE%9D" /><T17/><D17/><U24/><E66/><V111/><F16/><W59/><G41/><T127/><D127/><U22/><E65/><V112/><F124/><W63/><G44/><T115/><D115/><U12/><E31/><V80/><F112/><W1/><G75/><T0/><D0/><U38/><E58/><V7/><F67/><W39/><G1/><T15/><D15/><U60/><E12/><V43/><F43/><W99/><G55/><T5/><D5/><U103/><E38/><V90/><F6/><W119/><G119/><T21/><D21/><U130/><E22/><V114/><F114/><W74/><G74/><T88/><D88/><U86/><E130/><V19/><F7/><W37/><G59/><RYUUKYOKU ba="1,1" sc="185,30,176,-10,386,-10,243,-10" hai0="4,14,25,30,34,49,52,56,82,83,91,95,97" /><INIT seed="3,2,1,1,3,69" ten="215,166,376,233" oya="3" hai0="44,86,40,16,2,91,98,130,46,35,41,5,111" hai1="109,34,110,125,18,30,72,58,87,95,32,53,85" hai2="120,78,52,96,119,128,124,126,103,134,29,113,9" hai3="112,123,64,65,94,47,76,21,15,33,42,89,23"/><W38/><G123/><T93/><D35/><U105/><E105/><V17/><F119/><W84/><G112/><T115/><D115/><U97/><E72/><V8/><F113/><W26/><G76/><T36/><D111/><N who="1" m="42507" /><E125/><V73/><F134/><W67/><REACH who="3" step="1"/><G15/><REACH who="3" ten="215,166,376,223" step="2"/><T133/><D133/><U121/><E121/><V74/><F78/><W11/><G11/><T68/><D130/><U135/><E135/><V99/><F8/><W22/><G22/><T19/><D2/><U101/><E34/><V75/><F120/><W108/><G108/><T13/><D13/><U14/><E32/><V61/><F9/><W70/><G70/><T129/><D68/><U20/><E30/><AGARI ba="2,2" hai="21,23,26,30,33,38,42,47,64,65,67,84,89,94" machi="30" ten="40,12000,1" yaku="1,1,52,1,53,3" doraHai="69" doraHaiUra="62" who="3" fromWho="1" sc="215,0,166,-126,376,0,223,146" /><INIT seed="3,3,0,2,1,127" ten="215,40,376,369" oya="3" hai0="33,6,4,69,98,76,60,58,39,94,1,88,106" hai1="81,123,111,73,21,22,63,120,78,118,26,7,128" hai2="44,54,34,27,100,112,19,49,62,25,90,77,75" hai3="67,82,10,122,71,121,101,13,35,85,57,97,37"/><W114/><G114/><T48/><D39/><U80/><E111/><V93/><F112/><W86/><G71/><T43/><D69/><U134/><E134/><V83/><F100/><W32/><G37/><T40/><D33/><U46/><E22/><V117/><F117/><W38/><G38/><T47/><D43/><U131/><E118/><V31/><F62/><W105/><G32/><T55/><D1/><U107/><E107/><V20/><F93/><W108/><G35/><T53/><D106/><U110/><E46/><V113/><F113/><W12/><G108/><T104/><D104/><U61/><E7/><V23/><F90/><W68/><G68/><T64/><D76/><U129/><E81/><V102/><F102/><W74/><G74/><T14/><REACH who="0" step="1"/><D4/><REACH who="0" ten="205,40,376,369" step="2"/><U109/><E109/><V70/><F70/><W130/><G122/><N who="1" m="46634" /><E110/><V126/><F126/><W119/><G121/><T51/><D51/><U52/><E52/><V42/><F42/><W29/><G119/><T18/><D18/><AGARI ba="3,1" hai="18,21,26,61,63,73,78,80,128,129,131" m="46634" machi="18" ten="40,8000,1" yaku="19,1,52,3" doraHai="127" who="1" fromWho="0" sc="205,-89,40,99,376,0,369,0" /><INIT seed="4,0,0,3,5,31" ten="116,139,376,369" oya="0" hai0="25,95,17,128,3,16,26,55,105,21,133,36,19" hai1="122,75,92,49,87,47,0,33,110,60,22,53,71" hai2="115,10,112,59,73,126,27,85,104,46,1,13,61" hai3="58,84,51,125,117,103,34,45,118,4,69,56,18"/><T40/><D105/><U123/><E75/><V114/><F73/><W119/><G69/><T30/><D3/><U101/><E0/><V11/><F126/><W52/><G125/><T63/><D128/><U113/><E110/><V68/><F68/><W72/><G72/><T38/><D133/><U102/><E113/><V134/><F134/><W116/><G116/><T98/><D26/><U131/><E131/><V79/><F104/><W132/><G132/><T28/><D30/><U100/><E33/><V2/><F46/><W6/><G34/><T65/><D55/><U15/><E71/><V9/><F13/><W107/><G84/><T121/><D40/><U8/><E22/><V43/><F43/><W62/><G58/><T94/><D94/><U32/><E32/><V64/><F27/><W97/><REACH who="3" step="1"/><G18/><REACH who="3" ten="116,139,376,359" step="2"/><T130/><D130/><U90/><REACH who="1" step="1"/><E60/><REACH who="1" ten="116,129,376,359" step="2"/><V57/><F57/><W78/><G78/><T80/><D63/><U129/><E129/><V67/><F59/><W93/><G93/><T50/><D95/><U111/><E111/><V81/><F61/><W109/><G109/><T82/><D82/><U24/><E24/><V76/><F76/><W74/><G74/><T5/><D80/><U88/><E88/><V127/><F127/><W23/><G23/><T29/><D21/><U42/><E42/><AGARI ba="0,2" hai="4,6,42,45,51,52,56,62,97,103,107,117,118,119" machi="42" ten="40,5200,0" yaku="1,1,54,1,53,1" doraHai="31" doraHaiUra="54" who="3" fromWho="1" sc="116,0,129,-52,376,0,359,72" /><INIT seed="5,0,0,0,3,16" ten="116,77,376,431" oya="1" hai0="64,108,26,97,122,134,77,60,98,11,113,66,75" hai1="101,31,133,106,3,6,76,102,130,83,111,46,95" hai2="52,14,129,21,119,53,51,68,7,41,35,132,89" hai3="117,47,67,59,63,88,30,57,50,56,103,81,71"/><U90/><E31/><V107/><F119/><W124/><G117/><T93/><D108/><U96/><E111/><V109/><F109/><W55/><G103/><T13/><D113/><U135/><E46/><V115/><F35/><W84/><G30/><T43/><D43/><U78/><E6/><V127/><F107/><W86/><G124/><T44/><D44/><U29/><E29/><V94/><F68/><W9/><G9/><T40/><D40/><U112/><E3/><V69/><F69/><W2/><G2/><T116/><D116/><U87/><E112/><V23/><F127/><W85/><AGARI ba="0,0" hai="47,50,55,56,57,59,63,67,71,81,84,85,86,88" machi="85" ten="30,2000,0" yaku="0,1,54,1" doraHai="16" who="3" fromWho="3" sc="116,-5,77,-10,376,-5,431,20" /><INIT seed="6,0,0,3,3,68" ten="111,67,371,451" oya="2" hai0="74,1,83,75,5,43,79,88,44,18,78,19,34" hai1="93,122,42,63,38,110,105,0,80,13,60,72,133" hai2="76,10,9,32,103,39,96,116,104,131,73,27,57" hai3="50,121,111,14,77,4,130,91,101,3,37,28,132"/><V65/><F116/><W40/><G121/><T69/><D69/><U12/><E105/><V61/><F131/><W89/><G3/><T70/><D70/><U81/><E110/><V94/><F104/><W117/><G117/><T58/><D34/><U85/><E93/><V8/><F73/><W17/><G37/><N who="0" m="21615" /><D79/><U64/><E63/><V25/><F32/><W95/><G111/><T66/><D75/><U90/><E122/><V100/><F76/><W127/><G132/><T114/><D114/><U20/><E133/><V45/><REACH who="2" step="1"/><F103/><REACH who="2" ten="111,67,361,451" step="2"/><W118/><G77/><T98/><D78/><U2/><E72/><V62/><F62/><W102/><G118/><T55/><D74/><U35/><E60/><V15/><F15/><W11/><G14/><T59/><D1/><U53/><E35/><V125/><F125/><W123/><G127/><T31/><D88/><U24/><E90/><V87/><F87/><W106/><G106/><T129/><D129/><U26/><E85/><V134/><F134/><W135/><G130/><T92/><D98/><U97/><E97/><V109/><F109/><W6/><G135/><T52/><D66/><U36/><E64/><V33/><F33/><W46/><G102/><T99/><D99/><U16/><E20/><V47/><F47/><W41/><G101/><T113/><D59/><U54/><REACH who="1" step="1"/><E42/><AGARI ba="0,1" hai="8,9,10,25,27,39,42,45,57,61,65,94,96,100" machi="42" ten="40,3900,0" yaku="1,1,52,1,53,0" doraHai="68" doraHaiUra="126" who="2" fromWho="1" sc="111,0,67,-39,361,49,451,0" /><INIT seed="6,1,0,4,1,33" ten="111,28,410,451" oya="2" hai0="114,126,92,44,39,112,83,29,81,25,94,102,98" hai1="84,120,132,75,128,71,78,38,4,85,130,24,134" hai2="0,7,106,127,56,48,32,31,8,19,87,58,14" hai3="17,123,129,125,26,108,121,49,6,65,20,9,61"/><V2/><F127/><W118/><G118/><T34/><D126/><U53/><E24/><N who="2" m="18535" /><F106/><W22/><G125/><T103/><D39/><U16/><E38/><V80/><F48/><W45/><G129/><N who="1" m="49770" /><E71/><V97/><F97/><W115/><G115/><N who="0" m="44075" /><D44/><U60/><E4/><V11/><F11/><W70/><G108/><T42/><D42/><U82/><E120/><V15/><F15/><W3/><REACH who="3" step="1"/><G22/><REACH who="3" ten="111,28,410,441" step="2"/><T12/><D12/><U52/><E60/><V99/><F0/><W55/><AGARI ba="1,1" hai="3,6,9,17,20,26,45,49,55,61,65,70,121,123" machi="55" ten="20,12000,2" yaku="1,1,2,1,0,1,7,1,52,1,53,2" doraHai="33" doraHaiUra="117" who="3" fromWho="3" sc="111,-31,28,-31,410,-61,441,133" owari="80,-32.0,-3,-50.0,349,15.0,574,67.0" /></mjloggm>