<mjloggm ver="2.3"><GO type="169" lobby="0"/><UN n0="%E9%9D%92%E5%B1%B1%E5%AD%A6%E9%99%A2%EF%BC%94%E5%B9%B4" n1="%E5%B9%BB%E5%BD%B1%E3%81%AE%E9%9F%B3" n2="%E3%81%8B%E3%81%B0%E3%82%84%E3%81%8D%E3%82%89%E3%81%8F%E3%81%A0" n3="%E3%81%84%E3%81%AE%E3%81%91%E3%82%93" dan="17,17,17,16" rate="2190.24,2175.97,2095.59,2104.52" sx="M,F,M,F"/><TAIKYOKU oya="0"/><INIT seed="0,0,0,0,1,96" ten="250,250,250,250" oya="0" hai0="20,13,60,112,135,102,98,25,103,74,48,30,69" hai1="75,42,70,129,37,11,99,121,16,31,109,49,63" hai2="130,115,17,12,111,68,82,78,88,34,19,86,8" hai3="119,2,81,100,114,118,36,113,6,38,108,57,65"/><T15/><D74/><U94/><E75/><V47/><F115/><W41/><G6/><T80/><D112/><N who="3" m="43113" /><G2/><T73/><D135/><U5/><E121/><V54/><F68/><W62/><G81/><T23/><D98/><U32/><E37/><N who="3" m="14442" /><G100/><T22/><D48/><U125/><E32/><V39/><F34/><W117/><G41/><T101/><D13/><U105/><E31/><V110/><F19/><W97/><G97/><T120/><D120/><U26/><E105/><V35/><F35/><W93/><G93/><T4/><D60/><U134/><E63/><V43/><F130/><W128/><G128/><T46/><D69/><U133/><E70/><V29/><F29/><W123/><G123/><T83/><D46/><U132/><E129/><V3/><F3/><W127/><G127/><T85/><D73/><U91/><E125/><V87/><REACH who="2" step="1"/><F54/><REACH who="2" ten="250,250,240,250" step="2"/><W92/><G118/><T131/><D131/><U55/><E55/><V122/><F122/><W40/><G117/><T45/><D45/><N who="1" m="25783" /><E5/><V76/><F76/><W7/><G119/><T107/><D107/><U95/><E11/><V104/><F104/><W84/><G7/><T90/><D80/><AGARI ba="0,1" hai="8,12,17,39,43,47,78,80,82,86,87,88,110,111" machi="80" ten="40,2600,0" yaku="1,1,54,1,53,0" doraHai="96" doraHaiUra="66" who="2" fromWho="0" sc="250,-26,250,0,240,36,250,0" /><INIT seed="1,0,0,0,1,13" ten="224,250,276,250" oya="1" hai0="112,102,69,59,45,60,135,65,108,28,77,29,110" hai1="53,26,93,67,3,74,81,113,122,117,82,22,14" hai2="8,12,68,58,121,99,15,55,80,96,10,64,61" hai3="130,83,100,41,1,0,33,125,79,103,32,20,109"/><U66/><E3/><V124/><F121/><W18/><G109/><T27/><D112/><U104/><E104/><V48/><F124/><W44/><G125/><T9/><D135/><U2/><E2/><V57/><F68/><W89/><G1/><T31/><D77/><U62/><E117/><V54/><F64/><N who="1" m="24617" /><E74/><V39/><F39/><W56/><G0/><T11/><D102/><U73/><E73/><V40/><F40/><W90/><G130/><T119/><D119/><U76/><E76/><V21/><F80/><W86/><G33/><T34/><D69/><U116/><E116/><V25/><F15/><W132/><G32/><T5/><D45/><U72/><E72/><V47/><F47/><W23/><G23/><T95/><D95/><U46/><E14/><V78/><F78/><W133/><G132/><T101/><D101/><U107/><E107/><V16/><F8/><N who="0" m="3146" /><D5/><AGARI ba="0,0" hai="5,10,12,16,21,25,48,54,55,57,58,61,96,99" machi="5" ten="30,7700,0" yaku="7,1,8,1,52,1,54,1" doraHai="13" who="2" fromWho="0" sc="224,-77,250,0,276,77,250,0" /><INIT seed="2,0,0,5,5,63" ten="147,250,353,250" oya="2" hai0="12,60,26,93,7,119,91,65,132,124,122,105,102" hai1="22,131,76,127,51,17,23,66,92,90,58,4,28" hai2="25,11,71,111,30,134,70,75,129,5,126,98,133" hai3="108,35,100,103,37,3,10,36,101,125,109,59,45"/><V47/><F75/><W6/><G35/><T64/><D122/><U118/><E131/><V62/><F129/><W40/><G125/><T110/><D110/><N who="3" m="42601" /><G59/><T16/><D124/><U107/><E107/><V29/><F126/><W13/><G36/><T53/><D105/><U81/><E4/><V121/><F121/><W49/><G37/><T2/><D2/><AGARI ba="0,0" hai="2,3,6,10,13,40,45,49,100,101,103" m="42601" machi="2" ten="30,1000,0" yaku="14,1" doraHai="63" who="3" fromWho="0" sc="147,-10,250,0,353,0,250,10" /><INIT seed="3,0,0,4,0,73" ten="137,250,353,260" oya="3" hai0="30,1,8,16,112,75,98,87,95,24,62,36,58" hai1="78,74,29,53,93,28,114,100,91,47,96,106,110" hai2="51,25,82,7,15,40,41,45,116,11,33,130,55" hai3="131,57,2,94,10,71,21,56,117,4,48,86,38"/><W67/><G117/><T22/><D75/><U20/><E110/><V97/><F130/><W126/><G38/><T14/><D36/><U27/><E114/><V120/><F120/><W102/><G131/><T64/><D112/><U46/><E53/><V119/><F97/><W13/><G126/><T32/><D87/><U107/><E29/><V88/><F119/><W122/><G122/><T118/><D118/><U52/><E107/><V3/><F116/><W19/><G71/><T121/><D121/><U99/><REACH who="1" step="1"/><E52/><REACH who="1" ten="137,240,353,260" step="2"/><V123/><F123/><W80/><G67/><T85/><D85/><U81/><AGARI ba="0,1" hai="20,27,28,46,47,74,78,81,91,93,96,99,100,106" machi="81" ten="30,7900,0" yaku="1,1,2,1,0,1,52,1,53,0" doraHai="73" doraHaiUra="135" who="1" fromWho="1" sc="137,-20,240,89,353,-20,260,-39" /><INIT seed="4,0,0,4,2,100" ten="117,329,333,221" oya="0" hai0="61,57,66,99,128,73,76,25,60,8,98,42,63" hai1="28,2,81,17,94,34,92,18,36,10,14,5,86" hai2="126,124,95,130,29,134,72,31,0,52,97,122,77" hai3="16,6,104,119,105,20,129,26,89,114,3,38,96"/><T101/><D128/><U107/><E36/><V84/><F0/><W59/><G119/><T45/><D99/><U12/><E28/><V41/><F122/><W33/><G38/><T7/><D25/><U47/><E34/><V48/><F41/><W135/><G129/><T123/><D123/><U83/><E2/><V120/><F72/><W106/><G114/><T103/><D103/><U115/><E5/><V111/><F111/><W9/><G135/><T56/><D73/><U1/><E1/><V90/><F120/><W49/><G33/><T110/><D76/><U24/><E24/><V121/><F134/><W27/><G27/><T93/><D110/><U11/><E115/><V58/><F130/><W71/><G71/><T69/><D69/><U43/><E107/><V131/><F131/><W21/><G21/><T109/><D109/><U23/><E23/><V113/><F113/><W68/><G68/><T85/><D85/><U55/><E43/><V79/><F79/><W116/><G116/><T35/><D35/><U132/><E132/><V87/><F87/><W70/><G70/><T53/><D60/><U51/><E83/><N who="2" m="47215" /><F121/><W102/><REACH who="3" step="1"/><G89/><AGARI ba="0,0" hai="10,11,12,14,17,18,47,51,55,81,86,89,92,94" machi="89" ten="30,8000,1" yaku="7,1,9,1,25,2,8,1" doraHai="100" who="1" fromWho="3" sc="117,0,329,80,333,0,221,-80" /><INIT seed="5,0,0,4,2,47" ten="117,409,333,141" oya="1" hai0="128,126,93,63,82,31,99,133,16,134,105,106,37" hai1="91,18,74,46,36,94,52,49,89,7,24,14,131" hai2="53,15,73,76,122,66,17,56,39,3,123,8,42" hai3="121,132,69,44,4,118,101,5,59,33,77,67,51"/><U9/><E74/><V26/><F66/><W21/><G121/><T96/><D37/><U100/><E131/><V54/><F26/><W113/><G33/><T80/><D31/><U2/><E36/><V88/><F3/><W43/><G113/><T119/><D63/><U127/><E127/><V55/><F56/><W20/><G69/><T19/><D128/><U130/><E130/><V12/><F39/><W72/><G132/><T40/><D40/><U71/><E71/><V70/><F42/><W60/><G118/><T6/><D6/><N who="3" m="2665" /><G72/><T58/><D58/><U38/><E38/><V27/><F70/><W125/><G125/><T85/><D126/><U61/><E61/><V112/><F112/><W92/><G77/><T124/><D124/><U11/><E24/><V64/><F64/><W97/><AGARI ba="0,0" hai="20,21,43,44,51,59,60,67,92,97,101" m="2665" machi="97" ten="30,2000,0" yaku="8,1,52,1" doraHai="47" who="3" fromWho="3" sc="117,-5,409,-10,333,-5,141,20" /><INIT seed="6,0,0,2,1,9" ten="112,399,328,161" oya="2" hai0="133,29,64,75,76,55,3,71,129,7,59,98,8" hai1="89,88,31,80,1,82,50,118,100,16,48,121,103" hai2="110,77,62,104,25,116,63,17,36,22,117,131,21" hai3="51,70,27,124,67,73,52,86,109,97,30,108,112"/><V40/><F104/><W6/><G73/><T93/><D133/><U44/><E1/><V23/><F77/><W54/><G112/><T32/><D129/><U38/><E31/><V85/><F85/><W94/><G124/><T122/><D122/><U96/><E38/><V87/><F87/><W45/><G86/><T119/><D119/><U13/><E118/><V125/><F22/><W42/><G6/><T68/><D64/><U26/><E26/><V113/><F113/><W19/><G19/><T99/><D99/><U20/><E50/><V107/><F107/><W120/><G120/><T130/><D130/><U61/><E61/><V69/><F63/><W134/><G134/><T60/><D32/><U56/><E56/><V41/><F41/><W114/><G114/><T84/><D75/><U4/><E4/><V105/><F105/><W74/><G74/><T65/><D55/><U47/><E47/><V83/><F110/><W106/><G106/><T132/><D132/><U101/><E121/><V127/><F131/><W57/><G70/><T126/><D126/><U35/><E35/><V49/><F127/><W0/><G0/><T14/><D29/><U102/><N who="1" m="25600" /><DORA hai="46" /><U34/><E34/><V123/><F125/><W95/><G109/><T10/><D98/><U12/><E96/><V2/><F123/><W11/><G97/><T18/><REACH who="0" step="1"/><D76/><REACH who="0" ten="102,399,328,161" step="2"/><U43/><E43/><V128/><F40/><N who="3" m="24999" /><G108/><T81/><D81/><U5/><E82/><V66/><F83/><W78/><G42/><T90/><AGARI ba="0,1" hai="3,7,8,10,14,18,59,60,65,68,71,84,90,93" machi="90" ten="30,7900,0" yaku="1,1,0,1,52,1,53,1" doraHai="9,46" doraHaiUra="91,92" who="0" fromWho="0" sc="102,89,399,-20,328,-39,161,-20" /><INIT seed="7,0,0,3,2,67" ten="191,379,289,141" oya="3" hai0="49,64,20,84,104,62,10,121,79,108,76,103,24" hai1="135,113,124,89,40,69,11,97,116,78,93,30,86" hai2="15,52,31,94,102,3,128,130,26,92,38,53,80" hai3="6,21,126,35,105,34,133,18,55,87,114,134,101"/><W70/><G114/><T88/><D108/><U46/><E69/><V74/><F3/><W1/><G126/><T82/><D121/><U83/><E135/><N who="3" m="51722" /><G101/><T73/><D73/><U60/><E124/><V57/><F38/><W14/><G105/><T119/><D119/><U36/><E113/><V75/><F15/><W131/><G131/><N who="2" m="50217" /><F53/><W5/><G87/><T115/><D115/><U90/><E116/><V33/><F102/><W61/><G55/><T106/><D106/><U50/><E36/><V68/><F68/><W17/><G17/><T118/><D118/><U7/><E30/><V85/><F75/><W111/><G111/><T91/><D79/><U12/><E60/><N who="2" m="35879" /><F74/><W29/><G29/><T47/><D103/><AGARI ba="0,0" hai="7,11,12,40,46,50,78,83,86,89,90,93,97,103" machi="103" ten="30,7700,0" yaku="7,1,25,2,8,1" doraHai="67" who="1" fromWho="0" sc="191,-77,379,77,289,0,141,0" owari="114,-39.0,456,56.0,289,9.0,141,-26.0" /></mjloggm>