<mjloggm ver="2.3"><GO type="185" lobby="0"/><UN n0="%4D%45%42%49%55%53" n1="%E9%BE%8D%E9%A6%AC%E3%81%AE%E5%B0%8F%E5%80%89" n2="%E8%90%AC%E6%81%8B%E6%AC%A1%E9%83%8E" n3="" dan="16,18,17,0" rate="2218.11,2269.48,2260.50,1500.00" sx="F,M,M,C"/><TAIKYOKU oya="0"/><INIT seed="0,0,0,4,5,40" ten="350,350,350,0" oya="0" hai0="34,79,112,54,89,88,76,102,74,120,46,114,104" hai1="86,99,59,52,57,65,71,135,96,115,132,129,66" hai2="47,81,2,67,38,62,123,107,106,78,84,49,128" hai3=""/><T60/><N who="0" m="30752" /><T121/><N who="0" m="31008" /><T93/><D34/><U94/><E71/><V48/><N who="2" m="31520" /><V42/><F2/><T72/><D60/><U105/><E129/><V101/><F128/><T126/><D126/><U53/><E86/><V127/><F127/><T80/><D46/><U130/><E130/><V83/><F83/><T97/><D54/><U85/><E85/><V92/><F92/><T3/><D3/><U134/><E105/><V64/><F64/><N who="1" m="24681" /><E115/><N who="0" m="44073" /><D104/><U133/><N who="1" m="33792" /><DORA hai="131" /><U113/><E113/><V69/><F107/><T125/><D125/><U50/><E94/><V39/><F106/><T33/><D33/><U56/><E53/><V108/><F69/><T100/><D100/><U45/><AGARI ba="0,0" hai="45,50,52,56,57,59,96,99" m="33792,24681" machi="45" ten="60,9000,2" yaku="20,1,52,5,54,1" doraHai="40,131" who="1" fromWho="1" sc="350,-60,350,90,350,-30,0,0" /><INIT seed="1,0,0,2,1,73" ten="290,440,320,0" oya="1" hai0="75,125,121,46,79,133,120,86,33,32,48,85,102" hai1="50,3,57,61,123,132,77,64,81,124,37,72,65" hai2="129,52,84,101,67,59,103,60,71,68,100,119,43" hai3=""/><U87/><N who="1" m="31520" /><U135/><E37/><V122/><N who="2" m="31264" /><V66/><F119/><T93/><N who="0" m="30752" /><T117/><N who="0" m="31008" /><T76/><D117/><U106/><E3/><V2/><F2/><T35/><D133/><N who="1" m="51275" /><E106/><V44/><F84/><T39/><D39/><U107/><E107/><V41/><F129/><T109/><D109/><U99/><E124/><V47/><F68/><T54/><D125/><U92/><E50/><V89/><F89/><T110/><D110/><U115/><E115/><V62/><REACH who="2" step="1"/><F67/><REACH who="2" ten="290,440,310,0" step="2"/><T0/><D0/><U98/><E64/><V104/><F104/><T105/><D105/><U91/><AGARI ba="0,1" hai="57,61,65,72,77,81,87,91,92,98,99" m="51275,31520" machi="91" ten="30,4000,0" yaku="20,1,52,2" doraHai="73" who="1" fromWho="1" sc="290,-20,440,50,310,-20,0,0" /><INIT seed="1,1,0,4,0,118" ten="270,490,290,0" oya="1" hai0="91,132,135,72,60,35,40,109,68,97,113,67,95" hai1="77,121,103,59,124,107,123,3,86,128,130,57,41" hai2="90,111,2,125,94,117,122,78,36,66,54,129,76" hai3=""/><U69/><N who="1" m="31008" /><U88/><N who="1" m="31520" /><U84/><E69/><V34/><N who="2" m="31264" /><V71/><F117/><T108/><D113/><U51/><E3/><V112/><F2/><T33/><D72/><U42/><E124/><V82/><F34/><N who="0" m="12810" /><D40/><U45/><E41/><V119/><F129/><N who="1" m="49769" /><E77/><V99/><F111/><AGARI ba="1,0" hai="60,67,68,91,95,97,108,109,111,132,135" m="12810" machi="111" ten="30,1000,0" yaku="14,1" doraHai="118" who="0" fromWho="2" sc="270,12,490,0,290,-12,0,0" /><INIT seed="2,0,0,3,2,77" ten="282,490,278,0" oya="2" hai0="58,34,81,91,36,108,125,45,37,98,82,129,41" hai1="67,103,97,44,102,40,43,69,62,134,48,106,92" hai2="100,56,55,119,73,94,51,52,71,115,123,105,87" hai3=""/><V70/><N who="2" m="31520" /><V93/><F119/><T121/><N who="0" m="31008" /><T79/><D34/><U130/><E130/><V65/><F115/><T96/><D129/><U101/><E134/><V68/><F73/><T132/><D132/><U64/><E64/><V117/><F117/><T75/><D108/><U0/><E0/><V133/><F133/><T76/><D125/><U109/><E109/><V33/><F33/><T1/><D1/><U84/><E40/><V122/><N who="2" m="31264" /><V59/><F65/><T80/><D37/><U120/><N who="1" m="30752" /><U47/><E47/><V42/><F42/><T38/><D38/><U126/><E126/><V50/><F87/><T74/><D58/><U49/><E49/><V53/><F55/><T63/><D63/><U85/><REACH who="1" step="1"/><E106/><REACH who="1" ten="282,480,278,0" step="2"/><V131/><F131/><T78/><REACH who="0" step="1"/><D91/><AGARI ba="0,1" hai="43,44,48,62,67,69,84,85,91,92,97,101,102,103" m="30752" machi="91" ten="40,5200,0" yaku="1,1,2,1,52,1,53,0" doraHai="77" doraHaiUra="128" who="1" fromWho="0" sc="282,-52,480,62,278,0,0,0" /><INIT seed="4,0,0,2,3,74" ten="230,542,278,0" oya="0" hai0="121,125,50,86,112,114,133,42,66,67,76,33,85" hai1="126,122,135,119,117,3,94,111,77,38,53,105,93" hai2="83,59,99,36,75,130,132,110,98,115,41,58,54" hai3=""/><T57/><N who="0" m="31008" /><T43/><D33/><U49/><N who="1" m="31264" /><U103/><E111/><V62/><F110/><T56/><D133/><U102/><E3/><V52/><F132/><T97/><D97/><U116/><E135/><V118/><F130/><T73/><D73/><U129/><E129/><V90/><F115/><T113/><D125/><U60/><E38/><V39/><F118/><T68/><D68/><U1/><E1/><V127/><F127/><T72/><D72/><U96/><E126/><V34/><F34/><T89/><D76/><U32/><E32/><V55/><F55/><T2/><D2/><U46/><E102/><V47/><F36/><T78/><D78/><U65/><REACH who="1" step="1"/><E77/><REACH who="1" ten="230,532,278,0" step="2"/><V61/><REACH who="2" step="1"/><F75/><REACH who="2" ten="230,532,268,0" step="2"/><T70/><D113/><U134/><E134/><V45/><F45/><T120/><N who="0" m="30752" /><T128/><D128/><U35/><E35/><V37/><F37/><T124/><D124/><U131/><E131/><V0/><F0/><T80/><D114/><U106/><E106/><V44/><F44/><T100/><D112/><U108/><E108/><V101/><F101/><T107/><D100/><U48/><E48/><V104/><F104/><T71/><D107/><U82/><E82/><V91/><F91/><T69/><D89/><RYUUKYOKU ba="0,2" sc="230,-20,532,10,268,10,0,0" hai1="46,49,53,60,65,93,94,96,103,105,116,117,119" hai2="39,41,47,52,54,58,59,61,62,83,90,98,99" /><INIT seed="5,1,2,5,5,89" ten="210,542,278,0" oya="1" hai0="99,59,126,1,119,131,70,116,51,106,64,3,65" hai1="83,104,35,62,100,103,75,63,87,96,60,41,61" hai2="48,130,82,84,90,129,110,38,114,57,122,2,49" hai3=""/><U47/><E35/><V52/><N who="2" m="31264" /><V121/><N who="2" m="31008" /><V108/><F2/><T67/><D70/><U36/><E75/><V97/><F114/><T74/><D74/><U112/><E112/><V40/><F38/><T33/><D33/><U45/><E100/><V123/><N who="2" m="31520" /><V133/><F133/><T46/><D59/><U102/><E102/><V76/><F40/><T125/><D106/><U134/><E45/><V73/><F48/><T66/><N who="0" m="16384" /><DORA hai="42" /><T34/><D99/><U101/><E101/><V81/><REACH who="2" step="1"/><F97/><REACH who="2" ten="210,542,268,0" step="2"/><T86/><D34/><U69/><E134/><V78/><F78/><T80/><D1/><U43/><E43/><V55/><F55/><T111/><D3/><U37/><E37/><V105/><F105/><T93/><D51/><U107/><E107/><V95/><F95/><T124/><D93/><U127/><E62/><V132/><F132/><T92/><D92/><U91/><E69/><V85/><F85/><T113/><D86/><U58/><E61/><V88/><F88/><T72/><D113/><U50/><E60/><V128/><AGARI ba="1,3" hai="49,52,57,73,76,81,82,84,90,108,110,128,129,130" m="31520,31008,31264" machi="128" ten="30,9000,2" yaku="1,1,0,1,19,1,52,3,54,1,53,0" doraHai="89,42" doraHaiUra="98,0" who="2" fromWho="2" sc="210,-31,542,-61,268,122,0,0" /><INIT seed="6,0,0,0,1,129" ten="179,481,390,0" oya="2" hai0="95,126,125,64,70,76,73,39,113,77,34,42,35" hai1="108,82,58,114,33,46,128,3,135,81,60,86,116" hai2="38,79,80,115,68,133,119,1,67,127,41,45,104" hai3=""/><V99/><F1/><T96/><D96/><U74/><E3/><V100/><F119/><T88/><D88/><U130/><E33/><V66/><F115/><T85/><D95/><U65/><E114/><V63/><F66/><T83/><D85/><U54/><E116/><V112/><F112/><T120/><D83/><U78/><E108/><V89/><F89/><T36/><D77/><U75/><E135/><V72/><F127/><T84/><D84/><U92/><E92/><V32/><F32/><T2/><D76/><U44/><E65/><V121/><N who="2" m="31008" /><V98/><F98/><T47/><D47/><U110/><E110/><V59/><F59/><T124/><D42/><U91/><E74/><V134/><AGARI ba="0,0" hai="38,41,45,63,67,68,72,79,80,99,100,104,133,134" m="31008" machi="134" ten="30,12000,2" yaku="0,1,23,2,52,3" doraHai="129" who="2" fromWho="2" sc="179,-60,481,-60,390,120,0,0" owari="119,-48.0,421,2.0,510,46.0,0,0.0" /></mjloggm>