<mjloggm ver="2.3"><GO type="169" lobby="0"/><UN n0="%E4%BD%90%E3%80%85%E6%9C%A8%E5%AF%BF%E4%BA%BA%50" n1="%E3%81%B9%E3%81%BB%E3%81%84%E3%81%BF" n2="%4A%4F%4A%4F%31%39%38%35" n3="%E3%82%A6%E3%82%A3%E3%83%B3%44" dan="16,16,16,16" rate="2173.43,2102.76,2101.72,2168.32" sx="M,F,M,M"/><TAIKYOKU oya="0"/><INIT seed="0,0,0,4,2,25" ten="250,250,250,250" oya="0" hai0="23,123,130,19,74,119,129,103,20,5,64,66,12" hai1="24,104,60,59,3,69,106,49,114,82,30,98,111" hai2="52,45,50,122,94,95,125,33,132,72,6,76,110" hai3="9,17,96,113,81,41,75,0,13,86,102,7,4"/><T14/><D119/><U105/><E111/><V100/><F122/><W47/><G113/><T37/><D123/><U21/><E114/><V11/><F72/><W10/><G75/><T127/><D74/><U38/><E38/><V112/><F112/><W43/><G17/><T28/><D127/><U92/><E3/><V70/><F76/><W53/><G53/><T84/><D103/><U32/><E82/><V89/><F110/><W8/><G8/><T107/><D107/><U27/><E49/><V42/><F132/><W31/><G47/><T101/><D101/><U115/><E115/><V79/><F79/><W77/><REACH who="3" step="1"/><G31/><REACH who="3" ten="250,250,250,240" step="2"/><T39/><D19/><U63/><E59/><V73/><F52/><W68/><G68/><T108/><D108/><U16/><REACH who="1" step="1"/><E69/><REACH who="1" ten="250,240,250,240" step="2"/><V109/><F70/><W93/><AGARI ba="0,2" hai="0,4,7,9,10,13,41,43,77,81,86,93,96,102" machi="93" ten="20,2700,0" yaku="1,1,0,1,7,1,53,0" doraHai="25" doraHaiUra="46" who="3" fromWho="3" sc="250,-13,240,-7,250,-7,240,47" /><INIT seed="1,0,0,1,5,130" ten="237,233,243,287" oya="1" hai0="8,12,30,14,21,73,58,92,111,124,85,60,105" hai1="57,109,121,29,64,127,56,6,122,33,115,75,119" hai2="47,63,52,20,96,28,13,129,94,76,118,88,69" hai3="90,77,126,82,39,32,125,50,55,81,104,9,46"/><U59/><E33/><V117/><F129/><W78/><G32/><T80/><D105/><U45/><E29/><V67/><F76/><N who="3" m="29291" /><G104/><T95/><D111/><U116/><E6/><V99/><F99/><W34/><G34/><T84/><D73/><U36/><E75/><V40/><F28/><W49/><G39/><T97/><D124/><N who="3" m="47721" /><G90/><T66/><D80/><U89/><E89/><V38/><REACH who="2" step="1"/><F52/><REACH who="2" ten="237,233,233,287" step="2"/><N who="3" m="29751" /><G9/><T16/><D30/><U65/><E127/><V24/><F24/><W110/><G110/><T61/><D61/><U27/><E27/><V54/><F54/><W74/><G74/><T91/><REACH who="0" step="1"/><D95/><REACH who="0" ten="227,233,233,287" step="2"/><U1/><E109/><V31/><F31/><W107/><G107/><T42/><D42/><U134/><E121/><V41/><F41/><W4/><G4/><AGARI ba="0,2" hai="4,8,12,14,16,21,58,60,66,84,85,91,92,97" machi="4" ten="30,7700,0" yaku="1,1,7,1,8,1,54,1,53,0" doraHai="130" doraHaiUra="135" who="0" fromWho="3" sc="227,97,233,0,233,0,287,-77" /><INIT seed="2,0,0,5,2,123" ten="324,233,233,210" oya="2" hai0="133,56,74,118,8,129,40,22,11,114,126,73,18" hai1="62,82,132,113,69,53,66,90,84,2,32,55,76" hai2="104,6,65,21,47,5,109,130,125,36,30,35,100" hai3="127,110,91,70,51,59,67,20,75,89,61,87,95"/><V7/><F104/><W48/><G75/><T31/><D114/><U41/><E132/><V79/><F100/><W45/><G127/><T63/><D129/><U134/><E134/><V9/><F79/><W94/><G110/><T106/><D106/><U77/><E32/><V101/><F101/><W98/><G70/><T33/><D118/><U119/><E113/><V111/><F65/><W99/><G87/><T19/><D56/><U81/><E2/><V44/><F125/><W13/><REACH who="3" step="1"/><G45/><REACH who="3" ten="324,233,233,200" step="2"/><N who="2" m="17481" /><F130/><W42/><G42/><T97/><D40/><U68/><E41/><V37/><F35/><W128/><G128/><T124/><D33/><U46/><E69/><V43/><F43/><W122/><G122/><T1/><D126/><U58/><E68/><V131/><F131/><W29/><G29/><T39/><D74/><U10/><E84/><V0/><F36/><W86/><G86/><T25/><D39/><U115/><E115/><V49/><F37/><W50/><G50/><T54/><D73/><U24/><E119/><V34/><F49/><W108/><G108/><N who="2" m="41545" /><F34/><W85/><G85/><T57/><D124/><U121/><E121/><V60/><F60/><W23/><G23/><T103/><D133/><U16/><E77/><V107/><F107/><W71/><G71/><T116/><D63/><U105/><E76/><V15/><F30/><W120/><G120/><T17/><D31/><U12/><E105/><V27/><F27/><W83/><G83/><T4/><D25/><U64/><E24/><V52/><F52/><W3/><G3/><N who="0" m="31" /><D116/><U38/><E82/><V26/><F26/><RYUUKYOKU ba="0,1" sc="324,-15,233,-15,233,15,200,15" hai2="0,5,6,7,9,15,21" hai3="13,20,48,51,59,61,67,89,91,94,95,98,99" /><INIT seed="2,1,1,5,4,71" ten="309,218,248,215" oya="2" hai0="42,16,135,56,108,86,33,0,126,80,15,134,120" hai1="75,93,9,82,70,40,67,8,85,32,125,95,14" hai2="122,11,97,64,26,124,84,69,44,21,61,65,130" hai3="30,104,52,57,106,51,132,49,35,81,118,31,121"/><V73/><F73/><W102/><G121/><T1/><D120/><U107/><E107/><V54/><F122/><W98/><G118/><T115/><D33/><U46/><E75/><V24/><F130/><W131/><G131/><T110/><D115/><U105/><E105/><V77/><F124/><W103/><G132/><N who="0" m="50731" /><D126/><U5/><E32/><V74/><F74/><W34/><G81/><T94/><D94/><U78/><E125/><V41/><F65/><W25/><G49/><T66/><D42/><U36/><REACH who="1" step="1"/><E9/><REACH who="1" ten="309,208,248,215" step="2"/><V53/><F11/><W2/><G2/><T17/><D1/><U72/><E72/><V55/><F21/><W12/><G12/><T38/><D0/><U116/><E116/><V63/><F63/><AGARI ba="1,2" hai="5,8,14,36,40,46,63,67,70,78,82,85,93,95" machi="63" ten="40,5200,0" yaku="1,1,52,1,53,1" doraHai="71" doraHaiUra="43" who="1" fromWho="2" sc="309,0,208,75,248,-55,215,0" /><INIT seed="3,0,0,1,1,131" ten="309,283,193,215" oya="3" hai0="13,22,92,91,83,125,53,97,19,52,40,124,58" hai1="56,72,108,79,123,64,42,38,55,111,107,4,94" hai2="50,26,0,63,130,36,46,33,35,8,45,37,86" hai3="76,80,90,87,15,31,2,128,100,1,9,129,106"/><W127/><G31/><T119/><D119/><U61/><E107/><V59/><F130/><N who="3" m="50283" /><G127/><N who="0" m="48715" /><D40/><U39/><E72/><V51/><F86/><N who="3" m="48391" /><G100/><T82/><D53/><U23/><E79/><V112/><F112/><W68/><G68/><T71/><D71/><N who="1" m="42383" /><E4/><V44/><F0/><W93/><G106/><T29/><D29/><U96/><E23/><V95/><F8/><W49/><G49/><AGARI ba="0,0" hai="13,19,22,49,52,58,82,83,91,92,97" m="48715" machi="49" ten="30,2000,0" yaku="18,1,54,1" doraHai="131" who="0" fromWho="3" sc="309,20,283,0,193,0,215,-20" /><INIT seed="4,0,0,4,2,43" ten="329,283,193,195" oya="0" hai0="30,62,127,23,91,52,39,80,9,117,57,130,8" hai1="90,78,38,24,41,48,92,70,87,67,61,7,16" hai2="120,123,98,12,121,135,114,27,25,112,129,32,134" hai3="107,102,85,35,74,15,2,103,84,110,10,89,79"/><T56/><D127/><U116/><E116/><V0/><F98/><W3/><G35/><T111/><D130/><U5/><E38/><V54/><F54/><W73/><G110/><T53/><D39/><U93/><E78/><V66/><F66/><W125/><G125/><T88/><D117/><U37/><E37/><V6/><F129/><W18/><G85/><N who="0" m="50215" /><D111/><U119/><E119/><V69/><F69/><W31/><G31/><T81/><D91/><U21/><REACH who="1" step="1"/><E93/><REACH who="1" ten="329,273,193,195" step="2"/><V72/><F72/><W100/><G79/><T128/><D128/><U96/><E96/><V68/><F68/><W36/><G36/><T42/><D81/><U94/><E94/><V49/><F120/><W124/><G124/><T46/><D42/><U105/><E105/><V28/><F121/><W82/><REACH who="3" step="1"/><G107/><REACH who="3" ten="329,273,193,185" step="2"/><T40/><D40/><U126/><E126/><V115/><F123/><W133/><G133/><T51/><D57/><U14/><E14/><V59/><F134/><W44/><G44/><AGARI ba="0,2" hai="5,7,16,21,24,41,44,48,61,67,70,87,90,92" machi="44" ten="40,5200,0" yaku="1,1,52,1,54,1,53,0" doraHai="43" doraHaiUra="34" who="1" fromWho="3" sc="329,0,273,72,193,0,185,-52" /><INIT seed="5,0,0,5,3,23" ten="329,345,193,133" oya="1" hai0="53,76,64,71,25,19,21,82,98,105,2,132,89" hai1="1,22,77,55,115,67,58,107,54,109,69,29,37" hai2="80,62,108,92,131,66,41,36,100,73,93,88,13" hai3="128,112,74,114,51,40,14,60,91,125,20,65,27"/><U11/><E107/><V8/><F108/><W111/><G111/><T97/><D2/><U75/><E37/><V31/><F131/><W81/><G128/><T46/><D132/><U84/><E75/><V30/><F36/><W56/><G125/><T127/><D127/><U70/><E109/><V44/><F100/><W57/><G14/><T63/><D105/><U3/><E67/><V59/><F92/><W38/><G38/><T12/><D89/><U39/><E39/><V78/><F44/><W110/><G110/><T26/><D97/><U16/><E29/><V17/><REACH who="2" step="1"/><F41/><REACH who="2" ten="329,345,183,133" step="2"/><W33/><G40/><T104/><D104/><U4/><E70/><V28/><F28/><W118/><G118/><T35/><D98/><AGARI ba="0,1" hai="8,13,17,30,31,59,62,66,73,78,80,88,93,98" machi="98" ten="30,7700,0" yaku="1,1,7,1,54,1,53,1" doraHai="23" doraHaiUra="6" who="2" fromWho="0" sc="329,-77,345,0,183,87,133,0" /><INIT seed="6,0,0,0,5,11" ten="252,345,270,133" oya="2" hai0="66,71,45,86,72,48,23,28,59,108,110,37,30" hai1="42,24,40,134,35,113,6,118,19,44,126,9,76" hai2="78,12,97,47,79,10,90,114,62,61,4,26,87" hai3="93,133,34,39,100,84,33,95,54,43,41,91,64"/><V96/><F114/><W82/><G133/><T58/><D72/><U106/><E106/><V94/><F47/><W131/><G131/><T25/><D110/><U123/><E76/><N who="2" m="29227" /><F26/><W101/><G34/><T70/><D108/><U21/><E44/><V17/><F4/><W121/><G33/><T3/><D3/><N who="1" m="223" /><E42/><V13/><F13/><W92/><G121/><T32/><D37/><U69/><E40/><V103/><F103/><W135/><G135/><T111/><D30/><N who="1" m="19911" /><E69/><V112/><F112/><W124/><G39/><T46/><D23/><U1/><E113/><V65/><F65/><W15/><G64/><T67/><D111/><U81/><E134/><V125/><F125/><W16/><G124/><T29/><D32/><U80/><E126/><V115/><F115/><W128/><G128/><T52/><D70/><U18/><E1/><V109/><F109/><W88/><G43/><T2/><D2/><U31/><E31/><V83/><F83/><N who="3" m="49183" /><G54/><T122/><D52/><U36/><E36/><V57/><F57/><W102/><G41/><T116/><D59/><U89/><E123/><V104/><F104/><W130/><G130/><T22/><D122/><U99/><E118/><V20/><F10/><N who="3" m="6263" /><G82/><T14/><D116/><U68/><E68/><V49/><F49/><W73/><G73/><T107/><D48/><U132/><E132/><V127/><F127/><W117/><G117/><T53/><D71/><U98/><E81/><V51/><F51/><W77/><G77/><T8/><D107/><U7/><E80/><V56/><F56/><W50/><G50/><N who="0" m="31031" /><D66/><U75/><E75/><RYUUKYOKU ba="0,0" sc="252,-15,345,-15,270,15,133,15" hai2="12,17,20,61,62,87,90,94,96,97" hai3="91,92,93,95,100,101,102" /><INIT seed="6,1,0,5,0,135" ten="237,330,285,148" oya="2" hai0="117,33,82,16,46,20,49,74,4,23,77,92,121" hai1="102,22,11,31,56,81,75,67,85,83,10,109,69" hai2="1,63,54,34,114,13,105,64,130,80,124,65,98" hai3="45,128,129,48,30,5,125,3,0,41,24,106,18"/><V115/><F1/><W15/><G106/><T51/><D121/><U73/><E69/><V17/><F34/><W29/><G48/><T90/><D117/><U71/><E71/><V72/><F130/><N who="3" m="50283" /><G45/><T118/><D118/><U61/><E109/><V52/><F124/><W60/><G41/><T116/><D116/><U76/><E102/><N who="2" m="62679" /><F72/><W70/><G60/><T104/><D33/><U110/><E110/><V53/><F80/><W111/><G70/><T7/><D23/><U103/><E75/><V58/><F58/><W120/><G111/><T126/><D126/><U40/><E40/><V32/><F32/><W119/><G119/><T122/><D51/><U93/><E73/><V44/><F44/><W79/><G79/><T8/><D104/><U132/><E132/><V50/><F50/><W123/><G125/><T88/><D90/><U57/><E83/><V26/><F63/><W133/><G133/><T94/><D94/><U78/><E78/><V43/><F43/><W86/><G86/><T2/><D122/><N who="3" m="46633" /><G5/><T28/><D4/><U62/><E61/><V9/><F26/><W96/><G96/><T12/><D49/><U84/><E57/><V36/><F36/><W134/><G134/><T100/><D46/><U113/><E85/><V127/><F127/><W91/><G24/><T112/><D100/><U6/><E56/><V14/><F14/><W97/><G3/><T68/><D68/><U47/><E47/><V66/><F66/><W108/><G0/><T95/><D2/><U59/><E67/><V87/><F87/><W101/><G108/><T37/><D74/><RYUUKYOKU ba="1,0" sc="237,-10,330,-10,285,30,148,-10" hai2="9,13,17,52,53,54,64,65,114,115" /><INIT seed="6,2,0,0,1,25" ten="227,320,315,138" oya="2" hai0="54,49,29,64,0,129,135,110,84,92,59,72,15" hai1="98,74,87,53,50,125,13,79,3,117,12,132,112" hai2="106,86,122,30,52,8,60,66,23,48,67,21,70" hai3="11,5,88,27,71,77,37,82,95,105,26,80,62"/><V2/><F106/><W7/><G105/><T121/><D0/><U103/><E117/><V6/><F122/><W9/><G37/><T58/><D72/><U75/><E3/><V36/><F36/><W116/><G116/><T1/><D1/><U134/><E13/><V89/><F67/><W34/><G71/><T14/><D110/><U69/><E69/><V17/><F17/><W119/><G119/><T35/><D121/><U22/><E22/><V126/><F30/><W124/><G124/><T127/><D135/><N who="1" m="51755" /><E12/><V39/><F39/><W73/><G62/><T81/><D92/><N who="1" m="58823" /><E112/><V61/><F61/><W115/><G115/><T42/><D15/><U55/><E55/><V107/><F107/><W56/><G56/><T20/><D35/><U31/><E31/><V102/><F102/><W130/><G130/><T91/><D42/><U18/><E18/><V97/><F97/><W46/><G46/><T41/><D129/><U16/><E16/><V43/><F43/><W63/><G63/><N who="0" m="38015" /><D41/><U120/><E120/><V104/><F104/><W94/><G73/><T109/><D14/><U123/><E123/><V24/><F24/><W51/><G51/><T128/><D128/><U68/><E68/><V118/><F118/><W38/><G38/><T33/><D49/><U113/><E113/><V45/><REACH who="2" step="1"/><F126/><REACH who="2" ten="227,320,305,138" step="2"/><W133/><G133/><T85/><D127/><U57/><E125/><V78/><F78/><W28/><G77/><T131/><D29/><U4/><E4/><V114/><F114/><W65/><G28/><T99/><D131/><U90/><E79/><V19/><F19/><RYUUKYOKU ba="2,1" sc="227,-15,320,15,305,15,138,-15" hai1="50,53,57,74,75,87,90" hai2="2,6,8,21,23,45,48,52,60,66,70,86,89" /><INIT seed="6,3,1,4,1,37" ten="212,335,320,123" oya="2" hai0="111,56,110,103,43,39,107,47,98,59,75,4,1" hai1="42,113,70,80,52,69,54,26,66,64,31,130,12" hai2="128,6,34,14,68,71,118,125,23,122,126,57,48" hai3="96,44,13,3,135,51,53,33,10,11,100,79,89"/><V77/><F122/><W88/><G135/><T108/><REACH who="0" step="1"/><D75/><REACH who="0" ten="202,335,320,123" step="2"/><U124/><E70/><V105/><F68/><W84/><G33/><T76/><D76/><U29/><E69/><V119/><F71/><W86/><G3/><T99/><D99/><U132/><E132/><V27/><F34/><W73/><G73/><T74/><D74/><U32/><E32/><V2/><F77/><W82/><G86/><T102/><D102/><U28/><E113/><V35/><F35/><W67/><G67/><T16/><D16/><U21/><E66/><V7/><F128/><W112/><G112/><T17/><D17/><U30/><E64/><V81/><F125/><W106/><REACH who="3" step="1"/><G11/><AGARI ba="3,2" hai="1,4,11,39,43,47,56,59,98,103,107,108,110,111" machi="11" ten="40,5200,0" yaku="21,2,52,1,53,0" doraHai="37" doraHaiUra="131" who="0" fromWho="3" sc="202,81,335,0,320,0,123,-61" /><INIT seed="7,0,0,5,0,27" ten="283,335,320,62" oya="3" hai0="69,55,52,122,23,35,12,128,103,48,59,45,11" hai1="4,7,88,71,74,5,73,28,41,126,77,38,0" hai2="62,57,123,112,125,127,86,30,56,96,13,87,24" hai3="82,135,107,43,49,68,94,44,99,60,84,83,75"/><W113/><G113/><T98/><D122/><U54/><E71/><V3/><F112/><W104/><G135/><T117/><D35/><U97/><E74/><V63/><F3/><W36/><G75/><T121/><D121/><U2/><E54/><N who="2" m="34071" /><F96/><W19/><G36/><T93/><D69/><U47/><E2/><V42/><F42/><W58/><G68/><T108/><D128/><U131/><E131/><V134/><F13/><W80/><G19/><T15/><D108/><U50/><E126/><N who="2" m="48139" /><F134/><W67/><REACH who="3" step="1"/><G84/><REACH who="3" ten="283,335,320,52" step="2"/><T6/><D117/><U78/><E38/><V31/><F123/><W26/><G26/><T79/><D79/><U111/><E73/><V81/><F86/><W116/><G116/><T17/><D17/><U120/><E78/><N who="2" m="46519" /><F24/><W40/><G40/><T66/><D6/><U29/><E77/><V132/><F132/><W65/><G65/><AGARI ba="0,1" hai="30,31,57,63,65" m="46519,48139,34071" machi="65" ten="30,3900,0" yaku="18,1,52,2" doraHai="27" who="2" fromWho="3" sc="283,0,335,0,320,49,52,-39" owari="283,-12.0,335,14.0,369,47.0,13,-49.0" /></mjloggm>