<mjloggm ver="2.3"><GO type="185" lobby="0"/><UN n0="%E7%A7%8B%E7%94%B0%E3%81%AE%E3%81%B2%E3%82%88%E3%81%93" n1="%E9%BA%BB%E7%94%9F%E9%9B%80%E5%AD%90" n2="%E8%97%A4%E4%BA%95%E8%81%A1%E5%A4%AA" n3="" dan="16,16,20,0" rate="2257.83,2118.36,2413.02,1500.00" sx="F,F,M,C"/><TAIKYOKU oya="0"/><INIT seed="0,0,0,2,4,76" ten="350,350,350,0" oya="0" hai0="118,95,96,37,130,119,115,99,84,66,79,41,32" hai1="81,35,70,63,34,49,123,126,127,82,52,104,131" hai2="114,122,134,83,125,90,51,105,110,128,80,133,48" hai3=""/><T101/><D32/><U74/><N who="1" m="31520" /><U116/><E116/><V62/><N who="2" m="31264" /><V89/><F114/><T111/><D115/><U129/><E74/><V121/><N who="2" m="31008" /><V36/><F36/><T50/><D130/><N who="1" m="49675" /><E104/><V107/><F128/><T73/><D111/><U67/><E35/><V103/><F62/><T60/><D37/><U57/><E34/><V94/><F94/><T53/><D41/><U38/><E38/><V42/><F42/><T106/><D73/><U33/><E33/><V92/><F92/><T1/><D1/><U100/><E100/><V0/><F103/><T85/><D119/><U108/><E108/><V75/><F75/><T61/><D118/><U65/><E67/><V93/><F93/><T58/><D79/><U56/><E70/><V3/><REACH who="2" step="1"/><F125/><AGARI ba="0,0" hai="49,52,56,57,63,65,81,82,125,126,127" m="49675,31520" machi="125" ten="30,12000,2" yaku="18,1,19,1,52,3,54,1" doraHai="76" who="1" fromWho="2" sc="350,0,350,120,350,-120,0,0" /><INIT seed="1,0,0,5,1,91" ten="350,470,230,0" oya="1" hai0="0,92,57,81,123,90,88,56,1,95,84,69,45" hai1="75,49,104,86,83,44,78,82,37,50,40,64,132" hai2="36,100,38,39,119,43,124,33,87,129,126,103,99" hai3=""/><U114/><E114/><V68/><F119/><T106/><N who="0" m="31520" /><T58/><D69/><U96/><E132/><V63/><F33/><T112/><D112/><U105/><E64/><V72/><F72/><T48/><D106/><U46/><E96/><V102/><F129/><T89/><D81/><U134/><E134/><V107/><F43/><T125/><D125/><N who="2" m="48234" /><F87/><T32/><D32/><U3/><E3/><V80/><F80/><T109/><D109/><U127/><E127/><V61/><F61/><T62/><D62/><U47/><E47/><V128/><F128/><T121/><N who="0" m="31008" /><T77/><D77/><U130/><E37/><V94/><F107/><T35/><D35/><U73/><E73/><V101/><F36/><T108/><D108/><U115/><E115/><V71/><F71/><T52/><REACH who="0" step="1"/><D84/><REACH who="0" ten="340,470,230,0" step="2"/><U34/><E34/><V42/><F68/><T41/><D41/><U79/><E130/><V118/><F42/><AGARI ba="0,1" hai="40,42,44,46,49,50,75,78,79,82,83,86,104,105" machi="42" ten="30,2900,0" yaku="7,1,9,1" doraHai="91" who="1" fromWho="2" sc="340,0,470,39,230,-29,0,0" /><INIT seed="1,1,0,2,4,93" ten="340,509,201,0" oya="1" hai0="55,111,81,38,103,118,86,58,49,67,41,83,121" hai1="52,119,92,113,114,134,100,63,32,37,51,57,73" hai2="87,98,82,59,95,125,76,91,34,61,89,129,96" hai3=""/><U110/><E32/><V48/><F34/><T53/><N who="0" m="31008" /><T90/><D118/><U44/><E119/><V115/><F129/><T0/><D0/><U39/><E73/><V54/><F125/><T135/><D111/><U78/><E78/><V75/><F115/><T66/><D135/><U33/><E33/><V88/><F75/><T60/><D81/><U104/><E104/><V127/><F127/><T68/><D103/><U106/><E106/><V50/><REACH who="2" step="1"/><F98/><REACH who="2" ten="340,509,191,0" step="2"/><T62/><REACH who="0" step="1"/><D38/><REACH who="0" ten="330,509,191,0" step="2"/><U122/><N who="1" m="31264" /><U43/><E37/><V112/><F112/><T85/><D85/><U133/><E113/><V132/><F132/><T94/><D94/><U36/><E114/><V116/><F116/><T131/><D131/><U70/><E36/><V128/><F128/><T77/><D77/><U99/><E110/><V79/><F79/><T72/><D72/><U109/><E109/><V123/><N who="2" m="31520" /><V107/><F107/><T45/><AGARI ba="1,2" hai="41,45,49,53,55,58,60,62,66,67,68,83,86,90" m="31008" machi="45" ten="30,5900,0" yaku="1,1,0,1,52,1,53,1" doraHai="93" doraHaiUra="46" who="0" fromWho="0" sc="330,81,509,-40,191,-21,0,0" /><INIT seed="2,0,0,2,1,101" ten="411,469,170,0" oya="2" hai0="83,63,71,70,113,100,56,134,77,135,51,91,78" hai1="87,35,2,118,37,129,98,46,68,102,106,110,124" hai2="69,60,128,58,52,61,74,62,109,94,54,116,97" hai3=""/><V72/><F116/><T117/><D117/><U80/><RYUUKYOKU type="yao9" ba="0,0" sc="411,0,469,0,170,0,0,0" hai1="2,35,37,46,68,80,87,98,102,106,110,118,124,129" /><INIT seed="2,1,0,1,1,1" ten="411,469,170,0" oya="2" hai0="122,65,113,68,56,37,95,107,46,75,70,53,97" hai1="129,51,98,48,106,47,3,124,62,111,34,80,110" hai2="114,115,132,135,105,0,104,120,108,2,100,82,52" hai3=""/><V102/><N who="2" m="30752" /><V32/><F82/><T72/><N who="0" m="31264" /><T134/><D134/><N who="2" m="51242" /><F108/><N who="1" m="41513" /><E3/><N who="2" m="1067" /><F52/><T41/><D113/><N who="2" m="43018" /><F32/><T92/><D75/><U79/><E34/><V109/><F109/><T59/><D72/><U131/><E124/><V112/><N who="2" m="43026" /><V121/><N who="2" m="31008" /><DORA hai="33" /><V69/><F69/><T50/><D70/><U125/><E125/><V118/><F118/><T54/><D68/><U128/><E62/><V77/><F77/><T39/><D65/><U88/><E47/><V89/><F89/><T91/><D91/><U61/><E61/><V84/><F84/><T74/><D54/><U130/><E130/><V58/><F58/><T43/><D59/><U67/><E67/><V81/><F81/><T45/><D74/><U117/><E117/><V42/><F42/><T96/><D56/><U90/><E90/><V35/><F35/><T44/><D53/><U126/><E126/><V49/><F49/><T103/><D50/><U85/><E79/><V99/><F100/><AGARI ba="1,0" hai="48,51,80,85,88,98,100,106,128,129,131" m="41513" machi="100" ten="40,5200,0" yaku="19,1,14,1,54,1" doraHai="1,33" who="1" fromWho="2" sc="411,0,469,54,170,-54,0,0" /><INIT seed="4,0,0,3,1,101" ten="411,523,116,0" oya="0" hai0="107,105,41,49,99,117,37,135,42,44,88,70,51" hai1="32,133,96,128,86,72,55,127,121,73,2,68,67" hai2="134,78,40,56,120,112,63,126,92,111,48,94,124" hai3=""/><T75/><D117/><U64/><N who="1" m="31008" /><U59/><E32/><V52/><N who="2" m="30752" /><V82/><F111/><T91/><D75/><U123/><N who="1" m="31520" /><U0/><E133/><V65/><F40/><T79/><D79/><U38/><E128/><V93/><F112/><T46/><D135/><U87/><E38/><V108/><F108/><T119/><D119/><U35/><E35/><V89/><F89/><T104/><D70/><U132/><E132/><V114/><F114/><T100/><D37/><U80/><E96/><V83/><F134/><T39/><D39/><U95/><E68/><V53/><F53/><T90/><AGARI ba="0,0" hai="41,42,44,46,49,51,88,90,91,99,100,104,105,107" machi="90" ten="30,12000,2" yaku="0,1,9,1,52,3,54,1" doraHai="101" who="0" fromWho="0" sc="411,120,523,-60,116,-60,0,0" /><INIT seed="4,1,0,4,4,36" ten="531,463,56,0" oya="0" hai0="70,79,103,122,125,58,91,127,96,44,32,35,41" hai1="129,51,53,0,124,119,88,82,37,120,102,87,86" hai2="80,48,126,77,112,108,83,55,74,68,42,97,69" hai3=""/><T52/><N who="0" m="31264" /><T121/><N who="0" m="31008" /><T54/><D70/><U47/><N who="1" m="30752" /><U34/><E34/><V110/><F112/><T72/><D91/><U3/><E119/><V75/><F126/><N who="0" m="48138" /><D79/><U43/><E124/><V128/><F128/><T45/><D72/><U85/><E102/><V33/><F33/><N who="0" m="12874" /><D58/><U117/><E117/><V61/><F77/><T132/><D132/><U57/><E129/><V64/><F68/><T56/><D56/><U133/><E133/><V100/><F75/><T2/><D2/><U104/><E104/><V99/><F74/><T92/><D45/><U60/><E85/><V73/><F73/><T90/><D90/><U131/><E131/><V39/><F69/><T111/><D111/><U65/><E86/><V49/><F110/><T46/><D46/><AGARI ba="1,0" hai="0,3,37,43,46,47,51,53,57,60,65,82,87,88" m="30752" machi="46" ten="30,7700,0" yaku="7,1,52,2,54,1" doraHai="36" who="1" fromWho="0" sc="531,-79,463,79,56,0,0,0" /><INIT seed="5,0,0,0,1,97" ten="452,542,56,0" oya="1" hai0="109,125,93,80,88,124,106,35,77,34,98,101,72" hai1="69,91,61,57,51,64,135,48,112,50,63,129,96" hai2="59,54,83,39,68,66,134,47,81,55,126,114,128" hai3=""/><U49/><E91/><V120/><N who="2" m="30752" /><V111/><F111/><T62/><D109/><U118/><E96/><V1/><F1/><T130/><D130/><U60/><E118/><V40/><F128/><T92/><D62/><U42/><E129/><V36/><F126/><N who="0" m="48746" /><D34/><U108/><E108/><V41/><F134/><T90/><D35/><U43/><E112/><V75/><F114/><T79/><D77/><U33/><E135/><V100/><F75/><T56/><D56/><U89/><E89/><AGARI ba="0,0" hai="72,79,80,88,89,90,92,93,98,101,106" m="48746" machi="89" ten="30,8000,1" yaku="18,1,34,2,52,1,54,1" doraHai="97" who="0" fromWho="1" sc="452,80,542,-80,56,0,0,0" /><INIT seed="6,0,0,4,3,67" ten="532,462,56,0" oya="2" hai0="65,121,87,1,49,125,3,98,39,2,40,91,37" hai1="94,100,57,132,85,51,48,128,92,119,97,106,34" hai2="61,104,70,71,75,124,72,38,50,81,41,63,76" hai3=""/><V118/><F118/><T126/><N who="0" m="31008" /><T135/><D135/><U115/><E34/><V36/><F104/><T47/><D98/><U44/><E119/><V74/><F124/><N who="0" m="47722" /><D65/><U120/><N who="1" m="30752" /><U108/><E108/><V113/><F113/><T58/><D58/><U129/><E132/><V112/><F112/><T110/><D110/><U109/><E109/><V43/><F50/><T116/><D116/><U96/><E85/><V83/><REACH who="2" step="1"/><F74/><REACH who="2" ten="532,462,46,0" step="2"/><T86/><D86/><U73/><E73/><V111/><F111/><T64/><D64/><U35/><E115/><V46/><F46/><T99/><D99/><U114/><E114/><V45/><F45/><T80/><AGARI ba="0,1" hai="1,2,3,37,39,40,47,49,80,87,91" m="47722,31008" machi="80" ten="40,2000,0" yaku="18,1,52,1" doraHai="67" who="0" fromWho="0" sc="532,30,462,-7,46,-13,0,0" owari="562,51.0,455,6.0,33,-57.0,0,0.0" /></mjloggm>