<mjloggm ver="2.3"><GO type="169" lobby="0"/><UN n0="%4E%61%6E%61%4E%61%6E%61" n1="%E5%A4%A7%E8%94%B5%E9%81%8A%E6%98%9F" n2="%E3%82%82%E3%82%93%E3%81%A1%E3%81%A3%E3%81%A1" n3="%79%6A%2D%63%68%65%6B%69" dan="16,16,16,16" rate="2080.21,2135.42,2121.62,2082.24" sx="M,F,M,M"/><TAIKYOKU oya="0"/><INIT seed="0,0,0,2,0,80" ten="250,250,250,250" oya="0" hai0="87,129,133,120,69,117,35,52,77,125,116,113,17" hai1="30,42,60,57,10,5,50,53,92,73,13,0,91" hai2="107,70,76,75,56,32,102,22,114,40,128,14,122" hai3="67,106,94,100,135,86,63,6,103,46,82,93,8"/><T25/><D113/><U4/><E73/><V127/><F76/><W55/><G135/><T130/><D120/><U59/><E30/><V3/><F102/><W2/><G106/><T21/><D69/><U19/><E0/><V74/><F40/><W101/><G55/><T105/><D105/><U65/><REACH who="1" step="1"/><E42/><REACH who="1" ten="250,240,250,250" step="2"/><V115/><F74/><W98/><G46/><T68/><D133/><U89/><E89/><V45/><F75/><W124/><G124/><T79/><D125/><U72/><E72/><V78/><F3/><W111/><G111/><T23/><D117/><U15/><E15/><V16/><F14/><W131/><G131/><T7/><D116/><U47/><E47/><V26/><F45/><W62/><G98/><AGARI ba="0,1" hai="4,5,10,13,19,50,53,57,59,60,65,91,92,98" machi="98" ten="30,3900,0" yaku="1,1,7,1,8,1,53,0" doraHai="80" doraHaiUra="66" who="1" fromWho="3" sc="250,0,240,49,250,0,250,-39" /><INIT seed="1,0,0,2,1,58" ten="250,289,250,211" oya="1" hai0="4,82,16,59,29,18,61,118,30,19,133,32,17" hai1="91,97,94,60,116,85,130,95,108,36,15,123,107" hai2="21,45,48,52,55,63,33,98,92,26,9,113,22" hai3="6,125,10,14,3,64,112,117,46,122,54,121,84"/><U35/><E116/><V96/><F113/><W37/><G112/><T90/><D118/><U106/><E36/><V66/><F33/><W41/><G117/><T39/><D39/><U70/><E123/><V20/><F9/><W93/><G125/><T73/><D133/><U120/><E120/><V127/><F55/><W79/><G64/><T69/><D69/><U111/><E35/><V129/><F127/><W135/><G135/><T87/><D4/><U25/><E25/><V11/><F11/><W86/><G3/><T102/><D102/><U88/><E15/><V109/><F98/><W134/><G134/><T47/><D47/><U0/><E0/><V104/><F104/><W38/><G38/><T50/><D50/><U80/><E130/><V81/><F81/><W8/><G8/><T68/><D68/><U7/><E7/><V43/><F43/><W56/><G86/><T74/><N who="0" m="4096" /><DORA hai="67" /><T31/><REACH who="0" step="1"/><D32/><REACH who="0" ten="240,289,250,211" step="2"/><U110/><E70/><V131/><F131/><W51/><G122/><T72/><D72/><U27/><E27/><V77/><F129/><W42/><G121/><T76/><D76/><N who="1" m="46215" /><E60/><V114/><F77/><W24/><G79/><T12/><D12/><U57/><E57/><N who="2" m="37231" /><F114/><W115/><G24/><T126/><D126/><U124/><E124/><V89/><F26/><W34/><G34/><T13/><D13/><U119/><E119/><V78/><F78/><W23/><G115/><T44/><D44/><U1/><E1/><V65/><F45/><W132/><G132/><T128/><D128/><U5/><E5/><V53/><F48/><W103/><G46/><RYUUKYOKU ba="0,1" sc="240,15,289,15,250,-15,211,-15" hai0="29,30,31,59,61,73,74,82,87,90" hai1="88,91,94,95,97,106,107,108,110,111" /><INIT seed="1,1,1,5,0,69" ten="255,304,235,196" oya="1" hai0="82,72,132,117,26,25,97,24,37,92,13,23,64" hai1="39,96,89,125,40,106,131,75,103,102,134,48,47" hai2="61,91,29,122,20,8,16,130,83,33,10,107,59" hai3="18,115,98,2,85,133,35,95,17,113,108,87,51"/><U28/><E131/><V90/><F107/><W121/><G35/><T42/><D117/><U86/><E103/><V3/><F130/><W77/><G2/><T45/><D132/><U104/><E104/><V60/><F122/><W30/><G30/><T73/><D64/><U50/><E134/><V126/><F33/><W71/><G71/><T114/><D114/><U63/><E125/><V127/><F29/><W74/><G74/><T79/><D73/><U112/><E112/><V7/><F10/><W129/><G133/><T118/><D118/><U38/><E28/><V109/><F61/><W55/><G129/><T80/><D80/><U70/><E75/><V99/><F83/><W36/><G36/><T31/><REACH who="0" step="1"/><D13/><REACH who="0" ten="245,304,235,196" step="2"/><U62/><E70/><V15/><F126/><W58/><G115/><T78/><D78/><U110/><E110/><V76/><F76/><W52/><G108/><T101/><AGARI ba="1,2" hai="23,24,25,26,31,37,42,45,72,79,82,92,97,101" machi="101" ten="20,8000,1" yaku="1,1,0,1,7,1,52,1,53,1" doraHai="69" doraHaiUra="88" who="0" fromWho="0" sc="245,103,304,-41,235,-21,196,-21" /><INIT seed="2,0,0,5,3,134" ten="348,263,214,175" oya="2" hai0="38,114,36,122,75,96,92,118,19,6,74,95,55" hai1="62,89,67,105,14,78,79,26,111,23,39,45,133" hai2="106,128,130,81,7,116,102,93,103,2,9,125,71" hai3="83,43,115,34,11,123,72,49,48,82,32,88,24"/><V97/><F71/><W98/><G123/><T13/><D122/><U10/><E105/><V27/><F116/><W30/><G115/><T70/><D114/><U80/><E39/><V77/><F27/><W25/><G43/><T104/><D6/><U109/><E45/><V28/><F28/><W33/><G11/><T119/><D70/><U113/><E113/><V4/><F4/><W127/><G72/><T107/><D55/><U129/><E89/><V66/><F66/><W108/><G98/><T12/><D19/><U0/><E0/><V68/><F68/><W44/><G44/><T132/><REACH who="0" step="1"/><D96/><REACH who="0" ten="338,263,214,175" step="2"/><U121/><E121/><V131/><F7/><W87/><G30/><T16/><D16/><U135/><E135/><AGARI ba="0,1" hai="12,13,36,38,74,75,92,95,104,107,118,119,132,135" machi="135" ten="25,3200,0" yaku="1,1,22,2,53,0" doraHai="134" doraHaiUra="126" who="0" fromWho="1" sc="338,42,263,-32,214,0,175,0" /><INIT seed="3,0,0,3,4,43" ten="380,231,214,175" oya="3" hai0="95,44,51,64,113,73,122,82,48,54,10,39,126" hai1="129,110,42,67,87,52,104,85,76,24,55,132,59" hai2="102,17,90,127,81,60,118,0,26,19,4,13,123" hai3="58,25,63,133,84,105,74,88,114,94,115,29,46"/><W15/><G105/><T53/><D122/><U124/><E104/><V36/><F36/><W125/><G74/><T97/><D39/><U49/><E110/><V134/><F102/><W78/><G125/><T11/><D126/><U107/><E107/><V23/><F81/><W45/><G133/><T112/><D64/><U12/><E124/><V72/><F60/><W47/><G78/><T135/><D82/><U100/><E100/><V56/><F56/><W41/><G15/><T14/><D73/><U68/><E132/><V21/><F90/><W1/><G1/><T16/><D10/><U130/><E42/><V89/><F89/><W106/><G106/><T98/><D135/><U119/><E119/><V117/><F72/><W8/><G8/><T128/><D128/><U50/><E67/><V3/><F127/><W86/><G41/><T83/><D83/><U75/><E68/><V120/><F134/><W2/><G2/><N who="2" m="553" /><F4/><W27/><G86/><T99/><REACH who="0" step="1"/><D95/><REACH who="0" ten="370,231,214,175" step="2"/><U69/><E75/><V121/><AGARI ba="0,1" hai="13,17,19,21,23,26,117,118,120,121,123" m="553" machi="121" ten="40,5200,0" yaku="13,1,34,2" doraHai="43" who="2" fromWho="2" sc="370,-13,231,-13,214,62,175,-26" /><INIT seed="4,0,0,4,3,15" ten="357,218,276,149" oya="0" hai0="4,134,25,75,49,122,46,113,5,16,42,79,21" hai1="8,24,2,84,123,80,125,35,23,63,103,45,97" hai2="17,124,130,29,86,6,89,95,64,40,83,57,61" hai3="10,81,51,100,132,108,94,74,115,27,109,114,76"/><T105/><D113/><N who="3" m="43017" /><G51/><T11/><D122/><U38/><E123/><V73/><F124/><W126/><G10/><T121/><D121/><U14/><E125/><V88/><F130/><W91/><G27/><T120/><D120/><U133/><E133/><V135/><F135/><W60/><G60/><T69/><D134/><U58/><E35/><V111/><F111/><N who="3" m="42571" /><G132/><T26/><D105/><U116/><E2/><V62/><F6/><W101/><G126/><T98/><D69/><U92/><E116/><V0/><F0/><W54/><G54/><T3/><D5/><U71/><E71/><V118/><F118/><W87/><AGARI ba="0,0" hai="74,76,81,87,91,94,100,101" m="42571,43017" machi="87" ten="30,4000,0" yaku="15,1,34,2" doraHai="15" who="3" fromWho="3" sc="357,-20,218,-10,276,-10,149,40" /><INIT seed="5,0,0,2,0,0" ten="337,208,266,189" oya="1" hai0="37,129,71,88,60,23,30,24,55,117,100,103,125" hai1="38,108,33,126,12,92,43,123,11,3,86,2,89" hai2="66,97,72,61,76,59,18,51,36,10,64,48,14" hai3="124,80,16,45,116,128,131,121,118,82,32,135,52"/><U83/><E123/><V91/><F36/><W21/><G32/><T20/><D117/><N who="3" m="45161" /><G124/><T74/><D74/><U105/><E105/><V85/><F72/><W106/><G106/><T67/><D125/><U95/><E126/><V69/><F76/><W29/><G29/><T120/><D129/><N who="3" m="49737" /><G135/><T130/><D130/><U19/><E33/><V26/><F97/><W25/><G121/><T6/><D120/><U90/><E108/><V47/><F26/><W44/><G44/><T134/><D134/><U8/><E38/><V13/><F47/><W28/><G28/><T115/><D37/><U9/><E43/><V99/><F99/><W17/><G17/><T75/><D75/><U110/><E110/><V132/><F132/><W46/><G46/><T49/><D23/><U1/><REACH who="1" step="1"/><E83/><REACH who="1" ten="337,198,266,189" step="2"/><V4/><F69/><W68/><G68/><T70/><D71/><U96/><AGARI ba="0,1" hai="1,2,3,8,9,11,12,19,86,89,90,92,95,96" machi="96" ten="30,6000,0" yaku="1,1,2,1,0,1,53,0" doraHai="0" doraHaiUra="31" who="1" fromWho="1" sc="337,-20,198,70,266,-20,189,-20" /><INIT seed="5,1,0,4,2,6" ten="317,268,246,169" oya="1" hai0="116,55,24,0,23,103,106,76,126,40,77,35,130" hai1="134,47,54,67,85,34,75,2,45,96,62,7,31" hai2="86,28,87,42,114,19,60,133,95,129,135,51,50" hai3="88,39,65,80,29,27,125,52,84,30,127,43,97"/><U132/><E75/><V110/><F110/><W10/><G65/><T94/><D116/><U12/><E2/><V1/><F28/><W48/><G43/><T53/><D106/><U11/><E34/><V58/><F1/><W90/><G39/><T3/><D35/><U49/><E31/><V120/><F120/><W4/><G97/><T70/><D70/><U89/><E96/><V115/><F19/><W25/><G90/><T74/><D40/><U112/><E47/><N who="2" m="25975" /><F51/><W33/><G30/><T78/><D74/><U44/><E44/><V123/><F123/><W92/><G80/><T111/><D111/><U16/><E7/><V79/><F95/><W63/><G63/><T17/><D130/><U71/><REACH who="1" step="1"/><E112/><REACH who="1" ten="317,258,246,169" step="2"/><V14/><F114/><W32/><G32/><T73/><D73/><U36/><E36/><V128/><F115/><W8/><G4/><T56/><D0/><U5/><E5/><V124/><F128/><W26/><G29/><T121/><D3/><U9/><E9/><V107/><F129/><W20/><G33/><T102/><D121/><U61/><E61/><V105/><F60/><W46/><G20/><T81/><D23/><U109/><E109/><V113/><F113/><W66/><G66/><T131/><D131/><U22/><E22/><V101/><F107/><W82/><G82/><AGARI ba="1,1" hai="11,12,16,45,49,54,62,67,71,82,85,89,132,134" machi="82" ten="40,12000,1" yaku="1,1,25,2,52,1,54,1,53,0" doraHai="6" doraHaiUra="104" who="1" fromWho="3" sc="317,0,258,133,246,0,169,-123" /><INIT seed="5,2,0,0,3,15" ten="317,391,246,46" oya="1" hai0="50,28,86,123,49,62,120,92,60,98,37,124,18" hai1="80,32,48,96,7,35,38,107,13,132,74,115,55" hai2="83,57,20,112,53,101,93,111,3,89,114,68,51" hai3="117,59,11,17,4,129,63,97,71,0,16,21,103"/><U43/><E38/><V25/><F3/><W30/><G129/><T26/><D37/><U46/><E115/><V127/><F68/><W54/><G71/><T82/><D124/><U41/><E132/><V81/><F101/><W84/><G117/><T70/><D62/><U106/><E35/><V6/><F6/><W118/><G118/><T36/><D36/><U119/><E32/><V33/><F33/><W1/><G1/><T87/><D28/><U47/><E119/><V109/><F83/><W67/><G54/><T24/><D24/><U75/><E55/><V64/><F81/><W126/><G84/><T66/><D87/><U29/><E29/><V39/><F39/><W23/><G126/><T76/><D18/><U108/><E108/><V134/><F64/><W100/><G100/><N who="0" m="60487" /><D26/><U125/><E125/><V99/><F127/><W40/><G40/><T5/><D5/><U85/><E75/><V72/><F72/><W10/><G10/><T116/><D116/><U131/><E74/><V133/><F111/><W34/><G34/><T95/><D95/><U61/><E61/><V105/><F105/><W130/><G130/><T121/><AGARI ba="2,0" hai="49,50,60,66,70,76,82,86,120,121,123" m="60487" machi="121" ten="30,1100,0" yaku="13,1" doraHai="15" who="0" fromWho="0" sc="317,17,391,-7,246,-5,46,-5" /><INIT seed="6,0,0,2,5,95" ten="334,384,241,41" oya="2" hai0="48,16,5,45,11,111,78,88,76,23,115,89,56" hai1="55,129,22,71,99,63,82,51,15,58,117,70,83" hai2="135,2,133,98,79,60,50,119,106,128,28,62,130" hai3="24,132,68,54,14,96,101,94,6,10,64,85,97"/><V113/><F2/><W39/><G132/><N who="2" m="50761" /><F119/><W103/><G39/><T1/><D111/><U127/><E117/><V122/><F122/><W31/><G85/><T4/><D115/><U21/><E129/><N who="2" m="49771" /><F28/><W126/><G126/><T131/><D131/><U47/><E127/><V29/><F113/><W3/><G54/><T33/><D33/><U93/><E71/><V40/><F29/><W112/><G112/><T26/><D56/><U9/><E70/><V36/><F36/><W90/><G90/><N who="0" m="34923" /><D1/><U108/><E108/><V20/><F20/><W66/><G68/><T46/><D11/><U118/><E118/><V86/><F40/><W125/><G125/><T25/><D25/><U81/><E9/><V114/><F50/><W44/><G44/><N who="0" m="17003" /><D48/><U120/><E120/><V134/><N who="2" m="50769" /><V77/><DORA hai="84" /><F114/><W30/><G30/><T35/><D35/><U18/><E22/><V0/><F0/><W19/><G6/><AGARI ba="0,0" hai="4,5,6,16,23,26,76,78" m="17003,34923" machi="6" ten="30,12000,2" yaku="8,1,52,3,54,2" doraHai="95,84" who="0" fromWho="3" sc="334,120,384,0,241,0,41,-120" owari="454,56.0,384,18.0,241,-16.0,-79,-58.0" /></mjloggm>