<mjloggm ver="2.3"><GO type="169" lobby="0"/><UN n0="%E3%82%BF%E3%83%9E%E3%83%8D%E3%82%AE" n1="%E5%A4%A9%E7%A9%BA%E9%BE%8D" n2="%61%6F%70%79%6F%6E%2D%7A" n3="%E6%AF%94%E5%98%89%E6%84%9B%E6%9C%AA" dan="17,16,18,16" rate="2134.48,2063.66,2194.32,2103.52" sx="M,M,M,F"/><TAIKYOKU oya="0"/><INIT seed="0,0,0,0,4,68" ten="250,250,250,250" oya="0" hai0="114,82,36,67,54,27,102,7,113,25,123,110,89" hai1="22,72,129,126,70,132,37,56,93,58,17,28,11" hai2="46,84,87,63,95,125,91,64,8,59,96,103,94" hai3="5,50,39,106,83,77,51,23,134,118,121,49,15"/><T55/><D123/><U34/><E70/><V92/><F125/><W105/><G118/><T12/><D67/><U57/><E72/><V4/><F46/><W101/><G121/><T109/><D102/><U65/><E126/><V0/><REACH who="2" step="1"/><F87/><REACH who="2" ten="250,250,240,250" step="2"/><W20/><G134/><T61/><D113/><U80/><E132/><V124/><F124/><W127/><G127/><T71/><D114/><U31/><E129/><V85/><F85/><W18/><G105/><AGARI ba="0,1" hai="0,4,8,59,63,64,84,91,92,94,95,96,103,105" machi="105" ten="30,2000,0" yaku="1,1,7,1,53,0" doraHai="68" doraHaiUra="41" who="2" fromWho="3" sc="250,0,250,0,240,30,250,-20" /><INIT seed="1,0,0,2,2,86" ten="250,250,270,230" oya="1" hai0="34,13,129,85,62,97,68,44,26,92,67,29,91" hai1="83,74,66,125,135,84,48,20,54,17,10,126,132" hai2="18,102,73,63,103,40,45,25,107,119,36,82,110" hai3="23,79,77,24,32,90,31,100,37,124,21,50,2"/><U101/><E74/><V131/><F119/><W7/><G37/><T16/><D129/><U49/><E66/><V116/><F116/><W99/><G124/><N who="1" m="47722" /><E101/><V51/><F131/><W28/><G2/><T106/><D44/><N who="1" m="27911" /><E49/><V115/><F115/><W123/><G123/><T81/><D106/><U75/><E75/><V76/><F36/><W94/><G7/><T9/><REACH who="0" step="1"/><D97/><REACH who="0" ten="240,250,270,230" step="2"/><U59/><E59/><V70/><F107/><W113/><G99/><T87/><D87/><U89/><E10/><V4/><F73/><W108/><G113/><T133/><D133/><U109/><E109/><V61/><F110/><W15/><G108/><T65/><D65/><U8/><E8/><V118/><F118/><W80/><G100/><T78/><D78/><U95/><E95/><AGARI ba="0,1" hai="9,13,16,26,29,34,62,67,68,81,85,91,92,95" machi="95" ten="40,5200,0" yaku="1,1,52,1,54,1,53,0" doraHai="86" doraHaiUra="53" who="0" fromWho="1" sc="240,62,250,-52,270,0,230,0" /><INIT seed="2,0,0,3,3,30" ten="302,198,270,230" oya="2" hai0="40,110,68,96,67,34,48,72,41,45,89,64,109" hai1="104,77,101,118,111,6,73,24,12,56,82,42,20" hai2="99,87,37,52,31,94,32,107,44,134,49,128,78" hai3="81,119,129,121,17,125,124,112,27,108,66,1,127"/><V13/><F37/><W62/><G119/><T70/><D72/><U80/><E118/><V90/><F128/><W9/><G121/><T133/><D89/><U15/><E111/><N who="0" m="42505" /><D96/><U2/><E104/><V79/><F134/><W113/><G108/><T33/><D40/><U93/><E42/><V47/><F47/><W122/><G122/><T57/><D57/><U115/><E115/><N who="3" m="44106" /><G129/><T55/><D55/><U46/><E46/><V63/><F63/><W4/><G81/><T86/><D86/><U8/><E56/><V43/><F43/><W19/><G27/><T130/><D133/><U51/><E51/><V135/><F135/><W29/><G29/><T69/><D130/><U28/><E101/><V84/><F107/><W5/><G5/><T103/><D103/><U21/><E93/><V35/><F31/><W23/><G23/><T14/><D14/><U61/><E61/><V116/><F13/><W26/><G26/><T100/><D100/><U92/><E92/><V75/><F116/><W132/><G132/><T97/><D97/><U117/><E117/><V102/><F84/><W83/><G83/><T85/><D85/><U11/><E82/><N who="2" m="45407" /><F79/><W0/><G0/><T91/><D91/><U60/><E60/><V3/><F3/><W105/><G105/><T123/><D123/><U88/><E88/><V106/><AGARI ba="0,0" hai="32,35,44,49,52,87,90,94,99,102,106" m="45407" machi="106" ten="30,11700,0" yaku="24,1,52,2,54,1" doraHai="30" who="2" fromWho="2" sc="302,-39,198,-39,270,117,230,-39" /><INIT seed="2,1,0,1,1,11" ten="263,159,387,191" oya="2" hai0="71,83,130,101,95,117,133,21,113,69,90,57,23" hai1="104,74,107,131,121,118,111,123,45,124,53,96,38" hai2="80,1,55,30,24,112,64,34,134,93,4,87,106" hai3="52,132,41,50,94,115,54,61,5,47,116,76,37"/><V22/><F112/><W48/><G116/><T26/><D113/><U97/><E53/><V72/><F106/><W43/><G115/><T40/><D117/><U20/><E20/><V36/><F36/><W84/><G132/><T102/><D133/><U62/><E62/><V125/><F125/><W12/><G61/><T114/><D114/><U44/><E118/><V119/><F134/><W103/><G37/><T67/><D40/><U60/><E60/><V135/><F135/><W91/><G103/><T56/><D83/><U129/><E38/><V85/><F72/><W8/><G76/><T29/><D130/><U68/><E74/><V9/><F64/><W58/><AGARI ba="1,0" hai="5,8,12,41,43,47,48,50,52,54,58,84,91,94" machi="58" ten="20,8000,1" yaku="0,1,7,1,8,1,52,1,54,1" doraHai="11" who="3" fromWho="3" sc="263,-21,159,-21,387,-41,191,83" /><INIT seed="3,0,0,1,4,63" ten="242,138,346,274" oya="3" hai0="33,66,112,74,95,129,24,18,88,71,5,57,23" hai1="128,118,58,34,68,69,103,101,108,16,73,65,64" hai2="126,97,53,77,15,36,1,13,124,28,123,79,93" hai3="49,131,6,46,27,70,72,3,110,96,90,62,54"/><W75/><G131/><T120/><D120/><U40/><E73/><V132/><F1/><W35/><G110/><T7/><D71/><U10/><E34/><V86/><F36/><W81/><G3/><T119/><D119/><U106/><E108/><V127/><F132/><W117/><G6/><T122/><D122/><U8/><E40/><V85/><F28/><W31/><G117/><T130/><D74/><U2/><E118/><V17/><F53/><W44/><G44/><T50/><D33/><U100/><E58/><V42/><F42/><W11/><G11/><T102/><D102/><U91/><E91/><V94/><F123/><W30/><G30/><T45/><D112/><U84/><E84/><N who="2" m="32363" /><F15/><W48/><G48/><T83/><D83/><U135/><E101/><N who="2" m="60591" /><F94/><W116/><G116/><T82/><D82/><U114/><E2/><V52/><F52/><W19/><G81/><T76/><D129/><U67/><E128/><V51/><F51/><W61/><G72/><T89/><D130/><U109/><E109/><V99/><F99/><W125/><G75/><T87/><D89/><U113/><E67/><V26/><F26/><W43/><G43/><N who="0" m="24895" /><D76/><U121/><E121/><V14/><F14/><W39/><G39/><T25/><D25/><U41/><E41/><V20/><AGARI ba="0,0" hai="13,17,20,77,79,124,126,127" m="60591,32363" machi="20" ten="40,1500,0" yaku="18,1" doraHai="63" who="2" fromWho="2" sc="242,-4,138,-4,346,15,274,-7" /><INIT seed="4,0,0,5,5,27" ten="238,134,361,267" oya="0" hai0="109,43,50,61,135,123,134,98,77,45,84,48,97" hai1="14,44,63,62,29,133,31,91,37,103,89,11,126" hai2="54,52,130,65,114,132,22,67,124,119,23,56,71" hai3="115,88,12,122,87,79,1,28,41,80,10,9,32"/><T94/><D123/><U38/><E133/><N who="0" m="50697" /><D109/><U121/><E126/><V100/><F132/><W59/><G122/><T106/><D106/><U53/><E121/><V6/><F71/><W128/><G115/><T85/><D61/><U117/><E117/><V120/><F124/><W20/><G128/><T24/><D77/><U75/><E75/><V110/><F130/><W16/><G41/><T66/><D66/><U34/><E103/><V95/><F110/><W131/><G131/><T2/><D2/><U60/><E34/><V47/><F119/><W102/><G102/><N who="0" m="60727" /><D98/><U19/><E37/><V81/><F100/><W33/><G79/><T118/><D118/><U105/><E105/><V113/><F67/><W51/><G1/><T42/><D24/><U127/><E127/><V3/><F65/><W82/><G82/><T13/><D13/><U15/><E38/><V99/><F81/><W21/><G32/><T46/><AGARI ba="0,0" hai="42,43,45,46,48,50,84,85" m="60727,50697" machi="46" ten="30,1500,0" yaku="20,1" doraHai="27" who="0" fromWho="0" sc="238,15,134,-5,361,-5,267,-5" /><INIT seed="4,1,0,2,0,76" ten="253,129,356,262" oya="0" hai0="1,106,36,47,113,77,124,57,79,64,39,81,54" hai1="60,102,80,97,21,86,5,85,44,133,3,40,35" hai2="46,28,2,66,134,118,38,10,16,100,98,34,104" hai3="15,29,116,59,61,43,122,119,115,8,62,94,52"/><T74/><D106/><U33/><E133/><V48/><F134/><W101/><G115/><T13/><D1/><U26/><E3/><V18/><F38/><W12/><G122/><T95/><D113/><U56/><E5/><V19/><F66/><W53/><G43/><T75/><D124/><U50/><E35/><V87/><F118/><W82/><G29/><T67/><D95/><U63/><E33/><V41/><F87/><W91/><G101/><T121/><D121/><U14/><E14/><V117/><F117/><W78/><G116/><T22/><D22/><U84/><E56/><V108/><F108/><W9/><G119/><T128/><D13/><U20/><E20/><V89/><F34/><W68/><G68/><T70/><D70/><U99/><E80/><V30/><F2/><W65/><G82/><T24/><D24/><U49/><E49/><V114/><F114/><W129/><G78/><T51/><D128/><U25/><E25/><V132/><F132/><W131/><G15/><T4/><D4/><U103/><E102/><V71/><F71/><W126/><G126/><T23/><D23/><U125/><E125/><V105/><F10/><N who="3" m="4203" /><G12/><T107/><D107/><U73/><E73/><V88/><F105/><W109/><G109/><T69/><D69/><U110/><E110/><V58/><F28/><W83/><G83/><N who="0" m="45495" /><D36/><U130/><E130/><N who="3" m="49674" /><G62/><N who="1" m="23594" /><E103/><V17/><N who="2" m="4096" /><DORA hai="123" /><V45/><F30/><AGARI ba="1,0" hai="21,26,30,40,44,50,84,85,86,97,99" m="23594" machi="30" ten="30,1000,0" yaku="8,1" doraHai="76,123" who="1" fromWho="2" sc="253,0,129,13,356,-13,262,0" /><INIT seed="5,0,0,1,4,13" ten="253,142,343,262" oya="1" hai0="29,14,116,58,30,71,49,83,111,27,10,2,110" hai1="11,18,93,135,134,28,81,67,3,5,22,56,125" hai2="97,80,88,126,24,72,47,101,40,25,57,17,118" hai3="131,54,65,35,113,90,123,20,103,99,115,33,96"/><U108/><E125/><V86/><F118/><W84/><G123/><T7/><D71/><U36/><E36/><V105/><F126/><W61/><G54/><T66/><D83/><U60/><E108/><N who="0" m="41513" /><D49/><U51/><E93/><V95/><F57/><W53/><G53/><T92/><D58/><U127/><E127/><V64/><F64/><W106/><G96/><T130/><D92/><U41/><E28/><N who="0" m="10857" /><D66/><U16/><E81/><V62/><F62/><W128/><G20/><T89/><D89/><U91/><E91/><V50/><F17/><W4/><G4/><T19/><D116/><U87/><E87/><V112/><F112/><N who="3" m="43083" /><G90/><T100/><D100/><U15/><REACH who="1" step="1"/><E18/><REACH who="1" ten="253,132,343,262" step="2"/><V104/><F104/><W39/><G84/><T43/><D130/><N who="3" m="49705" /><G39/><T63/><D19/><U0/><E0/><V38/><F38/><W26/><G106/><T1/><D1/><U48/><E48/><V133/><F105/><W52/><G103/><T42/><D2/><U119/><E119/><V73/><F101/><W70/><G99/><T122/><D122/><U45/><AGARI ba="0,1" hai="3,5,11,15,16,22,41,45,51,56,60,67,134,135" machi="45" ten="30,12000,1" yaku="1,1,0,1,52,1,54,1,53,1" doraHai="13" doraHaiUra="46" who="1" fromWho="1" sc="253,-40,132,130,343,-40,262,-40" /><INIT seed="5,1,0,2,0,78" ten="213,262,303,222" oya="1" hai0="82,23,33,50,66,29,10,17,124,62,90,113,51" hai1="25,1,67,127,99,123,48,70,64,53,81,130,11" hai2="59,7,120,72,121,49,69,63,15,83,26,58,74" hai3="102,20,32,101,98,79,75,86,97,116,76,19,44"/><U43/><E123/><V129/><F129/><W35/><G75/><T93/><D33/><U60/><E130/><V45/><F69/><W103/><G116/><T68/><D113/><U131/><E131/><V88/><F26/><W105/><G44/><T119/><D119/><U135/><E135/><V56/><F63/><W39/><G39/><T41/><D29/><U117/><E117/><V37/><F37/><W106/><G101/><T13/><D124/><U34/><E127/><V133/><F133/><W46/><G46/><T31/><D41/><U28/><E43/><V22/><F74/><W9/><G9/><T108/><D108/><U107/><E67/><V36/><F36/><W30/><G30/><T125/><D125/><U134/><E134/><V38/><F72/><W114/><G114/><T5/><D31/><U111/><E111/><V112/><F38/><W100/><G100/><T85/><REACH who="0" step="1"/><D93/><REACH who="0" ten="203,262,303,222" step="2"/><U12/><E34/><V16/><F112/><W0/><G35/><T132/><D132/><U2/><E28/><V14/><F121/><W95/><G32/><T61/><D61/><U128/><E60/><V18/><F120/><W104/><G104/><T87/><D87/><U54/><E107/><V122/><F122/><W110/><G110/><T3/><AGARI ba="1,1" hai="3,5,10,13,17,23,50,51,62,66,68,82,85,90" machi="3" ten="20,5200,0" yaku="1,1,0,1,7,1,52,1,53,0" doraHai="78" doraHaiUra="96" who="0" fromWho="0" sc="203,65,262,-27,303,-14,222,-14" /><INIT seed="6,0,0,4,1,105" ten="268,235,289,208" oya="2" hai0="3,59,72,110,21,65,101,63,132,20,100,98,102" hai1="5,7,94,18,76,49,35,25,17,24,70,15,46" hai2="13,120,14,71,58,112,31,90,66,61,19,87,22" hai3="78,64,135,80,79,36,40,1,37,117,48,57,107"/><V108/><F120/><W4/><G117/><T111/><D3/><U103/><E70/><V41/><F108/><W38/><G107/><T50/><D72/><U9/><E76/><V30/><F112/><W127/><G127/><T39/><D39/><U99/><E35/><V130/><F130/><W86/><G135/><T32/><D32/><U8/><E25/><V115/><F41/><W91/><G1/><T6/><D6/><U68/><E68/><V16/><F71/><W129/><G129/><T45/><D132/><U131/><E131/><V95/><F115/><W29/><G29/><T43/><D110/><U128/><E128/><V124/><REACH who="2" step="1"/><F124/><REACH who="2" ten="268,235,279,208" step="2"/><W47/><G40/><T56/><D111/><U28/><E28/><V75/><F75/><W93/><G38/><T116/><D116/><U113/><E113/><V109/><F109/><W67/><G37/><T125/><D125/><U82/><E82/><V11/><AGARI ba="0,1" hai="11,13,14,16,19,22,30,31,58,61,66,87,90,95" machi="11" ten="20,12000,1" yaku="1,1,0,1,7,1,8,1,54,1,53,0" doraHai="105" doraHaiUra="33" who="2" fromWho="2" sc="268,-40,235,-40,279,130,208,-40" /><INIT seed="6,1,0,5,4,42" ten="228,195,409,168" oya="2" hai0="60,73,17,77,124,55,63,118,59,94,0,20,103" hai1="36,61,133,88,53,105,54,4,56,40,90,81,29" hai2="19,35,115,117,127,2,109,22,91,68,132,114,8" hai3="93,16,41,97,99,70,43,82,80,45,7,44,27"/><V32/><F68/><W126/><G70/><T122/><D122/><U6/><E105/><V131/><F91/><N who="3" m="55487" /><G7/><T1/><D124/><U31/><E40/><N who="3" m="15434" /><G126/><T52/><D118/><U102/><E133/><V72/><F72/><W66/><G66/><T13/><D73/><U79/><E102/><V28/><F117/><W121/><G99/><N who="0" m="59895" /><D0/><U111/><E111/><V24/><F109/><W47/><G121/><T11/><D1/><U95/><E36/><V78/><F78/><W85/><G85/><T74/><D74/><U106/><E106/><V67/><F67/><W86/><G86/><T107/><D107/><U50/><E81/><V18/><F127/><W9/><G9/><T75/><D75/><U39/><E39/><V51/><F132/><W46/><N who="3" m="11264" /><DORA hai="25" /><W14/><G14/><T48/><D77/><U64/><E79/><V58/><F2/><W98/><G98/><T128/><D11/><U104/><E104/><V21/><F8/><W10/><G10/><T135/><D135/><U5/><E90/><V65/><F65/><W3/><G3/><T69/><D69/><U120/><E120/><V23/><F32/><W87/><G87/><T113/><D13/><U30/><E50/><V15/><F51/><W71/><G71/><T101/><D48/><U100/><E100/><V84/><F84/><AGARI ba="1,0" hai="4,5,6,29,30,31,53,54,56,61,64,84,88,95" machi="84" ten="40,8000,1" yaku="8,1,52,3,54,1" doraHai="42,25" who="1" fromWho="2" sc="228,0,195,83,409,-83,168,0" /><INIT seed="7,0,0,3,1,114" ten="228,278,326,168" oya="3" hai0="12,64,37,123,79,36,45,57,74,78,96,3,30" hai1="106,115,118,72,8,76,134,56,46,108,82,35,116" hai2="111,22,9,27,101,53,102,63,49,62,55,122,23" hai3="97,33,60,99,25,69,26,21,104,129,86,7,109"/><W128/><G109/><T85/><D3/><U41/><E108/><V117/><F117/><N who="1" m="45161" /><E115/><V75/><F75/><W68/><G7/><T10/><D74/><U73/><E134/><V4/><F122/><W127/><G127/><T43/><D30/><U38/><E106/><V31/><F23/><W28/><G86/><T15/><D15/><U51/><E35/><V98/><F55/><W120/><G120/><T131/><D96/><U132/><E132/><V77/><F77/><W84/><G84/><T65/><D36/><U87/><E8/><V107/><F102/><N who="3" m="62543" /><G99/><T52/><D123/><U47/><E56/><V119/><F119/><W24/><G24/><T125/><D57/><U90/><E76/><V42/><F42/><AGARI ba="0,0" hai="38,41,42,46,47,51,72,73,82,87,90" m="45161" machi="42" ten="30,7700,0" yaku="12,1,52,3" doraHai="114" who="1" fromWho="2" sc="228,0,278,77,326,-77,168,0" owari="228,-17.0,355,45.0,249,5.0,168,-33.0" /></mjloggm>