<mjloggm ver="2.3"><GO type="185" lobby="0"/><UN n0="%4B%65%6E%74%4B%65%6E%74" n1="%50%42%33%2D%50" n2="%4E%45%47%49%54%53" n3="" dan="17,18,18,0" rate="2266.64,2276.35,2305.95,1500.00" sx="F,F,F,C"/><TAIKYOKU oya="0"/><INIT seed="0,0,0,0,4,132" ten="350,350,350,0" oya="0" hai0="112,124,119,55,123,2,56,64,131,3,111,133,70" hai1="89,76,32,118,95,51,35,109,62,106,122,78,100" hai2="94,74,54,114,93,81,37,104,41,113,92,110,0" hai3=""/><T36/><RYUUKYOKU type="yao9" ba="0,0" sc="350,0,350,0,350,0,0,0" hai0="2,3,36,55,56,64,70,111,112,119,123,124,131,133" /><INIT seed="0,1,0,4,4,42" ten="350,350,350,0" oya="0" hai0="134,75,0,83,80,110,123,117,63,81,88,103,40" hai1="37,114,50,90,119,72,118,93,62,44,124,99,58" hai2="45,102,91,70,54,127,130,61,55,113,73,111,82" hai3=""/><T52/><N who="0" m="31520" /><T84/><D0/><U68/><E72/><V76/><F113/><T43/><D117/><U78/><E114/><V79/><F111/><T132/><D110/><U106/><E106/><V3/><F3/><T47/><D103/><U98/><E124/><V108/><F127/><T125/><D125/><U133/><E133/><N who="0" m="51305" /><D75/><U46/><E78/><V96/><F108/><T122/><N who="0" m="31264" /><T2/><D2/><U115/><E115/><V64/><F130/><T32/><D32/><U35/><E35/><V109/><F109/><T89/><D89/><U86/><E119/><V41/><F91/><T59/><D43/><U128/><E118/><V101/><F79/><T135/><N who="0" m="51313" /><T121/><N who="0" m="31008" /><DORA hai="66" /><T116/><D116/><U94/><E90/><V129/><F129/><T95/><D95/><U97/><E93/><V126/><F126/><T87/><D87/><U120/><E94/><V105/><REACH who="2" step="1"/><F101/><REACH who="2" ten="350,350,340,0" step="2"/><T77/><D77/><U57/><E128/><V71/><F71/><T100/><D100/><U53/><E120/><V49/><AGARI ba="1,1" hai="41,45,49,54,55,61,64,70,73,76,82,96,102,105" machi="49" ten="20,12000,3" yaku="1,1,0,1,7,1,52,2,53,4" doraHai="42,66" doraHaiUra="51,48" who="2" fromWho="2" sc="350,-81,350,-41,340,132,0,0" /><INIT seed="1,0,0,1,5,67" ten="269,309,472,0" oya="1" hai0="53,106,78,121,59,118,50,94,101,43,41,117,125" hai1="100,39,65,109,46,81,127,62,114,126,58,38,88" hai2="90,40,79,35,92,112,102,128,95,93,111,49,70" hai3=""/><U48/><E114/><V72/><F35/><T122/><N who="0" m="31008" /><T36/><N who="0" m="31264" /><T87/><D125/><N who="1" m="47627" /><E100/><V44/><F112/><T0/><D0/><U131/><E131/><V69/><F128/><T130/><D130/><U84/><E109/><V32/><F32/><T82/><D106/><U89/><E89/><V61/><F111/><T105/><D105/><U60/><E60/><V113/><F113/><T98/><REACH who="0" step="1"/><D36/><REACH who="0" ten="259,309,472,0" step="2"/><U124/><N who="1" m="47635" /><U66/><DORA hai="115" /><E66/><V56/><F102/><T108/><D108/><U85/><E85/><V99/><F99/><T107/><D107/><U77/><E77/><V54/><F90/><T74/><D74/><U71/><E71/><V68/><F79/><T103/><D103/><U76/><E76/><V83/><F72/><T47/><D47/><U132/><E38/><V64/><F64/><T110/><D110/><U63/><E39/><V37/><F37/><T73/><D73/><U120/><N who="1" m="30752" /><U57/><E65/><V96/><F96/><T3/><D3/><U135/><E46/><V33/><F33/><T119/><AGARI ba="0,1" hai="41,43,50,53,59,78,82,87,94,98,101,117,118,119" m="31264,31008" machi="119" ten="30,12000,3" yaku="1,1,0,1,12,1,52,5,53,2" doraHai="67,115" doraHaiUra="75,52" who="0" fromWho="0" sc="259,130,309,-80,472,-40,0,0" /><INIT seed="2,0,0,4,3,97" ten="389,229,432,0" oya="2" hai0="60,67,113,122,131,104,42,71,114,135,2,111,40" hai1="130,112,126,123,65,94,109,87,52,3,57,129,105" hai2="110,38,48,120,78,66,108,88,132,80,128,56,44" hai3=""/><V70/><N who="2" m="30752" /><V118/><F118/><T32/><N who="0" m="31264" /><T69/><D104/><U98/><N who="1" m="31520" /><U95/><E3/><V89/><F70/><N who="0" m="26634" /><D32/><U117/><E112/><N who="0" m="43113" /><D2/><U121/><N who="1" m="31008" /><U34/><E34/><V45/><F132/><T73/><D73/><U116/><E109/><N who="2" m="42091" /><F128/><N who="1" m="49257" /><E65/><V81/><F38/><T125/><D111/><U124/><E87/><V96/><F96/><T51/><D131/><U74/><E74/><V92/><F92/><N who="1" m="35369" /><E98/><V83/><F78/><T53/><D125/><N who="1" m="48235" /><E105/><V50/><F66/><T85/><D85/><U64/><E64/><V93/><F93/><T59/><D135/><U107/><E107/><V103/><F81/><T68/><AGARI ba="0,0" hai="40,42,51,53,59,60,67,68" m="43113,26634,31264" machi="68" ten="30,5900,0" yaku="11,1,34,2,52,1" doraHai="97" who="0" fromWho="0" sc="389,59,229,-20,432,-39,0,0" /><INIT seed="4,0,0,1,5,97" ten="448,209,393,0" oya="0" hai0="122,33,117,85,101,78,79,67,129,51,55,113,68" hai1="36,57,53,126,121,64,90,106,62,61,0,104,87" hai2="123,41,99,81,83,52,135,2,70,86,130,63,49" hai3=""/><T69/><N who="0" m="31264" /><T82/><D33/><U111/><N who="1" m="31008" /><U50/><E0/><V89/><N who="2" m="31520" /><V96/><F2/><T108/><D117/><U93/><E111/><V109/><F109/><T48/><D108/><U119/><E119/><V65/><F135/><T115/><D129/><U72/><E72/><V34/><F34/><T124/><D124/><U58/><E126/><V37/><F130/><T98/><D79/><U134/><E134/><V100/><F37/><T60/><D69/><U73/><E73/><V92/><F41/><T91/><D78/><U80/><E36/><V1/><F99/><T3/><D3/><U39/><E39/><V118/><F118/><T59/><REACH who="0" step="1"/><D48/><REACH who="0" ten="438,209,393,0" step="2"/><U45/><REACH who="1" step="1"/><E80/><REACH who="1" ten="438,199,393,0" step="2"/><V95/><REACH who="2" step="1"/><F1/><REACH who="2" ten="438,199,383,0" step="2"/><T114/><D114/><U40/><AGARI ba="0,3" hai="40,45,50,53,57,58,61,62,64,87,90,93,104,106" m="31008" machi="40" ten="20,6000,1" yaku="1,1,2,1,0,1,7,1,52,1,53,0" doraHai="97" doraHaiUra="128" who="1" fromWho="1" sc="438,-40,199,90,383,-20,0,0" /><INIT seed="5,0,0,5,4,41" ten="398,289,363,0" oya="1" hai0="103,124,32,76,57,108,62,47,105,117,70,111,133" hai1="106,72,3,66,130,54,44,85,64,48,36,51,97" hai2="68,94,89,83,128,92,86,82,1,81,96,37,91" hai3=""/><U131/><E3/><V132/><F1/><T56/><D32/><U40/><E72/><V49/><F68/><T119/><D76/><U104/><E97/><V50/><F37/><T34/><D34/><U109/><E109/><N who="0" m="42057" /><D103/><U99/><E99/><V58/><F132/><T42/><D105/><U90/><E104/><V71/><F71/><T38/><D124/><U126/><E106/><V95/><F128/><N who="1" m="49193" /><E126/><V101/><F58/><N who="0" m="22634" /><D133/><U129/><N who="1" m="49201" /><U114/><DORA hai="39" /><E114/><V75/><F75/><T123/><N who="0" m="31520" /><T118/><D118/><U93/><E36/><V61/><F61/><T46/><D46/><AGARI ba="0,0" hai="40,44,46,48,51,54,64,66,85,90,93" m="49201" machi="46" ten="40,12000,1" yaku="19,1,52,3" doraHai="41,39" who="1" fromWho="0" sc="398,-120,289,120,363,0,0,0" /><INIT seed="5,1,0,1,1,134" ten="278,409,363,0" oya="1" hai0="90,80,105,61,82,132,45,97,72,32,52,113,41" hai1="55,66,57,117,123,111,75,109,65,104,49,58,50" hai2="89,42,128,93,122,79,112,1,54,63,116,77,35" hai3=""/><U108/><N who="1" m="31520" /><U115/><E117/><V100/><N who="2" m="31264" /><V62/><F1/><T46/><D32/><U114/><E75/><V60/><F116/><T106/><D113/><N who="1" m="43019" /><E104/><V83/><F112/><T110/><D132/><U33/><E33/><V91/><F35/><T78/><D110/><U127/><E127/><V96/><F128/><T99/><D99/><U84/><E84/><V107/><F42/><T48/><D61/><U81/><E81/><V47/><F107/><T87/><REACH who="0" step="1"/><D97/><REACH who="0" ten="268,409,363,0" step="2"/><U131/><E131/><V86/><F100/><T85/><D85/><U67/><E50/><AGARI ba="1,1" hai="47,50,54,60,62,63,77,79,83,86,89,91,93,96" m="31264" machi="50" ten="40,2600,0" yaku="8,1,52,1" doraHai="134" who="2" fromWho="1" sc="268,0,409,-28,363,38,0,0" /><AGARI ba="1,0" hai="41,45,46,48,50,52,72,78,80,82,87,90,105,106" machi="50" ten="30,3900,0" yaku="1,1,7,1,54,1,53,0" doraHai="134" doraHaiUra="98" who="0" fromWho="1" sc="268,39,381,-39,401,0,0,0" /><INIT seed="6,0,0,1,0,67" ten="307,342,401,0" oya="2" hai0="101,75,46,39,59,79,98,60,122,68,78,47,52" hai1="62,35,130,97,108,49,127,53,85,48,123,89,34" hai2="115,119,42,2,131,134,93,126,0,88,128,103,91" hai3=""/><V33/><F33/><T99/><N who="0" m="31264" /><T74/><D74/><U113/><N who="1" m="31520" /><U120/><N who="1" m="30752" /><U58/><E108/><V83/><F119/><T66/><D75/><U82/><E113/><V84/><F115/><T64/><D64/><U57/><E130/><N who="2" m="49707" /><F134/><T133/><D133/><U121/><N who="1" m="31008" /><U114/><E127/><V3/><F126/><T80/><D80/><U50/><E114/><V40/><F103/><T44/><D39/><U32/><REACH who="1" step="1"/><E97/><AGARI ba="0,0" hai="0,2,3,40,42,83,84,88,91,93,97" m="49707" machi="97" ten="40,3900,0" yaku="19,1,54,1" doraHai="67" who="2" fromWho="1" sc="307,0,342,-39,401,39,0,0" owari="307,-9.0,303,-30.0,440,39.0,0,0.0" /></mjloggm>