<mjloggm ver="2.3"><GO type="169" lobby="0"/><UN n0="%E5%8D%97%E6%96%97%E3%81%AE%E3%83%AC%E3%82%A4" n1="%E3%81%9F%E3%81%8C%E3%82%84%E3%81%99" n2="%6E%6F%70%72%6F%70%73" n3="%E3%81%98%E3%81%98%E3%81%84%E3%81%8C%E5%91%BC%E3%82%93%E3%81%A0" dan="17,16,16,16" rate="2166.89,2150.73,2114.29,2095.39" sx="M,M,F,M"/><TAIKYOKU oya="0"/><INIT seed="0,0,0,0,3,116" ten="250,250,250,250" oya="0" hai0="117,92,2,96,111,76,8,24,27,119,115,79,41" hai1="91,99,25,73,44,130,61,84,43,22,90,101,14" hai2="48,102,110,70,64,93,68,80,50,18,52,54,3" hai3="131,0,5,23,97,94,75,106,123,37,51,78,10"/><T118/><D41/><U107/><E73/><V9/><F110/><W46/><G131/><T55/><D111/><U69/><E130/><V66/><F80/><W45/><G106/><T126/><D126/><U105/><E105/><V30/><F30/><W53/><G37/><T19/><D55/><U128/><E128/><V4/><F18/><W71/><G71/><N who="2" m="27177" /><F93/><W20/><G46/><T95/><D19/><U21/><E14/><V72/><F9/><W65/><G65/><N who="2" m="25193" /><F102/><W108/><G108/><T87/><D8/><U77/><E61/><V135/><F72/><W60/><G60/><T17/><D17/><U1/><E1/><V42/><F3/><W120/><G120/><T113/><D2/><U49/><E69/><V132/><F4/><W125/><G125/><T129/><D129/><U121/><E121/><V11/><F42/><W6/><G6/><T82/><D24/><U33/><E33/><V29/><F11/><W28/><G28/><T124/><D27/><U32/><E32/><V59/><F29/><W31/><G31/><T40/><D40/><U109/><E109/><V12/><F12/><W38/><G38/><T104/><D124/><U35/><E35/><V100/><F100/><W47/><G0/><T7/><D7/><U98/><E25/><V122/><F122/><W83/><G5/><T26/><D26/><U85/><E77/><V63/><F63/><W88/><G10/><T127/><D127/><U112/><E43/><V74/><F74/><W134/><G123/><T15/><D118/><U133/><E101/><V16/><F16/><W13/><G13/><RYUUKYOKU ba="0,0" sc="250,-10,250,-10,250,30,250,-10" hai2="48,50,52,54,59,132,135" /><INIT seed="1,1,0,5,4,2" ten="240,240,280,240" oya="1" hai0="69,104,78,102,133,86,100,110,20,89,48,122,97" hai1="94,21,108,27,3,62,88,4,115,118,128,51,58" hai2="44,82,129,121,59,77,105,32,101,16,103,15,125" hai3="52,39,76,54,49,107,90,46,124,68,38,25,87"/><U53/><E3/><V126/><F121/><W29/><G124/><N who="2" m="47721" /><F32/><W127/><G127/><T67/><D102/><U98/><E128/><V73/><F105/><W37/><G107/><T6/><D78/><U111/><E115/><V120/><F120/><W1/><G68/><T135/><D122/><U23/><E118/><V95/><F129/><W11/><G76/><T0/><D110/><N who="1" m="42027" /><E4/><V80/><F80/><W28/><G54/><T41/><D0/><U14/><E14/><V106/><F106/><W61/><G61/><T112/><D6/><U17/><E23/><N who="2" m="11679" /><F59/><W117/><G117/><T92/><D20/><U36/><E36/><V45/><F95/><W72/><G72/><T64/><D112/><U57/><E57/><V60/><F60/><AGARI ba="1,0" hai="17,21,27,51,53,58,60,62,88,94,98" m="42027" machi="60" ten="30,5800,0" yaku="14,1,10,1,54,1" doraHai="2" who="1" fromWho="2" sc="240,0,240,61,280,-61,240,0" /><INIT seed="1,2,0,5,5,62" ten="240,301,219,240" oya="1" hai0="2,21,113,46,110,118,63,36,47,129,26,65,89" hai1="59,115,54,87,40,4,35,134,28,86,23,80,8" hai2="96,5,16,82,124,92,31,103,32,50,42,126,130" hai3="1,17,88,12,30,72,107,25,122,81,77,85,99"/><U68/><E68/><V38/><F38/><W14/><G122/><T52/><D113/><U71/><E71/><V55/><F5/><W128/><G128/><T127/><D2/><U10/><E134/><V29/><F42/><W119/><G119/><T108/><D118/><U116/><E116/><V104/><F130/><W11/><G1/><T112/><D129/><U131/><E131/><V125/><F32/><W49/><G14/><T13/><D13/><U94/><E35/><V98/><F82/><W91/><G72/><T105/><D105/><U19/><E28/><V78/><F78/><W117/><G117/><T15/><D15/><N who="1" m="9727" /><E40/><V93/><F16/><W111/><G111/><N who="0" m="42539" /><D36/><U48/><E115/><V45/><REACH who="2" step="1"/><F104/><REACH who="2" ten="240,301,209,240" step="2"/><W95/><G107/><T100/><D112/><U20/><E20/><V76/><F76/><W43/><G77/><T120/><D21/><U90/><E4/><V66/><F66/><W57/><G43/><T121/><D65/><U97/><E86/><V9/><F9/><W123/><G30/><T106/><D106/><U44/><E44/><V109/><F109/><W67/><G67/><T7/><D47/><U34/><E34/><V56/><F56/><W39/><G39/><T60/><D46/><U18/><E18/><V22/><F22/><W69/><G69/><T37/><D7/><U114/><E114/><V41/><F41/><W135/><G25/><T24/><D26/><U74/><E74/><V0/><F0/><W84/><G84/><T64/><D24/><U51/><E80/><V61/><F61/><W79/><G12/><T6/><D37/><RYUUKYOKU ba="2,1" sc="240,-10,301,-10,209,30,240,-10" hai2="29,31,45,50,55,92,93,96,98,103,124,125,126" /><INIT seed="2,3,1,2,2,67" ten="230,291,239,230" oya="2" hai0="56,11,101,20,18,98,22,58,26,113,2,88,62" hai1="3,25,115,59,78,53,116,1,42,107,130,125,100" hai2="50,75,4,97,29,119,63,31,74,92,13,104,118" hai3="52,48,8,132,5,110,134,95,66,69,73,68,54"/><V46/><F104/><W99/><G110/><T80/><D113/><U57/><E42/><V126/><F126/><W91/><G73/><T14/><D2/><U109/><E78/><V103/><F75/><W79/><G79/><T105/><D22/><U35/><E53/><N who="3" m="20586" /><G48/><T60/><D80/><U85/><E85/><V72/><F72/><W44/><G44/><T93/><D60/><U24/><E100/><V108/><F74/><W33/><G66/><T121/><D62/><U36/><E36/><V90/><F108/><W65/><G65/><T111/><D121/><U128/><E35/><V61/><F118/><W43/><G43/><T102/><D111/><U41/><E41/><N who="2" m="24911" /><F103/><N who="0" m="39434" /><D105/><U6/><E109/><V30/><F119/><W38/><G38/><T12/><D12/><U17/><E116/><V47/><F47/><W71/><G33/><T19/><AGARI ba="3,1" hai="11,14,18,19,20,26,56,58,88,93,98" m="39434" machi="19" ten="30,2000,0" yaku="8,1,54,1" doraHai="67" who="0" fromWho="0" sc="230,39,291,-8,239,-13,230,-8" /><INIT seed="3,0,0,2,5,110" ten="269,283,226,222" oya="3" hai0="75,17,82,55,134,7,89,97,78,21,12,1,113" hai1="98,124,18,23,79,29,95,0,102,51,3,115,39" hai2="92,123,84,6,126,119,127,56,64,5,105,72,44" hai3="35,74,135,53,57,91,20,111,48,90,50,2,120"/><W125/><G35/><T19/><D134/><U67/><E39/><V109/><F44/><W25/><G120/><T15/><D7/><U38/><E38/><V24/><F64/><W128/><G135/><T46/><D1/><U58/><E124/><N who="2" m="47659" /><F56/><W106/><G125/><T96/><D89/><U68/><E68/><V76/><F24/><W47/><G111/><T60/><D113/><U16/><E115/><V116/><F6/><W69/><G69/><T45/><D45/><U37/><E37/><V36/><F5/><W100/><G74/><T10/><D46/><U104/><E29/><V107/><BYE who="1" /><F36/><W26/><G2/><T63/><D63/><U70/><E70/><V32/><F32/><W28/><G106/><N who="2" m="40457" /><F109/><W77/><G77/><T80/><D55/><UN n1="%E3%81%9F%E3%81%8C%E3%82%84%E3%81%99" /><U4/><E4/><V54/><F54/><W13/><G100/><T71/><D60/><U121/><E67/><V49/><F49/><W33/><G13/><T81/><D71/><U9/><E0/><V114/><F123/><W112/><G112/><T108/><D108/><U118/><E121/><V61/><F61/><W40/><REACH who="3" step="1"/><G128/><REACH who="3" ten="269,283,226,212" step="2"/><T117/><D15/><U66/><E3/><V11/><F114/><W43/><G43/><T101/><D12/><U31/><E104/><V73/><F73/><W86/><G86/><T132/><D75/><U94/><E102/><V130/><F72/><W131/><G131/><T22/><D101/><U99/><E79/><V83/><F130/><W27/><G27/><T30/><D78/><U42/><E42/><V65/><F76/><W62/><G62/><T87/><D132/><RYUUKYOKU ba="0,1" sc="269,-10,283,-10,226,-10,212,30" hai3="20,25,26,28,33,40,47,48,50,53,57,90,91" /><INIT seed="3,1,1,2,0,135" ten="259,273,216,242" oya="3" hai0="73,87,36,14,93,13,133,119,17,98,115,20,3" hai1="94,52,10,49,12,78,38,47,25,105,123,131,118" hai2="59,2,109,32,21,65,27,74,82,120,99,102,34" hai3="61,129,35,19,96,66,64,16,57,112,71,43,55"/><W88/><G112/><T125/><D3/><U33/><E105/><V51/><F2/><W101/><G35/><T31/><D73/><U8/><E123/><V5/><F5/><W72/><G72/><T67/><D36/><U15/><E131/><V18/><F120/><W113/><G113/><T106/><D31/><U86/><E118/><V127/><F109/><W116/><G116/><T54/><D67/><U60/><E38/><V48/><F48/><W45/><G129/><T132/><D115/><U1/><E1/><V28/><F18/><W58/><G71/><T81/><D106/><U104/><E104/><V114/><F114/><W0/><G0/><T79/><D119/><U23/><E33/><V37/><F37/><W91/><G101/><T40/><D40/><U108/><E108/><V30/><F30/><W100/><G100/><T126/><D14/><N who="1" m="5163" /><E60/><N who="2" m="38047" /><F51/><N who="3" m="27071" /><G66/><T22/><D54/><U50/><E50/><V83/><F74/><W97/><G19/><T124/><D22/><U107/><E107/><V63/><F63/><N who="3" m="36287" /><G16/><T62/><D62/><U24/><E23/><V68/><F68/><W76/><G76/><T95/><D95/><U9/><E94/><N who="2" m="58743" /><F34/><W70/><G70/><T56/><D56/><U80/><AGARI ba="1,1" hai="8,9,10,24,25,47,49,52,78,80,86" m="5163" machi="80" ten="30,2000,0" yaku="8,1,54,1" doraHai="135" who="1" fromWho="1" sc="259,-6,273,33,216,-6,242,-11" /><INIT seed="4,0,0,4,3,3" ten="253,306,210,231" oya="0" hai0="75,73,42,30,114,61,116,126,132,135,23,131,39" hai1="13,124,133,121,53,77,128,38,55,120,127,134,119" hai2="82,88,31,118,70,28,129,67,9,108,71,90,27" hai3="97,85,115,105,10,91,94,60,101,65,110,84,46"/><T47/><D116/><U106/><E106/><V76/><F108/><W112/><G110/><T24/><D114/><N who="3" m="43561" /><G46/><T43/><D43/><U95/><E77/><V56/><F118/><W50/><G50/><T4/><D126/><N who="1" m="48171" /><E119/><V113/><F113/><W66/><G10/><T48/><D39/><U16/><E95/><V2/><F129/><W69/><G66/><T100/><D131/><U5/><E38/><V6/><F28/><W8/><G8/><T125/><D125/><U19/><E128/><V37/><F37/><W104/><G84/><T26/><D75/><U22/><E5/><V18/><F18/><W15/><G15/><T33/><D4/><U74/><E74/><V52/><F67/><W29/><G29/><T51/><D73/><U35/><E35/><V72/><F71/><W81/><AGARI ba="0,0" hai="60,65,69,81,85,91,94,97,101,104,105" m="43561" machi="81" ten="30,1100,0" yaku="15,1" doraHai="3" who="3" fromWho="3" sc="253,-5,306,-3,210,-3,231,11" /><INIT seed="5,0,0,5,3,107" ten="248,303,207,242" oya="1" hai0="51,60,112,108,8,97,116,103,47,115,80,78,66" hai1="19,6,127,93,43,10,18,106,75,92,58,29,118" hai2="128,126,0,94,52,35,54,1,85,83,50,13,117" hai3="37,32,68,109,95,63,46,25,33,53,135,61,91"/><U74/><E106/><V57/><F117/><W125/><G109/><T132/><D108/><U121/><E118/><V49/><F128/><W64/><G125/><T59/><D116/><U113/><E121/><V17/><F126/><W79/><G135/><T7/><D132/><U70/><E70/><V44/><F35/><W20/><G79/><T34/><D34/><U55/><E127/><V73/><F73/><W31/><G37/><T48/><D97/><U111/><E29/><V39/><F39/><W21/><G33/><T30/><D103/><U100/><E43/><V81/><F81/><W71/><G46/><T122/><D30/><U40/><E40/><V69/><F69/><W120/><G120/><T15/><D122/><U26/><E111/><V2/><F2/><W102/><G102/><T98/><D98/><U67/><E67/><V16/><F17/><W99/><G53/><T82/><D82/><U114/><E100/><V87/><F87/><W86/><G99/><T84/><REACH who="0" step="1"/><D51/><REACH who="0" ten="238,303,207,242" step="2"/><N who="1" m="31103" /><E93/><V4/><F94/><W14/><G32/><T72/><D72/><N who="1" m="27691" /><E92/><V28/><F28/><W90/><G95/><T88/><D88/><U65/><E114/><V101/><F101/><W27/><G91/><T62/><D62/><U41/><E113/><V123/><F123/><W9/><G90/><T130/><D130/><U11/><E11/><BYE who="1" /><V129/><F129/><W12/><G86/><T36/><D36/><U24/><E24/><V3/><F85/><W5/><G63/><T76/><D76/><UN n1="%E3%81%9F%E3%81%8C%E3%82%84%E3%81%99" /><U89/><E89/><V22/><BYE who="1" /><F83/><UN n1="%E3%81%9F%E3%81%8C%E3%82%84%E3%81%99" /><W96/><G96/><T77/><D77/><RYUUKYOKU ba="0,1" sc="238,15,303,-15,207,15,242,-15" hai0="7,8,15,47,48,59,60,66,78,80,84,112,115" hai2="0,1,3,4,13,16,22,44,49,50,52,54,57" /><INIT seed="6,1,1,1,5,85" ten="253,288,222,227" oya="2" hai0="5,112,40,131,47,41,23,80,128,92,121,120,129" hai1="50,16,35,110,102,68,7,57,56,60,46,115,12" hai2="113,48,14,98,8,37,122,69,93,86,100,66,91" hai3="55,70,34,51,21,3,130,90,18,132,58,9,22"/><V43/><F122/><W117/><G117/><T2/><D112/><U26/><E68/><V99/><F113/><W15/><G130/><T119/><D119/><U123/><E115/><V42/><F37/><W125/><G125/><T33/><D33/><U111/><E102/><V124/><F124/><W59/><G132/><T19/><D41/><U77/><E77/><V74/><F74/><W54/><G34/><T38/><D80/><U36/><E36/><V62/><F48/><W31/><G70/><T20/><D20/><U135/><E57/><V30/><F30/><W0/><G22/><T11/><REACH who="0" step="1"/><D92/><REACH who="0" ten="243,288,222,227" step="2"/><U39/><E35/><V133/><F133/><W71/><G21/><T49/><D49/><U97/><E50/><V1/><F1/><W61/><G31/><T73/><D73/><U63/><E39/><V64/><F43/><W96/><G0/><T107/><D107/><U53/><E135/><V27/><F42/><W65/><G3/><T44/><D44/><U126/><E46/><V84/><F93/><N who="3" m="56375" /><G51/><T76/><D76/><U118/><E118/><V87/><F62/><W83/><G83/><T32/><D32/><U108/><E63/><V105/><F105/><W134/><G134/><T103/><D103/><U114/><E114/><V106/><F100/><W29/><G29/><T89/><D89/><U6/><E126/><V94/><F106/><W72/><G72/><T78/><D78/><U116/><E116/><V79/><F79/><W45/><G45/><T13/><AGARI ba="1,2" hai="2,5,11,13,19,23,38,40,47,120,121,128,129,131" machi="13" ten="30,4000,0" yaku="1,1,0,1,19,1,53,0" doraHai="85" doraHaiUra="75" who="0" fromWho="0" sc="243,63,288,-11,222,-21,227,-11" /><INIT seed="7,0,0,3,4,103" ten="306,277,201,216" oya="3" hai0="66,44,21,87,121,122,29,18,67,57,39,33,126" hai1="83,11,1,38,35,118,73,112,2,84,40,13,48" hai2="129,58,49,78,130,116,131,94,28,25,59,69,41" hai3="19,47,42,14,93,16,105,123,26,80,43,65,55"/><W56/><G123/><T77/><D33/><U53/><E35/><V100/><F116/><W124/><G124/><T81/><D29/><U15/><E118/><V34/><F69/><W68/><G105/><T98/><D67/><U12/><E73/><V22/><F78/><W99/><G68/><T30/><D30/><U46/><E112/><V115/><F115/><W109/><G109/><T119/><D119/><U8/><E1/><V104/><F94/><W70/><G70/><T10/><D10/><U9/><E2/><V113/><F113/><W6/><G80/><T96/><D126/><U23/><E38/><V102/><F34/><W62/><G6/><T85/><D85/><U120/><E120/><V50/><F100/><N who="3" m="60527" /><G26/><T61/><D122/><U86/><E23/><V5/><F5/><W0/><G0/><T114/><D114/><U71/><E71/><V89/><F89/><W36/><G36/><T117/><D117/><U97/><E97/><N who="0" m="37481" /><D39/><U88/><E86/><V74/><F74/><W95/><G95/><T111/><D111/><U101/><E101/><V51/><REACH who="2" step="1"/><F41/><AGARI ba="0,0" hai="8,9,11,12,13,15,40,41,46,48,53,83,84,88" machi="41" ten="40,2600,0" yaku="8,1,54,1" doraHai="103" who="1" fromWho="2" sc="306,0,277,26,201,-26,216,0" owari="306,40.0,303,10.0,175,-32.0,216,-18.0" /></mjloggm>