<mjloggm ver="2.3"><GO type="169" lobby="0"/><UN n0="%E3%83%9C%E3%83%9E%E3%83%BC" n1="%E5%81%BD%E5%96%84%E8%80%85%E9%AB%98%E6%A9%8B%E3%81%BF%E3%81%AA%E3%81%BF" n2="%E3%81%88%E3%81%8C%E3%82%8F%E3%82%8A%E3%81%8A" n3="%6A%61%63%6F%62%69%33%35" dan="16,17,17,17" rate="2217.97,2185.05,2208.54,2189.76" sx="M,F,M,M"/><TAIKYOKU oya="0"/><INIT seed="0,0,0,3,3,4" ten="250,250,250,250" oya="0" hai0="111,113,79,72,36,62,57,112,107,83,45,48,12" hai1="109,13,119,82,46,116,1,101,89,103,128,84,102" hai2="104,74,125,66,50,124,44,35,126,19,115,99,15" hai3="75,49,70,106,0,2,34,28,23,123,121,77,42"/><T30/><D36/><U26/><E1/><V51/><F115/><W22/><G106/><T122/><D122/><U55/><E109/><V53/><F35/><W73/><G70/><T29/><D107/><U81/><E26/><V43/><F74/><W59/><G34/><T7/><D111/><U18/><E128/><V86/><F66/><W6/><G77/><T131/><D131/><U37/><E82/><V117/><F117/><W52/><G42/><T100/><D100/><U8/><REACH who="1" step="1"/><E37/><REACH who="1" ten="250,240,250,250" step="2"/><V76/><F76/><W88/><G0/><T39/><D39/><U108/><E108/><V54/><F86/><W135/><G2/><T5/><D112/><U9/><E9/><V118/><F118/><W132/><G123/><T69/><D113/><U32/><E32/><V105/><F99/><W134/><G121/><T129/><D129/><U20/><E20/><V41/><F105/><W85/><G23/><T78/><D72/><U60/><E60/><V130/><F104/><W96/><G96/><T133/><D83/><U63/><E63/><V64/><F130/><W38/><G38/><T91/><D62/><U16/><E16/><V58/><REACH who="2" step="1"/><F64/><REACH who="2" ten="250,240,240,250" step="2"/><W61/><G75/><T90/><D69/><U17/><E17/><V25/><F25/><N who="3" m="16439" /><G73/><T40/><D29/><U94/><E94/><V98/><F98/><W14/><G135/><T87/><D30/><U11/><E11/><AGARI ba="0,2" hai="11,15,19,41,43,44,50,51,53,54,58,124,125,126" machi="11" ten="40,8000,1" yaku="1,1,18,1,52,1,53,2" doraHai="4" doraHaiUra="47" who="2" fromWho="1" sc="250,0,240,-80,240,100,250,0" /><INIT seed="1,0,0,2,0,109" ten="250,160,340,250" oya="1" hai0="9,48,44,27,41,11,4,93,20,114,117,64,8" hai1="43,68,30,116,123,121,86,118,2,98,95,49,13" hai2="101,6,96,34,82,112,5,61,76,28,54,75,125" hai3="18,135,126,106,16,63,132,67,107,74,84,71,59"/><U100/><E2/><V130/><F125/><W66/><G126/><T88/><D117/><U124/><E68/><V10/><F130/><W89/><G74/><T23/><D64/><U24/><E124/><V47/><F112/><W25/><G66/><T80/><D80/><U90/><E13/><V108/><F108/><W53/><G106/><T12/><D23/><U127/><E127/><V42/><F28/><W73/><G107/><T70/><D114/><U7/><E7/><V105/><F34/><W104/><G104/><T62/><D62/><U131/><E131/><V81/><F81/><W69/><G73/><T128/><D70/><U57/><E118/><V55/><F61/><N who="3" m="36079" /><G25/><T115/><D115/><U110/><E116/><V58/><F58/><W15/><G15/><T94/><D94/><U29/><E110/><V33/><F33/><W133/><G71/><T83/><D83/><AGARI ba="0,0" hai="16,18,63,67,69,83,84,89,132,133,135" m="36079" machi="83" ten="30,2000,0" yaku="20,1,54,1" doraHai="109" who="3" fromWho="0" sc="250,-20,160,0,340,0,250,20" /><INIT seed="2,0,0,2,0,38" ten="230,160,340,270" oya="2" hai0="73,90,124,134,2,97,70,3,79,114,49,85,18" hai1="88,7,94,82,17,119,68,66,45,131,35,130,12" hai2="75,62,115,109,8,132,107,26,113,32,20,10,89" hai3="110,46,40,83,74,39,128,118,80,54,87,103,21"/><V76/><F107/><W123/><G110/><T31/><D70/><U42/><E35/><V135/><F75/><W72/><G123/><T71/><D71/><U126/><E119/><V19/><F76/><W51/><G128/><N who="1" m="49194" /><E7/><V69/><F89/><W16/><G103/><T6/><D6/><U24/><E24/><V0/><F69/><W14/><G118/><T111/><D31/><U59/><E68/><V129/><F62/><W15/><G14/><T81/><D97/><N who="1" m="57543" /><E82/><V43/><F43/><W36/><G80/><T100/><D2/><U77/><E77/><V52/><F52/><W105/><G105/><T33/><D33/><U64/><E59/><V133/><F129/><W58/><REACH who="3" step="1"/><G39/><REACH who="3" ten="230,160,340,260" step="2"/><T106/><D81/><U95/><E95/><V29/><F109/><W78/><AGARI ba="0,1" hai="15,16,21,36,40,46,51,54,58,72,74,78,83,87" machi="78" ten="20,12000,2" yaku="1,1,2,1,0,1,7,1,52,1,54,1,53,0" doraHai="38" doraHaiUra="93" who="3" fromWho="3" sc="230,-30,160,-30,340,-60,260,130" /><INIT seed="3,0,0,2,0,18" ten="200,130,280,390" oya="3" hai0="10,70,29,30,105,28,102,25,74,91,6,49,114" hai1="63,71,9,21,68,85,89,33,31,24,107,75,40" hai2="72,127,123,38,7,66,46,62,73,50,13,125,52" hai3="111,99,34,65,8,4,12,36,76,15,106,32,41"/><W97/><G65/><T104/><D74/><U0/><E75/><V14/><F38/><W129/><G76/><T64/><D114/><U55/><E107/><V42/><F123/><W115/><G115/><T44/><D91/><U116/><E116/><V119/><F119/><W83/><G83/><T79/><D79/><U109/><E109/><V23/><F13/><W103/><G129/><T86/><D86/><U56/><E40/><V117/><F117/><W35/><G111/><T2/><D105/><U20/><E0/><V130/><F130/><W69/><G69/><T121/><D121/><U120/><E120/><V45/><F45/><W5/><G99/><T39/><D39/><U90/><E90/><V118/><F118/><W47/><REACH who="3" step="1"/><G4/><REACH who="3" ten="200,130,280,380" step="2"/><T93/><D64/><U77/><E77/><V87/><F7/><W27/><G27/><T108/><D70/><U100/><E71/><V11/><F66/><W113/><G113/><T16/><D108/><U22/><E68/><V60/><F73/><W95/><G95/><T1/><D93/><U88/><E100/><V58/><F72/><W131/><G131/><T81/><D81/><U126/><E89/><V37/><F87/><W122/><G122/><T134/><D102/><U92/><REACH who="1" step="1"/><E9/><REACH who="1" ten="200,120,280,380" step="2"/><V26/><F11/><W19/><G19/><T78/><D16/><U51/><E51/><V57/><F50/><W82/><G82/><T61/><D78/><U80/><E80/><V101/><F101/><W59/><G59/><T84/><D49/><U96/><E96/><V53/><F26/><W124/><G124/><AGARI ba="0,2" hai="20,21,22,24,31,33,55,56,63,85,88,92,124,126" machi="124" ten="40,16000,3" yaku="1,1,52,3,54,1,53,3" doraHai="18" doraHaiUra="17" who="1" fromWho="3" sc="200,0,120,180,280,0,380,-160" /><INIT seed="4,0,0,3,2,51" ten="200,300,280,220" oya="0" hai0="14,92,122,5,53,30,27,102,57,52,76,81,10" hai1="60,6,80,35,129,117,101,75,97,66,46,42,125" hai2="127,56,87,29,120,39,95,17,62,94,31,61,16" hai3="67,135,90,19,48,79,106,34,49,114,44,132,105"/><T23/><D122/><U82/><E117/><V55/><F120/><W119/><G114/><T73/><REACH who="0" step="1"/><D57/><REACH who="0" ten="190,300,280,220" step="2"/><U8/><E129/><V13/><F127/><W24/><G119/><T77/><D77/><U74/><E125/><V123/><F123/><W126/><G126/><T88/><D88/><U91/><E91/><N who="2" m="53631" /><F39/><W100/><G79/><T20/><D20/><U121/><E121/><V131/><F131/><W21/><G90/><T65/><D65/><U18/><E66/><V99/><F61/><W93/><G67/><T38/><D38/><U115/><E60/><V72/><F72/><W63/><G63/><T68/><D68/><U104/><E75/><V50/><F62/><W84/><G34/><T1/><D1/><U86/><E35/><V43/><F43/><W89/><G49/><T64/><D64/><U70/><E70/><V47/><F56/><W103/><G100/><T124/><D124/><U69/><E69/><V40/><F40/><W4/><G103/><T33/><D33/><U133/><E74/><V25/><F25/><W128/><G128/><T2/><D2/><U71/><E71/><V54/><F13/><W59/><G59/><T12/><D12/><U0/><E101/><N who="2" m="60671" /><F50/><W45/><G48/><T107/><D107/><U109/><E42/><V111/><F47/><N who="3" m="17995" /><G106/><T28/><D28/><N who="2" m="10826" /><F111/><W32/><G105/><T112/><D112/><U11/><E104/><V37/><F37/><W83/><G32/><T85/><D85/><U134/><E86/><V96/><F96/><AGARI ba="0,1" hai="5,10,14,23,27,30,52,53,73,76,81,92,96,102" machi="96" ten="40,12000,1" yaku="1,1,52,2,54,1,53,0" doraHai="51" doraHaiUra="116" who="0" fromWho="2" sc="190,130,300,0,280,-120,220,0" /><INIT seed="4,1,0,3,2,4" ten="320,300,160,220" oya="0" hai0="30,76,60,22,32,54,131,110,52,117,45,23,3" hai1="65,129,84,122,5,127,14,82,10,43,66,81,42" hai2="80,73,107,26,77,2,104,13,115,27,34,79,120" hai3="55,48,9,64,69,15,101,130,111,63,119,71,16"/><T86/><D3/><U83/><E122/><V29/><F2/><W94/><G111/><T6/><D117/><U11/><E129/><V25/><F120/><W132/><G130/><T124/><D131/><U87/><E127/><V62/><F115/><W35/><G132/><T128/><D128/><U58/><E58/><V113/><F113/><W114/><G114/><T40/><D124/><U67/><E14/><V51/><F79/><W21/><G35/><T106/><D106/><U61/><E61/><V105/><F62/><W36/><G36/><T31/><D32/><U88/><E5/><V123/><F123/><W78/><G78/><T109/><D6/><U92/><E84/><V24/><F13/><W41/><G41/><AGARI ba="1,0" hai="10,11,41,42,43,65,66,67,81,82,83,87,88,92" machi="41" ten="40,8000,1" yaku="8,1,52,2,54,1" doraHai="4" who="1" fromWho="3" sc="320,0,300,83,160,0,220,-83" /><INIT seed="5,0,0,5,4,66" ten="320,383,160,137" oya="1" hai0="64,80,128,121,22,69,34,132,115,68,23,7,30" hai1="24,52,90,107,108,129,102,122,26,86,111,11,70" hai2="79,35,97,47,8,92,48,21,18,49,39,63,105" hai3="19,50,72,125,53,16,59,123,27,57,6,44,28"/><U20/><E122/><V17/><F35/><W103/><G123/><T99/><D64/><U119/><E119/><V75/><F105/><W32/><G125/><T3/><D121/><U41/><E41/><V113/><F113/><W54/><G72/><T60/><D115/><U118/><E118/><V104/><F104/><W43/><G103/><T12/><D60/><U77/><E77/><V0/><F39/><W87/><G6/><T100/><D128/><U135/><E129/><V31/><F31/><W15/><G87/><T134/><D80/><U13/><E135/><N who="0" m="51753" /><D3/><U42/><E42/><V95/><F63/><W117/><G117/><T9/><D34/><U131/><E131/><V96/><F79/><W78/><G78/><T37/><D37/><U127/><E127/><V67/><F67/><W2/><G2/><T61/><D61/><U124/><E24/><V106/><F106/><W4/><G4/><T93/><D30/><U120/><E124/><V109/><F75/><W133/><G133/><T74/><D74/><U36/><E36/><V91/><F109/><W112/><G112/><T71/><AGARI ba="0,0" hai="7,9,12,22,23,68,69,71,93,99,100" m="51753" machi="71" ten="40,8000,1" yaku="20,1,52,3" doraHai="66" who="0" fromWho="0" sc="320,80,383,-40,160,-20,137,-20" /><INIT seed="6,0,0,0,4,113" ten="400,343,140,117" oya="2" hai0="119,59,35,72,93,40,73,124,20,66,106,77,8" hai1="65,102,5,61,86,16,55,75,32,120,15,31,74" hai2="51,10,83,17,56,81,116,43,26,130,45,82,121" hai3="34,70,1,25,69,41,127,24,79,128,4,54,117"/><V33/><F121/><W36/><G127/><T123/><D106/><U63/><E120/><V38/><F130/><W23/><G128/><T42/><D35/><U110/><E5/><V30/><F116/><W28/><G54/><T95/><D8/><U135/><E110/><V57/><F10/><N who="3" m="2319" /><G24/><T3/><D123/><U105/><E55/><V11/><F11/><W101/><G23/><T7/><D7/><U6/><E6/><V39/><F17/><W115/><G101/><T58/><D20/><U22/><E135/><V99/><F99/><W103/><G103/><T97/><D97/><U118/><E118/><V68/><F68/><N who="3" m="26219" /><G79/><T126/><D77/><U98/><E61/><V88/><F57/><W44/><G115/><T29/><D29/><U67/><E86/><V18/><F88/><W37/><G37/><T94/><D94/><U87/><E87/><V100/><F100/><W50/><G50/><T91/><D91/><U48/><E48/><V108/><F108/><W52/><G52/><T133/><D66/><U46/><E67/><V13/><REACH who="2" step="1"/><F56/><REACH who="2" ten="400,343,130,117" step="2"/><W111/><G111/><T132/><D3/><U104/><E104/><V109/><F109/><W53/><G53/><T49/><D49/><U131/><E131/><V71/><F71/><W64/><G64/><T122/><D122/><U89/><E89/><V78/><F78/><W76/><G76/><T85/><D85/><U9/><E9/><V47/><F47/><W125/><G125/><T27/><D119/><AGARI ba="0,1" hai="25,28,34,36,41,44,117,119" m="26219,2319" machi="119" ten="30,3900,0" yaku="23,1,52,2" doraHai="113" who="3" fromWho="0" sc="400,-39,343,0,130,0,117,49" /><INIT seed="7,0,0,5,4,13" ten="361,343,130,166" oya="3" hai0="33,75,81,14,12,26,130,34,27,113,93,83,117" hai1="66,76,62,59,19,53,32,125,67,102,86,90,23" hai2="50,103,61,77,85,105,109,39,35,84,3,70,18" hai3="91,41,6,79,129,82,121,17,78,63,116,21,58"/><W9/><G121/><T64/><D117/><U123/><E125/><V101/><F109/><W122/><G122/><T28/><D130/><U119/><E32/><V99/><F39/><W47/><G129/><T88/><D64/><U72/><E123/><V7/><F35/><W68/><G68/><T126/><D126/><U100/><E76/><V5/><F103/><N who="1" m="39465" /><E72/><V104/><F104/><W25/><G116/><T135/><D135/><U55/><E67/><V30/><F30/><W132/><G132/><T97/><D113/><U112/><E112/><V133/><F133/><W10/><G91/><T45/><D45/><U44/><E44/><V40/><F77/><W111/><G111/><T124/><D124/><U94/><E119/><V110/><F110/><W38/><G6/><T118/><D118/><U128/><E128/><V96/><F40/><W134/><G79/><T71/><D71/><U8/><E8/><V1/><F50/><W42/><G42/><T80/><D75/><U65/><E65/><V106/><F101/><W2/><G2/><T92/><D92/><U60/><E60/><V49/><F49/><W15/><G25/><AGARI ba="0,0" hai="19,23,25,53,55,59,62,66,86,90,94" m="39465" machi="25" ten="30,2000,0" yaku="8,1,52,1" doraHai="13" who="1" fromWho="3" sc="361,0,343,20,130,0,166,-20" owari="361,16.0,363,46.0,130,-37.0,146,-25.0" /></mjloggm>