<mjloggm ver="2.3"><GO type="169" lobby="0"/><UN n0="%E3%81%88%E3%81%99%E3%81%9F%E3%81%BE%E3%82%8B" n1="%E6%B2%B3%E5%B6%8B%4B%4B" n2="%E3%82%A6%E3%83%9E%E3%83%85%E3%83%A9%E3%83%8F%E3%82%B2" n3="%E3%81%BE%E3%82%8D%E3%81%AF%E3%81%97" dan="16,17,16,16" rate="2124.50,2185.94,2090.48,2073.54" sx="M,M,F,M"/><TAIKYOKU oya="0"/><INIT seed="0,0,0,4,2,29" ten="250,250,250,250" oya="0" hai0="101,105,98,59,135,84,54,12,36,95,52,128,99" hai1="120,20,87,57,13,70,30,40,131,21,74,58,28" hai2="132,134,61,85,16,10,35,94,14,38,44,102,18" hai3="121,64,17,129,39,83,82,106,25,19,124,78,119"/><T32/><D36/><U75/><E70/><V126/><F126/><W69/><G106/><T123/><D123/><U0/><E13/><V26/><F61/><W2/><G2/><T90/><D128/><U77/><E87/><V3/><F3/><W24/><G39/><T43/><D43/><U4/><E0/><V49/><F38/><W80/><G119/><T48/><D135/><U51/><E77/><V5/><F102/><W72/><G64/><T125/><D125/><U114/><E40/><V88/><F18/><W53/><G69/><T62/><D32/><U96/><E96/><V86/><F85/><W56/><G78/><T111/><D111/><U116/><E51/><V42/><REACH who="2" step="1"/><F5/><REACH who="2" ten="250,250,240,250" step="2"/><W113/><G17/><T7/><D101/><U122/><E4/><V71/><F71/><W127/><G19/><T130/><D130/><U118/><REACH who="1" step="1"/><E131/><REACH who="1" ten="250,240,240,250" step="2"/><V15/><F15/><W65/><G129/><T109/><D109/><U107/><E107/><V31/><AGARI ba="0,2" hai="10,14,16,26,31,35,42,44,49,86,88,94,132,134" machi="31" ten="30,12000,2" yaku="1,1,0,1,52,1,54,2,53,1" doraHai="29" doraHaiUra="6" who="2" fromWho="2" sc="250,-60,240,-30,240,140,250,-30" /><INIT seed="1,0,0,2,5,12" ten="190,210,380,220" oya="1" hai0="85,125,0,32,37,100,30,130,106,38,46,117,134" hai1="14,65,103,89,7,93,104,112,120,18,33,84,91" hai2="5,28,94,27,132,2,15,87,23,98,59,69,118" hai3="22,40,66,17,73,83,72,92,99,127,21,34,101"/><U52/><E112/><V53/><F118/><W58/><G127/><T20/><D117/><U114/><E114/><V47/><F69/><W62/><G34/><T56/><D0/><U51/><E120/><V44/><F2/><W113/><G113/><T95/><D32/><U41/><E33/><V108/><F108/><W6/><G6/><T1/><D1/><U48/><E7/><V122/><F132/><W11/><G40/><T10/><D10/><U119/><E65/><V31/><F87/><W81/><G73/><T126/><D106/><U64/><E64/><V86/><F86/><W29/><G72/><T4/><D4/><U90/><E104/><V111/><F111/><W43/><G43/><T129/><D56/><N who="1" m="32775" /><E103/><V76/><F76/><W124/><G124/><N who="0" m="47723" /><D46/><N who="1" m="26063" /><E119/><V68/><F68/><W35/><G35/><T102/><D102/><U75/><E75/><V49/><F122/><W109/><G109/><T131/><D100/><U57/><E57/><V71/><F71/><W54/><G66/><T78/><D78/><U55/><E55/><V67/><F67/><W97/><G54/><T133/><D95/><U88/><E91/><N who="2" m="55647" /><F44/><W13/><G101/><T16/><D30/><U39/><E39/><N who="0" m="14857" /><D85/><U24/><E24/><AGARI ba="0,0" hai="16,20,24,129,130,131,133,134" m="14857,47723" machi="24" ten="40,12000,2" yaku="30,2,19,1,18,1,52,1,54,1" doraHai="12" who="0" fromWho="1" sc="190,120,210,-120,380,0,220,0" /><INIT seed="2,0,0,5,1,84" ten="310,90,380,220" oya="2" hai0="72,34,55,115,127,50,126,95,15,10,40,133,132" hai1="37,20,56,64,78,68,42,124,92,111,27,25,6" hai2="4,119,109,57,45,0,5,128,98,61,32,65,107" hai3="22,106,26,54,93,66,59,120,125,49,35,33,51"/><V38/><F119/><W19/><G106/><T71/><D72/><U110/><E78/><V76/><F32/><W94/><G125/><N who="0" m="47627" /><D34/><U13/><E68/><V39/><F128/><W43/><G120/><T1/><D1/><U129/><E124/><V81/><F109/><W23/><G35/><T18/><D71/><U28/><E42/><V73/><F45/><N who="3" m="25791" /><G66/><T88/><D40/><U108/><E37/><V46/><F46/><W21/><G33/><T101/><D101/><U16/><E129/><V89/><F107/><W104/><G104/><T2/><D2/><U12/><E92/><AGARI ba="0,0" hai="19,21,22,23,26,51,54,59,92,93,94" m="25791" machi="92" ten="30,1000,0" yaku="8,1" doraHai="84" who="3" fromWho="1" sc="310,0,90,-10,380,0,220,10" /><INIT seed="3,0,0,0,3,11" ten="310,80,380,230" oya="3" hai0="32,51,40,73,68,104,103,5,91,37,74,24,79" hai1="101,116,126,65,38,44,42,3,36,30,49,23,63" hai2="62,107,112,82,28,134,133,127,56,90,50,109,33" hai3="12,84,86,122,132,31,87,22,118,88,67,95,61"/><W77/><G132/><N who="2" m="50793" /><F107/><W71/><G118/><T39/><D68/><U4/><E3/><V16/><F50/><W0/><G0/><T43/><D5/><U1/><E1/><V99/><F28/><W57/><G122/><T8/><D8/><U64/><E4/><V9/><F33/><W54/><G77/><T58/><D103/><U83/><E83/><V108/><F112/><W124/><G124/><T19/><D104/><U114/><E114/><V45/><F45/><W69/><G69/><T85/><D43/><U29/><E29/><V55/><F127/><W89/><G89/><T35/><D79/><U106/><E106/><V60/><F60/><W113/><G113/><T13/><D39/><U117/><E101/><V120/><F120/><W2/><G2/><T131/><D37/><N who="1" m="14443" /><E126/><V46/><F46/><W94/><G94/><N who="0" m="54639" /><D40/><U10/><E10/><V115/><F115/><W123/><G31/><N who="0" m="19559" /><D35/><U93/><E30/><V119/><F119/><N who="1" m="45641" /><E23/><V80/><F80/><W7/><G123/><T14/><D74/><U27/><E93/><N who="2" m="56759" /><F82/><W111/><G7/><T6/><D6/><U70/><E27/><V72/><F72/><W135/><G135/><T76/><D19/><U128/><E128/><V81/><F81/><W102/><G102/><T110/><D131/><U78/><E78/><V26/><F26/><W47/><G95/><T92/><D92/><U41/><E41/><V18/><F18/><W125/><G125/><T75/><D75/><U34/><E34/><V100/><F100/><W105/><G105/><T25/><D76/><U98/><E98/><V21/><F9/><RYUUKYOKU ba="0,0" sc="310,-15,80,15,380,15,230,-15" hai1="42,44,49,63,64,65,70" hai2="16,21,55,56,62,108,109" /><INIT seed="4,1,0,2,0,74" ten="295,95,395,215" oya="0" hai0="8,73,64,130,100,22,16,52,61,55,59,126,13" hai1="98,116,70,31,132,46,5,62,131,88,48,94,4" hai2="51,35,78,60,134,114,32,101,86,80,11,40,26" hai3="71,3,89,85,120,53,84,133,117,25,87,76,38"/><T63/><D126/><U82/><E116/><V108/><F108/><W124/><G3/><T58/><D130/><U39/><E131/><V12/><F114/><W57/><G71/><T54/><D73/><U106/><E39/><V15/><F134/><W49/><G38/><T67/><D100/><U27/><E106/><V125/><F125/><W34/><G120/><T29/><D29/><U37/><E37/><V1/><F1/><W36/><G36/><T65/><D65/><U128/><E132/><V69/><F15/><W107/><G107/><T79/><D79/><U50/><E50/><V75/><F26/><W119/><G124/><T6/><REACH who="0" step="1"/><D55/><REACH who="0" ten="285,95,395,215" step="2"/><U113/><E128/><V9/><F75/><W23/><G76/><T96/><D96/><U129/><E129/><V91/><F101/><W93/><G133/><T118/><D118/><U20/><E113/><V123/><F123/><W33/><G119/><T115/><D115/><U18/><E31/><V19/><F78/><W28/><G117/><T0/><AGARI ba="1,1" hai="0,6,8,13,16,22,52,54,58,59,61,63,64,67" machi="0" ten="20,18000,2" yaku="1,1,0,1,7,1,9,1,54,2,53,1" doraHai="74" doraHaiUra="7" who="0" fromWho="0" sc="285,193,95,-61,395,-61,215,-61" /><INIT seed="4,2,0,2,4,108" ten="478,34,334,154" oya="0" hai0="122,24,125,17,2,73,67,87,123,31,124,104,12" hai1="8,4,106,90,114,129,19,54,72,43,81,89,111" hai2="92,116,94,14,75,74,44,69,47,110,48,71,98" hai3="42,59,95,20,126,113,115,120,13,62,33,64,36"/><T30/><D73/><U52/><E111/><V88/><F110/><W97/><G33/><T65/><D104/><U80/><E106/><V84/><F116/><W0/><G0/><T38/><D38/><U134/><E134/><V109/><F109/><W15/><G126/><N who="0" m="48747" /><D87/><U11/><E129/><V86/><F14/><W79/><G79/><T118/><D2/><U41/><E72/><V26/><F48/><W121/><G42/><T135/><D118/><U16/><REACH who="1" step="1"/><E114/><REACH who="1" ten="478,24,334,154" step="2"/><N who="3" m="43530" /><G36/><T27/><D135/><U29/><E29/><V101/><F75/><W100/><G20/><T105/><D105/><U82/><E82/><V53/><F74/><W58/><G59/><T45/><D31/><U28/><E28/><V61/><F71/><W76/><G76/><T25/><D30/><U46/><E46/><V7/><F69/><W32/><G32/><T34/><D45/><U119/><E119/><V21/><F44/><W107/><G107/><T102/><D34/><U50/><E50/><V130/><F47/><W70/><G70/><T117/><D117/><U77/><E77/><V3/><F130/><W23/><G23/><N who="0" m="11687" /><D102/><U55/><E55/><V112/><F112/><W68/><G68/><T9/><D9/><U128/><E128/><V6/><F53/><W66/><G66/><AGARI ba="2,1" hai="24,25,27,65,66,67,122,123" m="11687,48747" machi="66" ten="30,1500,0" yaku="18,1" doraHai="108" who="0" fromWho="3" sc="478,31,24,0,334,0,154,-21" /><INIT seed="4,3,0,1,3,57" ten="509,24,334,133" oya="0" hai0="84,53,21,73,14,45,49,90,18,72,116,74,83" hai1="110,20,62,38,114,9,95,109,80,46,32,40,97" hai2="10,34,37,60,76,91,98,5,79,22,56,101,82" hai3="129,36,113,125,102,52,35,51,23,54,78,85,66"/><T63/><REACH who="0" step="1"/><D63/><REACH who="0" ten="499,24,334,133" step="2"/><U106/><E32/><V115/><F115/><W124/><G35/><T94/><D94/><U11/><E106/><V8/><F34/><W123/><G113/><T71/><D71/><U105/><E105/><V89/><F37/><W131/><G36/><T108/><D108/><U68/><E114/><V1/><F22/><W33/><G23/><T47/><D47/><U77/><E20/><V117/><F117/><AGARI ba="3,1" hai="14,18,21,45,49,53,72,73,74,83,84,90,116,117" machi="117" ten="40,7700,0" yaku="21,2,53,1" doraHai="57" doraHaiUra="41" who="0" fromWho="2" sc="499,96,24,0,334,-86,133,0" /><INIT seed="4,4,0,4,2,72" ten="595,24,248,133" oya="0" hai0="121,112,5,67,19,75,10,98,78,86,14,69,97" hai1="2,108,20,61,130,16,29,62,84,125,30,12,52" hai2="56,74,0,42,27,79,59,122,22,111,117,88,126" hai3="115,80,54,124,114,26,119,41,96,120,116,118,9"/><T104/><D121/><U55/><E108/><V71/><F122/><W66/><G120/><T38/><D38/><U6/><E125/><V106/><F106/><W102/><G124/><T3/><D112/><N who="3" m="43049" /><G41/><T13/><D75/><U11/><E130/><V7/><F71/><W65/><G9/><T77/><D3/><U110/><E110/><V129/><F126/><W132/><G132/><T17/><D5/><U95/><E62/><V15/><F0/><W33/><G54/><T28/><D28/><U101/><E101/><V92/><F129/><W37/><G37/><T107/><D69/><U45/><E61/><V58/><F117/><W48/><G48/><T4/><D67/><U40/><E95/><V60/><F42/><W82/><G66/><T76/><D4/><U134/><E84/><N who="2" m="52231" /><F74/><W127/><G65/><T18/><D86/><U81/><E81/><V133/><F133/><W35/><G35/><T21/><REACH who="0" step="1"/><D19/><REACH who="0" ten="585,24,248,133" step="2"/><U83/><E134/><V46/><F7/><W64/><G64/><T63/><D63/><U25/><E83/><V94/><F111/><W51/><G82/><T53/><D53/><U100/><E100/><V34/><F60/><W91/><G102/><T90/><D90/><U105/><E105/><AGARI ba="4,1" hai="10,13,14,17,18,21,76,77,78,97,98,104,105,107" machi="105" ten="40,12000,1" yaku="1,1,52,3,53,0" doraHai="72" doraHaiUra="109" who="0" fromWho="1" sc="585,142,24,-132,248,0,133,0" owari="727,83.0,-108,-61.0,248,5.0,133,-27.0" /></mjloggm>