<mjloggm ver="2.3"><GO type="169" lobby="0"/><UN n0="%E7%A9%B4%E3%81%BD%E3%81%93%E4%BB%99%E4%BA%BA" n1="%E3%82%B7%E3%83%B3%E3%83%97%E3%83%AB%E3%81%AA%E3%83%AF%E3%82%AD%E3%82%AC" n2="%E3%83%95%E3%82%A3%E3%83%AD%E3%82%BD%E3%83%95%E3%82%A3%E3%82%A2" n3="%E3%82%BB%E3%83%B3%E3%82%B4%E3%82%AF" dan="16,17,17,16" rate="2158.42,2210.59,2108.71,2113.29" sx="M,M,M,M"/><TAIKYOKU oya="0"/><INIT seed="0,0,0,5,0,38" ten="250,250,250,250" oya="0" hai0="18,112,129,35,48,73,47,22,56,91,124,98,54" hai1="64,84,71,135,126,42,87,65,101,110,83,27,66" hai2="109,80,128,85,74,123,60,58,88,6,118,21,95" hai3="111,9,16,55,23,121,120,75,10,39,119,3,53"/><T86/><D112/><U36/><E110/><V63/><F109/><W125/><G111/><T52/><D73/><U20/><E135/><V89/><F123/><N who="3" m="47179" /><G119/><T103/><D129/><U72/><E126/><V30/><F128/><W8/><G125/><T96/><D124/><U13/><E71/><V46/><F118/><W102/><G102/><T4/><D4/><U117/><E117/><V131/><F6/><W49/><G39/><T43/><D35/><U97/><E13/><V14/><F74/><W33/><G33/><T92/><D56/><U2/><E2/><V134/><F134/><W34/><G34/><T133/><D133/><U122/><E122/><V17/><F131/><W108/><G75/><T45/><D45/><U104/><E72/><V57/><F30/><W37/><G37/><T113/><D113/><U78/><E84/><V26/><F63/><W32/><G32/><T29/><D29/><U76/><E76/><V70/><F70/><W41/><G3/><T107/><REACH who="0" step="1"/><D86/><REACH who="0" ten="240,250,250,250" step="2"/><U94/><E87/><V44/><F58/><W69/><G69/><T99/><D99/><U7/><E97/><N who="2" m="57575" /><F26/><AGARI ba="0,1" hai="18,22,26,43,47,48,52,54,91,92,96,98,103,107" machi="26" ten="30,11600,0" yaku="1,1,7,1,52,1,54,1,53,0" doraHai="38" doraHaiUra="68" who="0" fromWho="2" sc="240,126,250,0,250,-116,250,0" /><INIT seed="0,1,0,2,5,79" ten="366,250,134,250" oya="0" hai0="135,75,72,80,52,84,76,35,30,37,130,45,132" hai1="108,104,41,118,22,38,8,125,87,119,63,43,53" hai2="73,81,12,29,51,90,34,85,67,4,62,100,105" hai3="121,2,134,16,103,31,116,127,101,128,46,117,32"/><T15/><D130/><U112/><E104/><V122/><F122/><W60/><G121/><T59/><D15/><U27/><E8/><V26/><F73/><W102/><G128/><T21/><D35/><U115/><E87/><V3/><F3/><W55/><G2/><T18/><D30/><U88/><E22/><V49/><F4/><W50/><G134/><N who="0" m="51243" /><D45/><U86/><E27/><V24/><F12/><W113/><G113/><N who="1" m="43594" /><E108/><V61/><F61/><W13/><G31/><T95/><D37/><U44/><E43/><V106/><F26/><W123/><G32/><T94/><D21/><U78/><E78/><V6/><F6/><W56/><G123/><T89/><D18/><U5/><E5/><V25/><F25/><W1/><G1/><T133/><N who="0" m="51251" /><T68/><DORA hai="120" /><D68/><U114/><N who="1" m="43602" /><U11/><DORA hai="33" /><E11/><V42/><F42/><W77/><G77/><T57/><D57/><N who="1" m="35247" /><E125/><V36/><F36/><W111/><G127/><T48/><D95/><AGARI ba="1,0" hai="38,41,44,86,88,95,118,119" m="35247,43602" machi="95" ten="40,2600,0" yaku="11,1,54,1" doraHai="79,120,33" who="1" fromWho="0" sc="366,-29,250,29,134,0,250,0" /><INIT seed="1,0,0,4,0,52" ten="337,279,134,250" oya="1" hai0="87,20,14,18,43,104,135,22,132,25,108,38,94" hai1="6,3,123,79,119,47,97,24,99,45,80,118,82" hai2="44,28,0,83,128,127,4,113,86,131,27,67,8" hai3="50,122,71,46,34,77,100,10,130,117,109,90,57"/><U91/><E123/><V9/><F113/><W73/><G122/><T120/><D120/><U92/><E3/><V106/><F106/><W105/><G71/><T29/><D104/><U31/><E6/><V98/><F98/><W66/><G109/><T56/><D108/><U81/><E97/><V68/><F127/><W13/><G34/><T21/><D21/><U12/><E12/><V88/><F44/><W58/><G130/><T32/><D32/><U129/><E79/><V59/><F68/><W37/><G37/><T133/><D56/><U11/><E11/><V102/><F102/><W64/><G100/><T114/><D114/><U61/><E129/><N who="2" m="49739" /><F4/><W51/><G51/><T124/><D124/><U19/><E19/><V95/><F83/><W42/><G105/><T48/><D38/><U30/><E61/><N who="2" m="38335" /><F0/><W53/><G117/><T110/><D110/><U134/><E118/><V101/><F101/><W1/><G1/><T23/><D43/><U72/><E72/><V63/><F63/><W78/><G73/><T103/><D48/><U2/><E2/><V116/><F116/><W111/><G111/><T39/><D39/><U49/><E45/><V65/><F65/><N who="3" m="25195" /><G42/><T40/><D40/><N who="1" m="24807" /><E119/><V17/><F17/><N who="3" m="8375" /><G90/><N who="0" m="53599" /><D103/><U41/><E41/><V26/><F26/><W89/><G89/><T55/><D55/><U70/><E70/><V85/><F86/><W69/><G69/><T125/><D125/><U115/><E115/><V112/><F112/><W76/><AGARI ba="0,0" hai="46,50,53,57,58,76,77,78" m="8375,25195" machi="76" ten="30,4000,0" yaku="8,1,52,2" doraHai="52" who="3" fromWho="3" sc="337,-10,279,-20,134,-10,250,40" /><INIT seed="2,0,0,0,5,61" ten="327,259,124,290" oya="2" hai0="126,16,102,25,22,70,129,80,93,19,114,88,0" hai1="11,75,12,64,40,51,86,63,24,50,72,128,3" hai2="45,83,59,54,2,130,125,94,99,77,10,103,17" hai3="21,109,106,48,110,82,23,42,121,28,66,31,92"/><V101/><F125/><W5/><G106/><T134/><D114/><U79/><E128/><V56/><F130/><W132/><G121/><T60/><D0/><U118/><E3/><V96/><F45/><W74/><G132/><T6/><D129/><U46/><E118/><V44/><F44/><N who="3" m="25623" /><G5/><T68/><D6/><U120/><E120/><V53/><F2/><W15/><G15/><T89/><D134/><U37/><E24/><V85/><F54/><W38/><G38/><T4/><D4/><N who="1" m="3175" /><E51/><V73/><F53/><W90/><G74/><T26/><D126/><U7/><E7/><V9/><F73/><W84/><G66/><T29/><D70/><N who="1" m="42271" /><E37/><V65/><F59/><W122/><G122/><T127/><D127/><U57/><E57/><V58/><F58/><W133/><G133/><T47/><D47/><U104/><E104/><V71/><F71/><W112/><G112/><T1/><D1/><U43/><E43/><V108/><F17/><W131/><G131/><T95/><D68/><U98/><E98/><V67/><F56/><W49/><G49/><T111/><D60/><U35/><E35/><V78/><F94/><W36/><G36/><T97/><D25/><U18/><E18/><V62/><F62/><W115/><G115/><T52/><D52/><U30/><E30/><N who="3" m="11306" /><G92/><T32/><D32/><U116/><E116/><V76/><F83/><AGARI ba="0,0" hai="40,46,50,72,75,79,83,86" m="42271,3175" machi="83" ten="30,2000,0" yaku="25,1,52,1" doraHai="61" who="1" fromWho="2" sc="327,0,259,20,124,-20,290,0" /><INIT seed="3,0,0,2,1,110" ten="327,279,104,290" oya="3" hai0="50,16,80,112,87,98,51,13,17,40,9,76,135" hai1="65,117,74,54,128,132,79,3,121,12,119,85,102" hai2="107,93,81,122,89,5,78,48,75,72,2,113,36" hai3="43,62,0,6,33,22,49,94,14,86,30,41,24"/><W69/><G69/><T90/><D135/><U23/><E3/><V39/><F113/><W67/><G49/><T70/><D70/><U57/><E121/><V37/><F107/><W83/><G94/><T103/><D112/><U46/><E74/><V52/><F75/><W20/><G20/><T7/><D90/><U4/><E132/><V19/><F122/><W44/><G44/><N who="0" m="25863" /><D51/><U99/><E46/><V125/><F125/><W115/><G115/><T35/><D35/><U133/><E65/><V55/><F19/><W124/><G124/><T21/><D21/><U11/><E128/><V116/><F116/><N who="1" m="44617" /><E23/><V59/><F55/><W64/><G64/><T77/><D77/><U92/><E133/><V31/><F31/><W38/><G38/><T45/><D45/><U27/><E27/><V26/><F26/><W71/><G0/><T1/><D1/><U91/><E79/><V97/><REACH who="2" step="1"/><F36/><REACH who="2" ten="327,279,94,290" step="2"/><W101/><G24/><T120/><D120/><U18/><E18/><V109/><F109/><W126/><G30/><T58/><D58/><U68/><E68/><V96/><F96/><W100/><G126/><T88/><D103/><U60/><E85/><V25/><F25/><W118/><G101/><AGARI ba="0,1" hai="4,11,12,54,57,60,91,92,99,101,102" m="44617" machi="101" ten="30,1000,0" yaku="12,1" doraHai="110" who="1" fromWho="3" sc="327,0,279,20,94,0,290,-10" /><INIT seed="4,0,0,1,0,56" ten="327,299,94,280" oya="0" hai0="124,73,21,77,105,55,114,18,52,17,13,128,132" hai1="19,60,127,0,25,80,76,2,81,87,29,109,39" hai2="122,15,38,10,103,4,100,5,115,20,61,8,51" hai3="98,12,97,95,72,24,45,28,32,99,91,84,93"/><T65/><D114/><U120/><E109/><V23/><F122/><W133/><G133/><T59/><D105/><U6/><E120/><V83/><F115/><W106/><G72/><T107/><D107/><U26/><E39/><V113/><F38/><W104/><G45/><T66/><D132/><U9/><E127/><V101/><F113/><W48/><G48/><T102/><D128/><U126/><E126/><V90/><F51/><W47/><G47/><T89/><D102/><U53/><E0/><V33/><F33/><W92/><REACH who="3" step="1"/><G12/><REACH who="3" ten="327,299,94,270" step="2"/><T118/><D118/><U135/><E135/><V78/><F61/><W110/><G110/><T41/><D124/><U31/><E60/><V54/><F54/><W7/><G7/><T74/><D41/><U34/><E53/><V69/><F69/><W119/><G119/><T70/><D70/><U43/><E43/><V58/><F58/><W40/><G40/><T96/><D74/><U67/><E6/><V11/><F5/><W27/><G27/><T42/><D42/><U50/><E50/><V63/><F15/><W36/><G36/><T35/><D55/><U123/><E123/><V94/><F4/><W88/><G88/><T3/><D52/><U16/><E26/><V14/><F14/><W125/><G125/><T82/><D59/><U62/><E25/><V111/><F63/><W49/><G49/><T121/><D13/><U134/><E62/><V75/><REACH who="2" step="1"/><F111/><REACH who="2" ten="327,299,84,270" step="2"/><W64/><G64/><N who="0" m="24683" /><D121/><U44/><E67/><V46/><F46/><W130/><G130/><T57/><D57/><U112/><E44/><V86/><AGARI ba="0,2" hai="8,10,11,20,23,75,78,83,86,90,94,100,101,103" machi="86" ten="30,7900,0" yaku="1,1,5,1,0,1,53,1" doraHai="56" doraHaiUra="79" who="2" fromWho="2" sc="327,-39,299,-20,84,99,270,-20" /><INIT seed="5,0,0,0,2,70" ten="288,279,183,250" oya="1" hai0="41,63,60,46,17,135,25,120,58,21,123,32,2" hai1="80,29,124,34,85,18,36,47,100,67,3,62,13" hai2="42,20,26,105,94,115,87,10,90,129,74,126,5" hai3="117,99,64,78,73,39,12,6,130,72,75,95,103"/><U45/><E124/><V66/><F126/><W35/><G35/><T48/><D135/><U77/><E3/><V31/><F105/><W113/><G113/><T15/><D2/><U127/><E127/><V27/><F74/><W134/><G134/><T50/><D50/><U106/><E106/><V114/><F129/><W37/><G130/><T59/><D32/><U61/><E100/><V112/><F26/><W16/><G6/><T102/><D102/><U8/><E62/><V14/><F66/><W43/><G43/><AGARI ba="0,0" hai="5,10,14,20,27,31,42,43,87,90,94,112,114,115" machi="43" ten="40,2600,0" yaku="15,1,11,1" doraHai="70" who="2" fromWho="3" sc="288,0,279,0,183,26,250,-26" /><INIT seed="6,0,0,5,5,104" ten="288,279,209,224" oya="2" hai0="78,33,0,103,117,81,77,73,2,42,57,63,11" hai1="13,123,29,98,93,37,80,72,14,48,17,116,18" hai2="31,106,59,56,105,122,47,92,49,111,133,108,90" hai3="62,30,65,130,68,83,7,115,129,45,55,89,102"/><V126/><F122/><W58/><G115/><T43/><D33/><U61/><E37/><V9/><F106/><W99/><G7/><T44/><D117/><U41/><E116/><V100/><F31/><W52/><G30/><T66/><D103/><U94/><E29/><V110/><F9/><W28/><G28/><T91/><D91/><U10/><E123/><V97/><F126/><W19/><G19/><T20/><D20/><U84/><E72/><V135/><F47/><W71/><G89/><T34/><D34/><U85/><E61/><V53/><REACH who="2" step="1"/><F56/><REACH who="2" ten="288,279,199,224" step="2"/><N who="3" m="35103" /><G45/><T4/><D2/><U127/><E127/><V60/><F60/><N who="3" m="35911" /><G65/><T128/><D128/><N who="3" m="49257" /><G83/><T82/><D44/><N who="1" m="25615" /><E80/><V132/><F132/><W38/><G38/><T21/><REACH who="0" step="1"/><D21/><REACH who="0" ten="278,279,199,224" step="2"/><U88/><E94/><AGARI ba="0,2" hai="68,71,94,99,102" m="49257,35911,35103" machi="94" ten="30,2000,0" yaku="19,1,54,1" doraHai="104" who="3" fromWho="1" sc="278,0,279,-20,199,0,224,40" /><INIT seed="7,0,0,2,4,134" ten="278,259,199,264" oya="3" hai0="89,28,110,123,112,111,69,122,37,53,130,39,20" hai1="72,29,9,55,73,93,18,126,78,23,60,33,118" hai2="65,14,116,25,3,7,103,91,128,75,131,19,96" hai3="113,82,132,80,99,79,97,46,42,125,2,87,133"/><W34/><G34/><T109/><D69/><U12/><E118/><V43/><F116/><W8/><G113/><T59/><D112/><U17/><E33/><V44/><F75/><W48/><G82/><T27/><D89/><U62/><E29/><V35/><F65/><W38/><G125/><T124/><D124/><U102/><E126/><V95/><F35/><W127/><G127/><T67/><D67/><U98/><E78/><V24/><F3/><W11/><G11/><T94/><D94/><U30/><E30/><V66/><F66/><W101/><G48/><T70/><D70/><U115/><E115/><V135/><F103/><W61/><G61/><T4/><D4/><U90/><E73/><V0/><F7/><N who="3" m="1143" /><G101/><T119/><D119/><U21/><E72/><V10/><F0/><W40/><G40/><T81/><D81/><U100/><E9/><V50/><REACH who="2" step="1"/><F135/><AGARI ba="0,0" hai="38,42,46,79,80,87,97,99,132,133,135" m="1143" machi="135" ten="30,1500,0" yaku="20,1" doraHai="134" who="3" fromWho="2" sc="278,0,259,0,199,-15,264,15" /><INIT seed="7,1,0,5,3,105" ten="278,259,184,279" oya="3" hai0="133,37,60,114,124,62,56,27,129,128,67,19,117" hai1="109,3,102,92,34,104,45,107,63,90,91,2,111" hai2="8,52,17,127,132,73,72,96,20,70,50,78,76" hai3="33,97,14,94,65,131,23,42,118,135,100,75,84"/><W16/><G118/><T61/><D117/><U7/><E34/><V66/><F8/><W103/><G75/><T49/><D37/><U113/><E102/><V121/><F96/><W83/><G135/><T35/><D133/><U11/><E63/><V95/><F132/><W89/><G33/><T106/><D106/><U120/><E120/><V57/><F70/><W130/><G42/><T43/><D124/><U36/><E113/><V77/><F66/><W88/><G65/><T87/><D114/><U51/><E36/><V47/><F127/><W110/><G110/><T4/><D4/><U112/><E112/><V41/><F95/><W81/><G81/><T30/><D19/><U123/><E123/><V68/><F68/><W29/><G29/><T40/><D87/><N who="1" m="52319" /><E91/><V116/><F116/><W115/><G115/><T80/><D80/><U108/><E2/><V28/><F28/><W24/><G24/><T6/><D6/><U1/><E1/><V82/><F82/><W101/><AGARI ba="1,0" hai="14,16,23,83,84,88,89,94,97,100,101,103,130,131" machi="101" ten="30,6000,0" yaku="0,1,54,2" doraHai="105" who="3" fromWho="3" sc="278,-21,259,-21,184,-21,279,63" owari="257,6.0,238,-16.0,163,-34.0,342,44.0" /></mjloggm>