<mjloggm ver="2.3"><GO type="169" lobby="0"/><UN n0="%E3%81%97%E3%81%BF%73" n1="%E6%84%9A%E5%BE%B9" n2="%E8%B0%B7%E5%8F%A3%E3%81%93%E3%81%86%E3%81%B8%E3%81%84" n3="%74%2E%6F%2E%6F%2E%73" dan="17,16,18,18" rate="2163.01,2075.51,2304.13,2265.32" sx="M,M,M,M"/><TAIKYOKU oya="0"/><INIT seed="0,0,0,0,1,61" ten="250,250,250,250" oya="0" hai0="82,28,79,102,65,15,100,70,23,27,69,75,127" hai1="122,60,108,39,72,86,48,98,18,33,67,113,32" hai2="46,29,30,16,129,40,21,24,123,49,103,42,68" hai3="130,91,31,92,84,12,101,132,58,3,73,131,2"/><T6/><D127/><U54/><E72/><V1/><F123/><W14/><G132/><T11/><REACH who="0" step="1"/><D70/><REACH who="0" ten="240,250,250,250" step="2"/><U128/><E122/><V111/><F68/><W9/><G131/><T134/><D134/><U99/><E128/><V52/><F129/><W81/><G130/><T124/><D124/><U104/><E113/><V119/><F119/><W50/><G2/><T0/><D0/><U105/><E108/><V55/><F111/><W107/><G3/><T35/><D35/><U76/><E33/><V89/><F1/><W114/><G114/><T7/><D7/><U51/><E32/><V20/><F30/><W126/><G31/><T10/><D10/><U77/><E18/><V62/><F29/><W34/><G34/><T56/><D56/><U120/><E120/><V115/><F115/><W8/><G58/><T36/><D36/><U133/><E39/><V63/><F21/><W83/><G126/><T38/><D38/><U85/><E133/><V97/><F16/><W106/><G8/><T13/><D13/><U64/><E60/><AGARI ba="0,1" hai="6,11,15,23,27,28,60,65,69,75,79,82,100,102" machi="60" ten="40,3900,0" yaku="1,1,52,1,53,0" doraHai="61" doraHaiUra="95" who="0" fromWho="1" sc="240,49,250,-39,250,0,250,0" /><INIT seed="0,1,0,5,3,22" ten="289,211,250,250" oya="0" hai0="37,1,25,48,51,62,2,120,46,126,92,27,93" hai1="78,79,59,40,95,11,129,121,88,30,125,111,89" hai2="56,26,67,94,100,60,61,63,10,6,32,52,84" hai3="73,87,31,34,72,43,96,29,70,65,82,39,66"/><T122/><D62/><U7/><E121/><V110/><F110/><W118/><G118/><T12/><D12/><U21/><E111/><V45/><F45/><W58/><G70/><T13/><D13/><N who="1" m="5375" /><E89/><V103/><F84/><W117/><G117/><T133/><D46/><U0/><E0/><V114/><F114/><W55/><G96/><T83/><D83/><U15/><E129/><V105/><F105/><W53/><G43/><T119/><D119/><U41/><E59/><V124/><F124/><W135/><G39/><T28/><D28/><U17/><E30/><V76/><F76/><N who="1" m="29225" /><E125/><V123/><F123/><W112/><G72/><T14/><D14/><U81/><E81/><V68/><F63/><W113/><G73/><T115/><D126/><U42/><E41/><V134/><F94/><W86/><G82/><T98/><D98/><AGARI ba="1,0" hai="15,17,21,40,42,88,95,98" m="29225,5375" machi="98" ten="30,2000,0" yaku="8,1,54,1" doraHai="22" who="1" fromWho="0" sc="289,-23,211,23,250,0,250,0" /><INIT seed="1,0,0,5,2,19" ten="266,234,250,250" oya="1" hai0="20,3,59,109,107,84,65,135,53,28,131,105,33" hai1="125,15,25,81,97,61,121,56,45,113,112,79,92" hai2="116,52,67,1,73,115,83,93,118,60,130,71,70" hai3="106,119,128,68,129,34,29,44,57,88,16,78,12"/><U87/><E121/><V133/><F130/><W77/><G68/><T64/><D33/><U51/><E125/><V104/><F104/><W98/><G119/><T108/><D3/><U111/><E111/><N who="0" m="42569" /><D131/><N who="3" m="50249" /><G44/><T39/><D39/><U126/><E126/><V127/><F127/><W40/><G40/><T42/><D42/><U124/><E124/><V72/><F133/><W132/><G132/><T21/><D135/><U110/><E110/><V26/><F1/><W66/><G29/><T43/><D43/><U17/><E51/><V99/><F115/><W13/><G34/><T22/><D28/><U123/><E45/><V14/><F71/><W38/><G38/><T89/><D105/><U75/><E75/><V35/><F73/><W94/><G106/><T41/><D41/><U114/><E123/><V102/><F35/><W82/><G82/><N who="0" m="49303" /><D107/><U30/><E30/><V32/><F72/><W11/><G12/><T36/><D36/><U50/><E25/><V58/><F14/><W122/><G122/><T47/><D47/><U90/><E50/><AGARI ba="0,0" hai="20,21,22,50,53,59,64,65" m="49303,42569" machi="50" ten="30,7700,0" yaku="14,1,52,3" doraHai="19" who="0" fromWho="1" sc="266,77,234,-77,250,0,250,0" /><INIT seed="2,0,0,2,2,14" ten="343,157,250,250" oya="2" hai0="19,20,97,65,59,103,67,3,132,45,0,76,9" hai1="124,78,123,133,57,64,115,109,39,116,33,60,68" hai2="70,16,91,74,12,81,98,56,5,47,31,73,90" hai3="34,58,121,107,51,88,6,80,84,126,53,4,11"/><V129/><F70/><W66/><G126/><T69/><D69/><U127/><E78/><V112/><F112/><W131/><G131/><T106/><D132/><U96/><E96/><V32/><F129/><W85/><G121/><T99/><D76/><U108/><E57/><V117/><F117/><W2/><G34/><T23/><D45/><U120/><E33/><V128/><F5/><W40/><G107/><T37/><D37/><U10/><E10/><V46/><F128/><W13/><G40/><T134/><D134/><U27/><E27/><V75/><F56/><W95/><G66/><T79/><D79/><U1/><E1/><V110/><F110/><N who="1" m="42601" /><E133/><V26/><F91/><N who="3" m="53735" /><G2/><T86/><D59/><U61/><E61/><V63/><F63/><W43/><G43/><T92/><D86/><U104/><E104/><V72/><N who="2" m="18432" /><DORA hai="102" /><V21/><REACH who="2" step="1"/><F98/><REACH who="2" ten="343,157,240,250" step="2"/><W83/><G6/><T130/><D130/><U93/><E115/><V89/><F89/><W111/><G111/><T17/><D97/><U41/><E116/><V49/><F49/><W48/><G80/><T24/><D99/><U119/><E119/><V100/><F100/><W28/><G48/><T18/><D103/><U82/><E82/><V122/><F122/><N who="1" m="46633" /><E93/><V55/><F55/><W25/><G53/><T44/><D92/><U8/><E8/><V114/><F114/><W36/><G58/><T35/><D9/><U135/><E135/><V50/><F50/><W101/><G51/><T125/><D106/><U38/><E38/><V29/><F29/><W52/><G36/><T7/><D7/><U62/><E62/><RYUUKYOKU ba="0,1" sc="343,-15,157,15,240,15,250,-15" hai1="39,41,60,64,68,124,127" hai2="12,16,21,26,31,32,46,47,81,90" /><INIT seed="2,1,1,1,5,92" ten="328,172,255,235" oya="2" hai0="54,38,91,128,78,19,47,24,110,134,88,15,62" hai1="94,51,101,8,56,71,131,79,13,55,32,133,50" hai2="14,97,130,53,114,60,98,22,12,103,69,57,11" hai3="59,7,117,119,68,65,4,89,126,27,3,132,90"/><V74/><F114/><W29/><G68/><T21/><D110/><U18/><E131/><V106/><F130/><W82/><G126/><T108/><D128/><U122/><E133/><V26/><F74/><W48/><G132/><T45/><D108/><U0/><E122/><V107/><F69/><W39/><G39/><T72/><D134/><U77/><E32/><V42/><F42/><W85/><G89/><N who="0" m="34379" /><D38/><U6/><E71/><V87/><F87/><W37/><G37/><T102/><D72/><U36/><E36/><V123/><F123/><W20/><G3/><T33/><D33/><U115/><E115/><V81/><F81/><W61/><REACH who="3" step="1"/><G48/><REACH who="3" ten="328,172,255,225" step="2"/><T120/><D120/><U25/><E51/><V129/><F129/><W70/><G70/><T104/><D78/><U112/><E112/><V135/><F135/><W80/><G80/><T23/><D104/><U83/><E83/><V113/><F113/><W63/><G63/><T41/><D102/><U86/><E86/><V9/><F107/><W5/><AGARI ba="1,2" hai="4,5,7,20,27,29,59,61,65,82,85,90,117,119" machi="5" ten="30,2000,0" yaku="1,1,0,1,53,0" doraHai="92" doraHaiUra="40" who="3" fromWho="3" sc="328,-6,172,-6,255,-11,225,43" /><INIT seed="3,0,0,2,4,48" ten="322,166,244,268" oya="3" hai0="75,92,3,99,123,10,65,111,129,63,1,112,28" hai1="69,103,86,7,0,121,19,54,50,100,52,104,55" hai2="66,72,98,45,37,68,96,130,131,30,47,59,57" hai3="32,106,36,49,33,82,109,23,27,61,62,94,21"/><W117/><G117/><T118/><D75/><U110/><E121/><V9/><F72/><W11/><G106/><T64/><D118/><U74/><E74/><V107/><F30/><W80/><G36/><T46/><D123/><U15/><E69/><V42/><F9/><W31/><G109/><T70/><D65/><U13/><E0/><V43/><F107/><W90/><G11/><T56/><D112/><U6/><E110/><V114/><F114/><W38/><G38/><T40/><D129/><N who="2" m="49162" /><F98/><W76/><G33/><T73/><D73/><U77/><E104/><V122/><F96/><W134/><G134/><T132/><D132/><U14/><E19/><V91/><F91/><W97/><G82/><T101/><D111/><U93/><E50/><N who="2" m="26935" /><F122/><W79/><G76/><T84/><D70/><U89/><E77/><V34/><F34/><W41/><G32/><T16/><D84/><U22/><E22/><V133/><F133/><W12/><G80/><T18/><D28/><U60/><E60/><AGARI ba="0,0" hai="37,43,47,57,59,60,66,68" m="26935,49162" machi="60" ten="30,3900,0" yaku="19,1,34,2" doraHai="48" who="2" fromWho="1" sc="322,0,166,-39,244,39,268,0" /><INIT seed="4,0,0,2,2,9" ten="322,127,283,268" oya="0" hai0="80,55,75,41,47,2,40,81,8,15,88,66,126" hai1="109,23,106,101,102,99,42,24,103,45,107,73,32" hai2="86,52,33,65,89,44,29,63,87,1,68,21,49" hai3="51,117,26,6,16,97,121,38,72,19,118,98,14"/><T31/><D2/><U3/><E109/><V36/><F1/><W130/><G38/><T0/><D0/><U112/><E112/><V12/><F33/><W82/><G130/><T93/><D126/><U108/><E108/><V18/><F29/><W122/><G51/><N who="0" m="29183" /><D66/><U34/><E73/><V114/><F114/><W35/><G72/><T91/><D31/><U128/><E128/><V48/><F36/><W113/><G82/><N who="0" m="31851" /><D75/><U85/><E85/><V5/><F5/><W77/><G77/><T56/><D56/><U104/><E99/><V60/><F89/><N who="0" m="34378" /><D93/><U111/><E3/><V13/><F63/><W78/><G78/><T76/><D76/><U7/><E111/><V28/><F28/><N who="3" m="19863" /><G98/><T71/><D71/><U123/><E123/><N who="3" m="47114" /><G97/><T30/><D30/><U96/><E96/><V46/><F87/><W37/><G37/><T110/><D110/><U11/><E45/><V69/><F69/><W57/><G57/><T115/><D115/><U100/><N who="1" m="25600" /><DORA hai="129" /><U83/><E83/><V54/><F86/><W50/><G50/><T92/><D92/><U25/><E42/><V10/><F68/><W61/><G61/><T124/><D124/><U132/><E34/><V17/><F60/><W20/><G113/><T95/><D95/><U134/><E32/><V70/><F70/><W27/><G6/><AGARI ba="0,0" hai="6,8,15,40,41" m="34378,31851,29183" machi="6" ten="30,5800,0" yaku="8,1,52,1,54,1" doraHai="9,129" who="0" fromWho="3" sc="322,58,127,0,283,0,268,-58" /><INIT seed="4,1,0,0,0,91" ten="380,127,283,210" oya="0" hai0="2,27,123,56,77,112,50,113,94,60,108,14,61" hai1="132,49,38,55,67,11,96,20,71,117,44,88,89" hai2="1,109,31,107,72,63,75,87,22,16,42,40,58" hai3="7,101,9,134,127,57,30,121,97,54,128,99,18"/><T79/><D2/><U70/><E117/><V45/><F109/><W46/><G128/><T78/><D123/><U26/><E132/><V21/><F1/><W51/><G134/><T6/><D108/><U126/><E126/><V82/><F107/><W15/><G127/><T116/><D116/><U114/><E114/><N who="0" m="44137" /><D27/><U33/><E33/><V65/><F22/><W3/><G121/><T47/><D56/><U118/><E118/><V124/><F31/><W37/><G30/><T133/><D133/><U23/><E23/><V76/><F124/><W34/><G34/><T53/><D94/><U5/><E38/><V92/><F42/><W135/><G135/><T106/><D106/><U17/><E67/><V32/><F92/><W39/><G57/><T104/><D104/><U130/><E130/><V4/><F4/><W110/><G110/><T119/><D119/><U25/><E25/><V64/><F32/><W85/><G85/><T105/><D105/><U83/><E83/><V69/><F69/><W36/><REACH who="3" step="1"/><G101/><REACH who="3" ten="380,127,283,200" step="2"/><T43/><D43/><U102/><E71/><V68/><F68/><W103/><G103/><T35/><D35/><U73/><E70/><V125/><F125/><W74/><G74/><T95/><D78/><U120/><E120/><V81/><F75/><W98/><G98/><T62/><D77/><U29/><E73/><V90/><F58/><W8/><AGARI ba="1,1" hai="3,7,8,9,15,18,36,37,39,46,51,54,97,99" machi="8" ten="40,2700,0" yaku="1,1,0,1,53,0" doraHai="91" doraHaiUra="19" who="3" fromWho="3" sc="380,-14,127,-8,283,-8,200,40" /><INIT seed="5,0,0,2,1,26" ten="366,119,275,240" oya="1" hai0="134,103,41,78,18,51,27,45,124,128,126,5,9" hai1="104,47,106,61,13,42,50,58,91,98,40,53,29" hai2="34,54,82,118,70,101,97,7,130,21,14,3,57" hai3="19,100,11,15,10,121,36,60,33,30,95,84,102"/><U133/><E133/><V80/><F118/><W116/><G121/><T99/><D134/><U110/><E110/><V35/><F70/><W123/><G123/><T62/><D78/><U111/><E111/><V8/><F130/><W73/><G73/><T37/><D62/><U63/><E42/><V24/><F35/><W38/><G116/><T6/><D128/><U59/><E13/><V122/><F34/><W115/><G115/><T87/><D87/><U109/><E109/><V114/><F3/><W28/><G33/><T4/><D37/><U132/><E132/><V117/><F114/><W39/><G60/><T79/><D79/><U75/><E75/><V49/><F122/><W66/><G66/><T43/><D43/><U48/><E48/><V74/><F117/><W96/><G100/><T17/><D27/><U113/><E113/><V85/><F85/><W94/><REACH who="3" step="1"/><G10/><REACH who="3" ten="366,119,275,230" step="2"/><T23/><D9/><U1/><E1/><V90/><F74/><W44/><G44/><T81/><D45/><U127/><E127/><V12/><F12/><W52/><G52/><T83/><D103/><U131/><E131/><V93/><REACH who="2" step="1"/><F101/><REACH who="2" ten="366,119,265,230" step="2"/><W46/><G46/><T120/><D120/><U77/><E47/><V125/><F125/><W65/><G65/><T86/><D126/><U56/><E63/><V55/><F55/><W119/><G119/><T71/><D124/><U72/><E61/><V107/><F107/><W32/><G32/><T25/><D41/><U67/><E40/><V64/><F64/><W89/><AGARI ba="0,2" hai="11,15,19,28,30,36,38,39,84,89,94,95,96,102" machi="89" ten="40,8000,1" yaku="1,1,0,1,52,2,53,0" doraHai="26" doraHaiUra="0" who="3" fromWho="3" sc="366,-20,119,-40,265,-20,230,100" /><INIT seed="6,0,0,2,1,49" ten="346,79,245,330" oya="2" hai0="22,103,6,69,68,70,72,45,46,62,78,20,29" hai1="39,98,135,107,116,131,121,92,117,126,91,83,26" hai2="24,60,75,51,93,99,125,38,134,53,21,8,52" hai3="87,15,67,44,122,17,119,37,12,133,48,71,115"/><V13/><F38/><W47/><G119/><T9/><D103/><U118/><E39/><V30/><F75/><W65/><G122/><T101/><D101/><U42/><E42/><V132/><F125/><W58/><G71/><T111/><D111/><U95/><E26/><V113/><F60/><W66/><G133/><N who="2" m="51305" /><F113/><W105/><G105/><T108/><D108/><U64/><E135/><V11/><F51/><W112/><G87/><T33/><D33/><U57/><E64/><V73/><F73/><W61/><G37/><T0/><D62/><U79/><E57/><V85/><F85/><W63/><G12/><T2/><D2/><U129/><E107/><V81/><F81/><W127/><G127/><T110/><D110/><U7/><E126/><V54/><F13/><W130/><G130/><T31/><D78/><U43/><E43/><V100/><AGARI ba="0,0" hai="8,11,21,24,30,52,53,54,93,99,100" m="51305" machi="100" ten="30,12000,1" yaku="20,1,52,3,54,1" doraHai="49" who="2" fromWho="2" sc="346,-40,79,-40,245,120,330,-40" /><INIT seed="6,1,0,5,5,125" ten="306,39,365,290" oya="2" hai0="9,119,80,19,102,123,17,52,111,124,21,106,75" hai1="38,56,131,0,68,6,24,4,58,18,61,98,93" hai2="35,5,127,120,33,25,13,94,12,32,118,133,41" hai3="105,74,39,132,30,99,26,54,63,20,66,60,121"/><V44/><F118/><W100/><G121/><T57/><D123/><U130/><E38/><V49/><F120/><W73/><G132/><T76/><D119/><U48/><E68/><V88/><F127/><W22/><G39/><T3/><D124/><U82/><E82/><V108/><F133/><W23/><G54/><T2/><D111/><U129/><E0/><V37/><F108/><W86/><G86/><T95/><D106/><U101/><E48/><V117/><F117/><W114/><G114/><T10/><D10/><U31/><E18/><V79/><F79/><W92/><G60/><T84/><D17/><U43/><E43/><V70/><F70/><W7/><G7/><T96/><D9/><U107/><E107/><V89/><F25/><W71/><REACH who="3" step="1"/><G92/><REACH who="3" ten="306,39,365,280" step="2"/><T104/><D104/><U15/><E15/><V81/><F5/><W112/><G112/><T45/><D75/><AGARI ba="1,1" hai="20,22,23,26,30,63,66,71,73,74,75,99,100,105" machi="75" ten="40,1300,0" yaku="1,1,53,0" doraHai="125" doraHaiUra="47" who="3" fromWho="0" sc="306,-16,39,0,365,0,280,26" /><INIT seed="7,0,0,4,0,87" ten="290,39,365,306" oya="3" hai0="55,102,62,83,73,75,89,15,40,79,27,95,5" hai1="36,61,76,24,11,29,116,41,70,96,98,74,101" hai2="106,119,88,109,45,94,125,49,115,51,31,35,48" hai3="122,22,108,21,18,81,71,117,131,63,10,92,56"/><W13/><G117/><T52/><D75/><U127/><E98/><V17/><F109/><W1/><G122/><T104/><D40/><U12/><E12/><V124/><F119/><W90/><G131/><T19/><D5/><U58/><E116/><V38/><F106/><W4/><G71/><T68/><D27/><U77/><E11/><V82/><F82/><W129/><G129/><T93/><D93/><U110/><E127/><N who="2" m="48715" /><F115/><W86/><G108/><T114/><D114/><U128/><E128/><V14/><F38/><W47/><G47/><T6/><D6/><U25/><E25/><N who="2" m="18927" /><F45/><W34/><G34/><T133/><D133/><U72/><E110/><V32/><F32/><W130/><G130/><T8/><D102/><U20/><E70/><V135/><F135/><W100/><G100/><T0/><D0/><U23/><E23/><N who="2" m="11703" /><F51/><W67/><REACH who="3" step="1"/><G81/><REACH who="3" ten="290,39,365,296" step="2"/><T85/><REACH who="0" step="1"/><D104/><REACH who="0" ten="280,39,365,296" step="2"/><U64/><E36/><V103/><F103/><W65/><G65/><AGARI ba="0,2" hai="8,15,19,52,55,62,65,68,73,79,83,85,89,95" machi="65" ten="40,8000,1" yaku="1,1,2,1,52,1,54,1,53,0" doraHai="87" doraHaiUra="37" who="0" fromWho="3" sc="280,100,39,0,365,0,296,-80" owari="380,47.0,39,-46.0,365,17.0,216,-18.0" /></mjloggm>