<mjloggm ver="2.3"><GO type="169" lobby="0"/><UN n0="%E3%82%82%E3%81%93%E3%81%BF" n1="%62%75%72%65%61%36" n2="%E3%82%86%E3%82%8B%E3%81%B5%E3%82%8F" n3="%E3%81%B8%E3%82%80%E3%81%B8%E3%82%80%EF%BC%92%E5%8F%B7" dan="16,17,16,17" rate="2103.96,2143.22,2109.12,2149.95" sx="M,M,M,M"/><TAIKYOKU oya="0"/><INIT seed="0,0,0,0,0,62" ten="250,250,250,250" oya="0" hai0="10,71,46,31,132,117,91,131,79,121,22,60,76" hai1="98,18,81,17,110,68,55,8,78,4,80,40,130" hai2="92,26,41,114,84,133,96,58,101,47,39,126,129" hai3="44,104,135,69,107,94,54,122,77,118,43,127,97"/><T67/><D117/><U115/><E68/><V61/><F126/><W88/><G118/><T128/><D121/><U21/><E130/><N who="0" m="49705" /><D132/><U53/><E40/><V12/><F129/><W51/><G135/><T93/><D10/><U106/><E115/><V34/><F133/><W14/><G127/><T73/><D73/><U108/><E106/><V23/><F114/><W90/><G122/><T63/><D46/><U89/><E8/><V3/><F3/><W57/><G77/><T103/><D103/><U105/><E4/><V112/><F112/><W32/><G32/><T113/><D113/><U109/><E105/><V102/><F34/><W29/><G29/><T24/><D63/><U85/><E18/><V35/><F35/><W37/><G69/><T64/><D64/><U42/><E42/><V16/><F84/><AGARI ba="0,0" hai="22,24,31,60,67,71,76,79,84,91,93" m="49705" machi="84" ten="30,2900,0" yaku="19,1,52,1" doraHai="62" who="0" fromWho="2" sc="250,29,250,0,250,-29,250,0" /><INIT seed="0,1,0,1,2,59" ten="279,250,221,250" oya="0" hai0="119,100,56,17,4,53,34,120,80,87,0,70,96" hai1="47,30,8,36,116,78,112,106,32,5,94,26,92" hai2="97,126,129,35,25,71,127,24,103,44,20,104,46" hai3="42,85,27,28,73,41,43,125,102,123,79,89,13"/><T101/><D119/><U29/><E106/><V55/><F129/><W109/><G109/><T76/><D34/><U23/><E116/><V16/><F71/><W39/><G125/><N who="2" m="47625" /><F55/><W15/><G123/><T48/><D120/><U2/><E112/><V67/><F67/><W12/><G39/><T107/><D70/><U91/><E78/><V88/><F88/><W111/><G111/><T54/><D101/><U3/><E3/><V130/><F130/><W68/><G68/><T77/><D4/><U65/><E65/><V7/><F7/><W121/><G121/><T132/><D0/><U49/><E36/><V58/><F58/><W62/><G102/><T51/><D17/><U134/><E134/><V84/><F84/><W81/><G62/><T82/><D132/><U64/><E64/><V90/><F90/><W11/><G89/><T22/><D22/><U95/><E32/><V57/><F57/><W66/><G66/><T21/><D21/><U108/><E108/><V86/><F86/><W37/><G37/><T14/><D14/><U50/><E91/><V10/><F10/><W93/><G85/><T124/><D124/><U69/><E69/><V45/><F35/><N who="3" m="20895" /><G11/><T115/><D115/><U110/><E110/><V105/><F105/><W72/><G72/><T117/><D117/><U118/><E118/><V52/><F25/><W40/><G40/><T31/><D31/><N who="1" m="17887" /><E47/><V133/><F133/><W114/><G114/><T122/><D122/><U9/><E9/><V74/><F74/><W6/><G6/><T38/><D38/><U128/><E128/><V63/><F45/><RYUUKYOKU ba="1,0" sc="279,-30,250,10,221,10,250,10" hai1="2,5,8,29,30,49,50,92,94,95" hai2="16,20,24,44,46,52,63,97,103,104" hai3="12,13,15,41,42,43,73,79,81,93" /><INIT seed="1,2,0,2,2,13" ten="249,260,231,260" oya="1" hai0="61,123,112,58,133,87,17,76,4,127,125,121,103" hai1="41,99,1,38,126,23,78,75,96,102,18,50,52" hai2="108,101,21,73,12,89,37,16,130,119,105,124,67" hai3="113,44,8,0,74,81,68,6,11,33,72,71,30"/><U115/><E115/><V49/><F119/><W46/><G113/><T114/><D4/><U10/><E126/><N who="0" m="48137" /><D103/><U86/><E75/><V104/><F124/><W88/><G30/><T90/><D76/><U94/><E38/><V62/><F37/><W53/><G33/><T79/><D79/><U109/><E41/><V20/><F108/><W122/><G122/><N who="0" m="46603" /><D133/><U3/><E10/><V84/><F130/><W77/><G74/><T14/><D90/><U32/><E32/><V39/><F39/><W118/><G118/><T66/><D87/><U91/><E109/><V19/><F73/><W106/><G106/><T65/><D65/><U95/><E78/><V56/><F49/><W26/><G88/><T47/><D47/><U36/><E36/><V35/><F101/><W55/><G11/><AGARI ba="2,0" hai="11,14,17,58,61,66,112,114" m="46603,48137" machi="11" ten="30,3900,0" yaku="18,1,13,1,52,1" doraHai="13" who="0" fromWho="3" sc="249,45,260,0,231,0,260,-45" /><INIT seed="2,0,0,1,0,20" ten="294,260,231,215" oya="2" hai0="131,43,46,101,135,79,103,98,7,72,119,109,134" hai1="86,107,73,76,89,88,27,106,129,126,24,33,2" hai2="87,60,10,23,118,111,61,30,75,48,65,18,96" hai3="94,110,69,21,120,56,39,82,114,17,12,77,4"/><V127/><F118/><W80/><G120/><T64/><D7/><U124/><E2/><V93/><F111/><W51/><G69/><T81/><D64/><U36/><E33/><V105/><F75/><W26/><G39/><T78/><D109/><U132/><E36/><V74/><F74/><W122/><G122/><T128/><D119/><U112/><E112/><V70/><F127/><N who="1" m="48681" /><E129/><N who="0" m="49737" /><D78/><U92/><E132/><N who="0" m="50729" /><D46/><U3/><E3/><V45/><F61/><W121/><G121/><T113/><D43/><U123/><E89/><V102/><F30/><W28/><G110/><T63/><D63/><U40/><E40/><V100/><F10/><W53/><G4/><T90/><D113/><U42/><E42/><V67/><F67/><W97/><G77/><T25/><D25/><N who="1" m="9803" /><E123/><V22/><F18/><W58/><G114/><T66/><D66/><U130/><E130/><V6/><F6/><W62/><G62/><T50/><D50/><U133/><E133/><V8/><F48/><W83/><G58/><T57/><D57/><U85/><E73/><V9/><F45/><W13/><REACH who="3" step="1"/><G28/><REACH who="3" ten="294,260,231,205" step="2"/><T16/><D16/><U32/><E32/><V55/><F70/><W49/><G49/><T59/><D59/><U117/><E117/><V47/><F47/><W84/><G84/><T11/><D11/><U52/><E52/><V37/><F55/><W19/><G19/><T0/><D0/><U99/><E76/><V116/><F9/><W31/><G31/><T5/><D5/><U71/><E71/><V14/><F8/><W34/><G34/><T15/><D15/><U29/><E29/><RYUUKYOKU ba="0,1" sc="294,10,260,10,231,-30,205,10" hai0="72,79,81,90,98,101,103" hai1="85,86,88,92,99,106,107" hai3="12,13,17,21,26,51,53,56,80,82,83,94,97" /><INIT seed="3,1,1,1,4,1" ten="304,270,201,215" oya="3" hai0="48,58,63,40,45,77,120,78,86,18,51,133,129" hai1="7,23,4,96,71,72,80,61,131,117,54,16,66" hai2="17,53,106,14,70,10,42,6,33,81,60,99,90" hai3="109,91,31,62,116,124,44,22,112,27,122,39,28"/><W59/><G112/><T97/><D129/><U35/><E35/><V37/><F33/><W132/><G116/><T0/><D133/><U130/><E117/><V114/><F114/><W115/><G115/><T50/><D120/><U20/><E96/><V105/><F37/><W30/><G122/><T43/><D0/><U34/><E34/><V82/><F42/><N who="0" m="15914" /><D97/><U11/><E54/><V65/><F53/><N who="3" m="34159" /><G39/><T12/><D86/><U119/><E119/><V93/><REACH who="2" step="1"/><F17/><REACH who="2" ten="304,270,191,215" step="2"/><N who="3" m="12751" /><G132/><T103/><D18/><U5/><E16/><V75/><F75/><W52/><G124/><T104/><D45/><U101/><E72/><V107/><AGARI ba="1,2" hai="6,10,14,60,65,70,81,82,90,93,99,105,106,107" machi="107" ten="30,4000,0" yaku="1,1,0,1,52,1,53,0" doraHai="1" doraHaiUra="49" who="2" fromWho="2" sc="304,-11,270,-11,191,63,215,-21" /><INIT seed="4,0,0,5,3,63" ten="293,259,254,194" oya="0" hai0="13,66,36,93,53,30,104,85,33,68,55,26,124" hai1="31,27,59,129,108,80,2,105,54,20,111,7,48" hai2="62,67,18,113,12,97,91,60,22,58,87,101,70" hai3="37,81,134,49,8,28,121,133,120,50,47,23,42"/><T103/><D124/><U4/><E105/><V110/><F113/><W19/><G28/><T128/><D128/><U78/><E129/><V125/><F125/><W34/><G34/><T39/><D93/><U94/><E2/><V86/><F110/><W21/><G8/><T6/><D85/><U114/><E114/><V24/><F12/><W10/><G10/><T65/><D6/><U88/><E111/><V40/><F40/><W107/><G81/><T25/><D13/><U3/><E3/><V109/><F109/><W43/><G107/><T89/><D89/><U118/><E118/><V84/><F101/><W135/><G19/><T122/><D122/><N who="3" m="47209" /><G23/><T56/><D56/><U16/><E31/><V90/><REACH who="2" step="1"/><F97/><REACH who="2" ten="293,259,244,194" step="2"/><W119/><G119/><T106/><D103/><U74/><REACH who="1" step="1"/><E108/><REACH who="1" ten="293,249,244,194" step="2"/><V92/><F92/><W72/><G135/><T116/><D116/><U132/><E132/><V15/><F15/><W64/><G134/><T44/><D104/><U127/><E127/><V69/><F69/><W71/><G133/><T5/><D68/><U83/><E83/><V1/><F1/><W52/><G71/><T123/><D106/><U51/><E51/><V115/><F115/><W73/><G50/><T41/><D123/><U9/><E9/><V112/><F112/><W38/><G49/><T35/><D39/><U100/><E100/><V29/><F29/><W0/><G37/><T45/><D36/><U99/><AGARI ba="0,2" hai="4,7,16,20,27,48,54,59,74,78,80,88,94,99" machi="99" ten="20,8000,1" yaku="1,1,0,1,7,1,54,2,53,0" doraHai="63" doraHaiUra="98" who="1" fromWho="1" sc="293,-40,249,100,244,-20,194,-20" /><INIT seed="5,0,0,1,4,103" ten="253,349,224,174" oya="1" hai0="26,8,93,64,28,11,111,47,135,125,57,118,96" hai1="50,102,72,126,109,63,74,12,100,52,128,53,2" hai2="9,110,46,67,107,4,101,34,58,21,31,85,88" hai3="97,115,16,116,106,29,69,117,113,134,71,7,68"/><U54/><E2/><V84/><F110/><W92/><G134/><T66/><D125/><U80/><E126/><V0/><F46/><W75/><G75/><T6/><D135/><U133/><E133/><V22/><F85/><W61/><G7/><T1/><D118/><N who="3" m="45673" /><G29/><T32/><D111/><U105/><E109/><V39/><F39/><W98/><G61/><T129/><D129/><U59/><E128/><V56/><F34/><W91/><G16/><T3/><D57/><U120/><E120/><V76/><F76/><W123/><G123/><T10/><D47/><U130/><E130/><V5/><F5/><W132/><G132/><T78/><D78/><U94/><E74/><V45/><F45/><W23/><G23/><T48/><D48/><U87/><E72/><V90/><F22/><W44/><G44/><T14/><D10/><U122/><E50/><V89/><F84/><W36/><G36/><T95/><D95/><U82/><E122/><V43/><F43/><W77/><G77/><T83/><D83/><U99/><E80/><V73/><F73/><W124/><G124/><T13/><D1/><U19/><E63/><V30/><F30/><W86/><G86/><T108/><D108/><U40/><E40/><V15/><F67/><W35/><G35/><T20/><D32/><U81/><E59/><V62/><F62/><W49/><G49/><T17/><REACH who="0" step="1"/><D3/><REACH who="0" ten="243,349,224,174" step="2"/><U37/><E82/><V131/><F131/><W25/><G25/><T51/><D51/><U79/><E37/><V104/><F0/><W112/><G112/><T121/><D121/><U127/><E127/><RYUUKYOKU ba="0,1" sc="243,15,349,-15,224,-15,174,15" hai0="6,8,11,13,14,17,20,26,28,64,66,93,96" hai3="68,69,71,91,92,97,98,106,113,115" /><INIT seed="6,1,1,3,5,21" ten="258,334,209,189" oya="2" hai0="19,68,48,20,123,23,36,10,85,72,75,131,2" hai1="80,87,54,100,0,89,91,6,9,38,44,27,57" hai2="103,81,129,116,45,3,82,70,64,121,130,107,53" hai3="47,74,69,60,133,66,42,39,55,67,63,8,24"/><V79/><F116/><W77/><G133/><T108/><D108/><U35/><E100/><V5/><F121/><W78/><G74/><T135/><D123/><U113/><E113/><V128/><F64/><W109/><G109/><T33/><D36/><U125/><E125/><V14/><F70/><W120/><G120/><T95/><D33/><U97/><E38/><V18/><F5/><W7/><G55/><T106/><D106/><U30/><E44/><V102/><F3/><W40/><G40/><T58/><D135/><U110/><E110/><V62/><F82/><W71/><REACH who="3" step="1"/><G24/><REACH who="3" ten="258,334,209,179" step="2"/><T88/><D72/><U26/><E26/><V22/><F107/><W13/><AGARI ba="1,2" hai="7,8,13,39,42,47,60,63,66,67,69,71,77,78" machi="13" ten="20,8000,1" yaku="1,1,2,1,0,1,7,1,9,1,53,0" doraHai="21" doraHaiUra="92" who="3" fromWho="3" sc="258,-21,334,-21,209,-41,179,103" /><INIT seed="7,0,0,4,3,50" ten="237,313,168,282" oya="3" hai0="73,132,76,114,68,46,66,14,123,116,32,2,134" hai1="126,78,43,87,28,39,34,72,127,16,21,53,94" hai2="59,100,83,11,125,106,77,113,115,75,86,25,0" hai3="79,33,64,92,131,130,112,17,40,29,6,109,23"/><W129/><G79/><T44/><D2/><U107/><E107/><V37/><F125/><N who="1" m="47625" /><E72/><V62/><F25/><N who="3" m="18607" /><G40/><T27/><D116/><U22/><E34/><V45/><F86/><W135/><G64/><T117/><D117/><U82/><E28/><V19/><F100/><W108/><G92/><T12/><D123/><U84/><E53/><V35/><F106/><W58/><G58/><T4/><D68/><U47/><E16/><V1/><F35/><W38/><G38/><T9/><D66/><U133/><E133/><V55/><F19/><W49/><G112/><T60/><D60/><U7/><E7/><V24/><F24/><N who="3" m="14447" /><G49/><T101/><D114/><U36/><E36/><V20/><F20/><W105/><G105/><T128/><D101/><U74/><E87/><V10/><F10/><W51/><G51/><T98/><D98/><U15/><E15/><V124/><F0/><W88/><G6/><T30/><D76/><U48/><E39/><V56/><F124/><W3/><G3/><T99/><D99/><U8/><E8/><V104/><F104/><W57/><G57/><T122/><D73/><U52/><E43/><V41/><REACH who="2" step="1"/><F59/><REACH who="2" ten="237,313,158,282" step="2"/><W70/><G131/><T120/><D128/><U26/><E26/><V111/><F111/><W90/><G130/><T31/><D32/><U96/><E84/><V61/><F61/><W63/><G129/><T93/><D9/><U102/><AGARI ba="0,1" hai="21,22,47,48,52,74,78,82,94,96,102" m="47625" machi="102" ten="30,4000,0" yaku="18,1,52,1,54,1" doraHai="50" who="1" fromWho="1" sc="237,-10,313,50,158,-10,282,-20" owari="227,-17.0,363,46.0,148,-35.0,262,6.0" /></mjloggm>