<mjloggm ver="2.3"><GO type="169" lobby="0"/><UN n0="%E3%81%97%E3%81%BE%E3%81%A0%E3%81%BE%32" n1="%E3%81%AE%E3%82%93%E3%81%B4" n2="%E3%83%8E%E3%82%AA%E3%83%81%E3%83%A3%E3%83%99%E3%82%B9" n3="%32%35%32%35%32%35" dan="16,16,17,16" rate="2111.38,2087.06,2192.76,2090.06" sx="M,M,M,M"/><TAIKYOKU oya="0"/><INIT seed="0,0,0,4,5,27" ten="250,250,250,250" oya="0" hai0="121,5,129,46,23,135,15,10,2,130,119,60,68" hai1="58,98,9,53,45,96,128,122,34,43,127,117,32" hai2="52,123,95,50,8,126,64,115,54,84,107,35,87" hai3="12,48,39,105,18,25,88,92,72,113,134,65,94"/><T86/><D119/><U41/><E122/><V6/><F123/><W111/><G134/><T131/><D121/><U55/><E117/><V24/><F115/><W109/><G39/><T104/><D104/><U16/><E128/><V90/><F126/><W91/><G105/><T69/><D135/><U61/><E127/><V70/><F107/><W103/><G72/><T56/><D46/><U81/><E81/><V33/><F54/><W116/><G103/><T19/><REACH who="0" step="1"/><D86/><REACH who="0" ten="240,250,250,250" step="2"/><U76/><E45/><V26/><F84/><W22/><G116/><T1/><D1/><U67/><E41/><V82/><F95/><W49/><G113/><T100/><D100/><U114/><E43/><V80/><F80/><W37/><G109/><T118/><D118/><U106/><E114/><V38/><F38/><W4/><G111/><T112/><D112/><U28/><E106/><V78/><F90/><W73/><G73/><T108/><D108/><U11/><E76/><V42/><F42/><W57/><G37/><T40/><D40/><U29/><E58/><V93/><F93/><W3/><G91/><T74/><D74/><U21/><E61/><V51/><F51/><W89/><G89/><T0/><D0/><U62/><E62/><N who="2" m="40215" /><F35/><W110/><G110/><T125/><D125/><U71/><E71/><V75/><F33/><W101/><G101/><T79/><D79/><U31/><E32/><V124/><F124/><W59/><G92/><T14/><D14/><N who="1" m="9367" /><E34/><V97/><F75/><W44/><G94/><T66/><AGARI ba="0,1" hai="2,5,10,15,19,23,56,60,66,68,69,129,130,131" machi="66" ten="30,6000,0" yaku="1,1,0,1,19,1,53,0" doraHai="27" doraHaiUra="102" who="0" fromWho="0" sc="240,70,250,-20,250,-20,250,-20" /><INIT seed="0,1,0,2,2,114" ten="310,230,230,230" oya="0" hai0="25,10,55,96,130,64,74,57,58,60,116,97,89" hai1="30,101,68,91,124,90,121,127,73,100,45,83,24" hai2="70,26,105,123,22,49,14,4,80,122,92,44,62" hai3="76,120,65,95,98,32,46,47,8,79,43,108,11"/><T71/><D74/><U111/><E68/><V104/><F92/><W51/><G32/><T5/><D130/><U102/><E121/><V40/><F105/><W6/><G108/><T17/><D116/><U63/><E63/><V23/><F104/><W132/><G132/><T0/><D71/><U3/><E3/><V72/><F23/><W1/><G120/><T99/><D25/><U125/><E45/><V29/><F70/><W78/><G65/><T2/><D17/><U48/><E48/><V52/><F72/><W41/><G11/><T94/><D2/><U109/><E24/><V82/><F122/><W133/><G133/><T61/><AGARI ba="1,0" hai="0,5,10,55,57,58,60,61,64,89,94,96,97,99" machi="61" ten="20,2100,0" yaku="0,1,7,1" doraHai="114" who="0" fromWho="0" sc="310,24,230,-8,230,-8,230,-8" /><INIT seed="0,2,0,4,3,111" ten="334,222,222,222" oya="0" hai0="19,131,128,81,28,96,22,105,36,115,6,12,23" hai1="30,124,20,11,15,39,49,112,129,87,31,95,57" hai2="5,91,100,93,130,21,65,43,102,18,64,48,89" hai3="32,27,71,83,24,103,29,37,4,118,77,74,68"/><T121/><D36/><U72/><E39/><V25/><F130/><N who="0" m="49706" /><D81/><U33/><E72/><V82/><F5/><W117/><G103/><T7/><D96/><U101/><E129/><V135/><F135/><W54/><G54/><T86/><D86/><U9/><E33/><V108/><F108/><W88/><G88/><N who="2" m="33865" /><F82/><W35/><G4/><N who="0" m="1579" /><D105/><U26/><E87/><V116/><F116/><N who="3" m="44651" /><G37/><T46/><D46/><U119/><E119/><V80/><F80/><W8/><G8/><T56/><D56/><U67/><E67/><N who="2" m="25675" /><F93/><W90/><G90/><T114/><D121/><U134/><E57/><V133/><F133/><W106/><G106/><T17/><D28/><AGARI ba="2,0" hai="24,27,28,29,32,35,68,71,74,77,83" m="44651" machi="28" ten="30,1000,0" yaku="23,1" doraHai="111" who="3" fromWho="0" sc="334,-16,222,0,222,0,222,16" /><INIT seed="1,0,0,3,5,125" ten="318,222,222,238" oya="1" hai0="124,41,42,16,27,89,132,80,9,65,103,112,126" hai1="6,99,35,22,131,38,116,61,97,123,87,46,73" hai2="108,25,26,85,56,77,71,40,79,129,121,34,115" hai3="134,105,98,135,110,114,70,117,54,18,17,48,119"/><U31/><E116/><N who="3" m="44618" /><G105/><T44/><D103/><U68/><E123/><V60/><F71/><W19/><G98/><T15/><D112/><U39/><E73/><V37/><F121/><W82/><G82/><T102/><D65/><U23/><E35/><V55/><F115/><W95/><G95/><T81/><D102/><U67/><E6/><V43/><F108/><W57/><G114/><T100/><D100/><U63/><E87/><V128/><F37/><W33/><G33/><T130/><D89/><U52/><E131/><N who="2" m="50251" /><F34/><W29/><G29/><T5/><D42/><N who="2" m="15914" /><F85/><W51/><G110/><T88/><D130/><U0/><E0/><V30/><F30/><W96/><G96/><T78/><D124/><U92/><E31/><V66/><F66/><W90/><G70/><T113/><D126/><U75/><E99/><V107/><F107/><W94/><G51/><T8/><D113/><U1/><E1/><V109/><F109/><W84/><AGARI ba="0,0" hai="17,18,19,48,54,57,84,90,94,134,135" m="44618" machi="84" ten="40,1500,0" yaku="12,1" doraHai="125" who="3" fromWho="3" sc="318,-4,222,-7,222,-4,238,15" /><INIT seed="2,0,0,2,5,74" ten="314,215,218,253" oya="2" hai0="0,55,38,98,11,89,47,53,133,24,54,75,118" hai1="5,37,122,63,105,104,3,44,97,14,107,41,70" hai2="28,22,79,61,2,95,71,125,62,51,128,43,45" hai3="72,21,35,12,80,115,7,68,17,32,69,59,134"/><V57/><F2/><W36/><G134/><T67/><D67/><U131/><E14/><V91/><F71/><W86/><G72/><T6/><D133/><U56/><E122/><V40/><F125/><W120/><G120/><T132/><D132/><U106/><E131/><V110/><F128/><W34/><G36/><T78/><D24/><U83/><E70/><V16/><F28/><W101/><G115/><T92/><D118/><U94/><E3/><V87/><F110/><W20/><G7/><T33/><D33/><U46/><E5/><V23/><F23/><W84/><G84/><T117/><D117/><U119/><E46/><V123/><F123/><W64/><G101/><T77/><REACH who="0" step="1"/><D75/><REACH who="0" ten="304,215,218,253" step="2"/><U26/><E119/><V31/><F31/><W116/><G116/><T109/><D109/><U85/><E26/><V39/><F39/><W9/><G68/><T90/><D90/><U18/><E18/><V25/><F43/><AGARI ba="0,1" hai="0,6,11,38,43,47,53,54,55,77,78,89,92,98" machi="43" ten="40,5200,0" yaku="1,1,52,2,53,0" doraHai="74" doraHaiUra="111" who="0" fromWho="2" sc="304,62,215,0,218,-52,253,0" /><INIT seed="3,0,0,0,5,135" ten="366,215,166,253" oya="3" hai0="127,96,112,120,36,117,81,84,111,41,85,34,28" hai1="12,71,30,110,101,97,66,46,123,63,73,56,114" hai2="39,10,69,94,122,20,121,132,14,61,119,129,22" hai3="74,18,51,91,32,26,1,60,15,3,79,105,23"/><W4/><G105/><T68/><D28/><U134/><E114/><V76/><F39/><W7/><G74/><T107/><D41/><U24/><E123/><V21/><F119/><W82/><G91/><T37/><D96/><U65/><E110/><V92/><F76/><W48/><G60/><T118/><D81/><U35/><E134/><V50/><F132/><W55/><G51/><T6/><D6/><N who="3" m="2089" /><G48/><T72/><D84/><U109/><E109/><V106/><F106/><W108/><G55/><T31/><D85/><U0/><E12/><V64/><F50/><W102/><G102/><T42/><D42/><U115/><E115/><V125/><F129/><W98/><G98/><T13/><D13/><U100/><E100/><V8/><F14/><N who="3" m="9687" /><G82/><T124/><D31/><U113/><E113/><V49/><F49/><W70/><G70/><T33/><D112/><U38/><E73/><V5/><F5/><W45/><G45/><T59/><D72/><U75/><E75/><V99/><F94/><W131/><G79/><T90/><D107/><N who="1" m="63919" /><E56/><V133/><F133/><W25/><G108/><T27/><D111/><U88/><E88/><N who="2" m="55687" /><F125/><W89/><G89/><T78/><D90/><U9/><E65/><V116/><F116/><W53/><G131/><T80/><D80/><U16/><E46/><V62/><F61/><W126/><G15/><T58/><D78/><U17/><E38/><V93/><F93/><W2/><G53/><T130/><D68/><U29/><E63/><V67/><F67/><W40/><G40/><T95/><D130/><U47/><E71/><V77/><F77/><RYUUKYOKU ba="0,0" sc="366,-10,215,-10,166,30,253,-10" hai2="8,10,20,21,22,62,64,69,121,122" /><INIT seed="4,1,0,4,4,7" ten="356,205,196,243" oya="0" hai0="76,36,27,44,100,82,84,95,22,119,91,67,16" hai1="78,71,88,39,14,50,99,60,104,106,12,8,29" hai2="86,130,25,64,109,32,79,68,35,18,120,34,93" hai3="54,77,42,122,10,31,17,108,124,81,9,2,52"/><T3/><D3/><U89/><E39/><V23/><F120/><W75/><G108/><T80/><D119/><U4/><E29/><V28/><F109/><W53/><G124/><T37/><D67/><U69/><E78/><V135/><F130/><W33/><G122/><T128/><D128/><U0/><E50/><V63/><F135/><W13/><G42/><T98/><REACH who="0" step="1"/><D44/><REACH who="0" ten="346,205,196,243" step="2"/><U131/><E131/><V41/><F41/><W72/><G2/><T47/><D47/><U112/><E112/><V125/><F125/><W121/><G121/><T24/><D24/><U5/><E0/><V73/><F73/><AGARI ba="1,1" hai="16,22,27,36,37,73,76,80,82,84,91,95,98,100" machi="73" ten="30,5800,0" yaku="1,1,7,1,54,1,53,0" doraHai="7" doraHaiUra="65" who="0" fromWho="2" sc="346,71,205,0,196,-61,243,0" /><INIT seed="4,2,0,3,2,123" ten="417,205,135,243" oya="0" hai0="67,107,41,88,7,62,135,90,101,102,120,122,34" hai1="79,111,14,115,134,32,35,125,42,110,36,93,24" hai2="4,50,57,68,112,23,46,129,8,121,1,109,26" hai3="53,91,37,64,19,126,12,30,100,74,2,72,33"/><T113/><D41/><U118/><E118/><V21/><F68/><W63/><G37/><T20/><D7/><U22/><E79/><V127/><F121/><W78/><G2/><T61/><D20/><U0/><E93/><V3/><F3/><W95/><G126/><T82/><D67/><U58/><E58/><V38/><F127/><W116/><G116/><T86/><D34/><U73/><E73/><V124/><F124/><W81/><G100/><T45/><D45/><U117/><E117/><V16/><F38/><W70/><G74/><T43/><D43/><U106/><E106/><V66/><F129/><W51/><G30/><T71/><D86/><U94/><E94/><V25/><F112/><W104/><G104/><T87/><D87/><U60/><E60/><V56/><F66/><W59/><G33/><N who="1" m="12874" /><E125/><V10/><F10/><W76/><G72/><T131/><D113/><U31/><E42/><V75/><F75/><W105/><G105/><T128/><D107/><U55/><E55/><V6/><F6/><W52/><G81/><T119/><D82/><U39/><E115/><V98/><F98/><W69/><G53/><T133/><D71/><U47/><E47/><V80/><F80/><W11/><G69/><T27/><D119/><U92/><E92/><V108/><F46/><W83/><REACH who="3" step="1"/><G83/><REACH who="3" ten="417,205,135,233" step="2"/><T48/><D122/><U29/><E0/><V97/><F97/><AGARI ba="2,1" hai="11,12,19,51,52,59,63,64,70,76,78,91,95,97" machi="97" ten="30,8000,1" yaku="1,1,2,1,7,1,54,1,53,1" doraHai="123" doraHaiUra="65" who="3" fromWho="2" sc="417,0,205,0,135,-86,233,96" /><INIT seed="5,0,0,3,0,59" ten="417,205,49,329" oya="1" hai0="132,13,110,14,104,90,114,134,6,117,101,88,65" hai1="81,112,22,49,83,48,107,23,7,84,53,12,24" hai2="66,39,1,31,82,99,129,58,38,57,96,102,56" hai3="77,44,54,20,63,71,95,127,30,128,52,121,118"/><U50/><E107/><V80/><F1/><W87/><G121/><T18/><D117/><U17/><E112/><V111/><F111/><W5/><G128/><T36/><D110/><U135/><E135/><V37/><F129/><W124/><G118/><T69/><D36/><U41/><E81/><V51/><F31/><W61/><G5/><T106/><D114/><U62/><E41/><V46/><F66/><W130/><G130/><T115/><D115/><U8/><E23/><V29/><F29/><W9/><G9/><T15/><D18/><U75/><E75/><V126/><F126/><N who="3" m="48171" /><G71/><T73/><D6/><U32/><E32/><V123/><F123/><W113/><G113/><T40/><D40/><U43/><E43/><V28/><F28/><W78/><G95/><T94/><D73/><U79/><REACH who="1" step="1"/><E62/><REACH who="1" ten="417,195,49,329" step="2"/><N who="3" m="23562" /><G44/><AGARI ba="0,1" hai="7,8,12,17,22,24,44,48,49,50,53,79,83,84" machi="44" ten="30,5800,0" yaku="1,1,7,1,8,1,53,0" doraHai="59" doraHaiUra="105" who="1" fromWho="3" sc="417,0,195,68,49,0,329,-58" /><INIT seed="5,1,0,4,1,127" ten="417,263,49,271" oya="1" hai0="52,46,119,109,40,61,0,117,80,126,83,13,58" hai1="95,70,64,50,8,59,88,54,5,65,124,133,45" hai2="17,129,72,20,81,43,121,82,92,123,113,22,9" hai3="94,21,23,31,135,116,28,110,89,85,104,51,1"/><U24/><E133/><V57/><F43/><W103/><G1/><T37/><D0/><U49/><E124/><V114/><F92/><W77/><G135/><T62/><D126/><U131/><E131/><V44/><F44/><W25/><G110/><T122/><D83/><U15/><E24/><V71/><F71/><W27/><G116/><T115/><D80/><N who="2" m="30826" /><F72/><W98/><REACH who="3" step="1"/><G51/><REACH who="3" ten="417,263,49,261" step="2"/><T69/><D109/><U38/><E38/><V66/><F123/><W84/><G84/><T78/><D122/><U30/><E70/><V55/><F121/><W73/><G73/><T41/><D119/><U76/><E76/><AGARI ba="1,1" hai="21,23,25,27,28,31,76,77,85,89,94,98,103,104" machi="76" ten="40,2600,0" yaku="1,1,9,1,53,0" doraHai="127" doraHaiUra="35" who="3" fromWho="1" sc="417,0,263,-29,49,0,261,39" /><INIT seed="6,0,0,4,5,94" ten="417,234,49,300" oya="2" hai0="127,5,96,84,31,22,4,103,58,123,23,56,90" hai1="124,76,32,133,115,105,108,71,6,14,3,121,2" hai2="79,36,131,104,16,101,98,62,44,18,99,73,11" hai3="75,57,7,59,38,113,111,20,27,68,122,93,9"/><V125/><F131/><W106/><G111/><T50/><D127/><U1/><E14/><V91/><F125/><W102/><G68/><T87/><D123/><U15/><E15/><V13/><F62/><W21/><G106/><T130/><D50/><U83/><E83/><V110/><F110/><W78/><G122/><T25/><D87/><U135/><E76/><V33/><F33/><W41/><G102/><T17/><D58/><U80/><E80/><V51/><F36/><W126/><G21/><T37/><D56/><U120/><E6/><V72/><F18/><W112/><G126/><T53/><D53/><U48/><E48/><V30/><F30/><W82/><G93/><N who="0" m="58767" /><D130/><U116/><E1/><V81/><F91/><W46/><G112/><T64/><D64/><U49/><E49/><V34/><F34/><W29/><REACH who="3" step="1"/><G113/><REACH who="3" ten="417,234,49,290" step="2"/><T95/><D37/><U70/><E70/><V40/><REACH who="2" step="1"/><F99/><REACH who="2" ten="417,234,39,290" step="2"/><W45/><G45/><T119/><D119/><U42/><E120/><V54/><F54/><W24/><G24/><AGARI ba="0,2" hai="4,5,17,22,23,24,25,31,84,90,95" m="58767" machi="24" ten="30,2000,0" yaku="8,1,52,1" doraHai="94" who="0" fromWho="3" sc="417,40,234,0,39,0,290,-20" /><INIT seed="7,0,0,5,2,72" ten="457,234,39,270" oya="3" hai0="124,32,26,6,105,18,17,135,15,97,93,133,71" hai1="77,52,9,60,76,106,128,30,37,121,20,95,80" hai2="10,3,24,25,115,0,45,126,87,113,11,57,114" hai3="14,49,132,63,81,127,118,4,36,122,103,19,117"/><W70/><G122/><T67/><D124/><U109/><E109/><V84/><F57/><W44/><G36/><T27/><D6/><U21/><E106/><V82/><F45/><W101/><G127/><T131/><D131/><U53/><E128/><V48/><F126/><W2/><G132/><T125/><D125/><U116/><E37/><V119/><F48/><W55/><G101/><T89/><D18/><U51/><E121/><V50/><F50/><W58/><G103/><T7/><D7/><U79/><E116/><V110/><F110/><W91/><G4/><T112/><D105/><U29/><E80/><V129/><F82/><W61/><G2/><T102/><D89/><U88/><E9/><V54/><F54/><N who="1" m="21097" /><E60/><V83/><F83/><W123/><G70/><T34/><D27/><U38/><E51/><V120/><F120/><W8/><G123/><T64/><D26/><U46/><E46/><V96/><F96/><W90/><G63/><N who="0" m="40351" /><D67/><U1/><E1/><V69/><F69/><W42/><G90/><T92/><D92/><U35/><E35/><V78/><F115/><W31/><G117/><T73/><D73/><U100/><E100/><V134/><F119/><W130/><G118/><T12/><D12/><U98/><E38/><V104/><F104/><W59/><G130/><T39/><D112/><U13/><E13/><V111/><F129/><W5/><G31/><AGARI ba="0,0" hai="20,21,29,30,31,76,77,79,88,95,98" m="21097" machi="31" ten="30,12000,2" yaku="8,1,52,3,54,2" doraHai="72" who="1" fromWho="3" sc="457,0,234,120,39,0,270,-120" owari="457,56.0,354,15.0,39,-46.0,150,-25.0" /></mjloggm>