<mjloggm ver="2.3"><GO type="225" lobby="0"/><UN n0="%EF%BC%B7%E3%83%81%E3%83%BC%E3%82%BA%E3%82%B1%E3%83%BC%E3%82%AD" n1="%E5%85%AC%E5%8B%99%E5%93%A1%E3%81%8F%E3%82%93" n2="%E6%A1%9C%E8%8A%B1%E9%96%83%E3%80%85" n3="%E3%83%A1%E3%82%AC%E3%83%87%E3%82%B8" dan="16,17,16,17" rate="2072.35,2137.71,2126.17,2181.97" sx="F,F,M,M"/><TAIKYOKU oya="0"/><INIT seed="0,0,0,0,1,34" ten="250,250,250,250" oya="0" hai0="98,80,61,65,21,62,129,78,42,89,99,104,128" hai1="20,37,82,81,100,22,48,70,11,69,60,131,57" hai2="23,76,56,119,110,87,46,14,35,40,114,77,85" hai3="96,135,5,33,19,93,68,66,130,113,109,4,134"/><T111/><D42/><U27/><E37/><V88/><F114/><W10/><G33/><T25/><D111/><U45/><E131/><N who="0" m="50249" /><D104/><U8/><E100/><V84/><F35/><W7/><G113/><T117/><D117/><U2/><E70/><V71/><F71/><W132/><G109/><T49/><D49/><U118/><E69/><V17/><F110/><W9/><G130/><T38/><D38/><U43/><E20/><V101/><F101/><N who="3" m="60559" /><G19/><N who="0" m="12479" /><D89/><U122/><E122/><V125/><F125/><W116/><G116/><T120/><D120/><U28/><E118/><V16/><F119/><W29/><G29/><T106/><D106/><U32/><E32/><V108/><F108/><W50/><G50/><T53/><D53/><U86/><E2/><V36/><F56/><W55/><G55/><T127/><D127/><U72/><E72/><V0/><F17/><W115/><G115/><T59/><D62/><AGARI ba="0,0" hai="4,5,7,9,10,62,66,68,132,134,135" m="60559" machi="62" ten="40,1300,0" yaku="20,1" doraHai="34" who="3" fromWho="0" sc="250,-13,250,0,250,0,250,13" /><INIT seed="1,0,0,3,0,58" ten="237,250,250,263" oya="1" hai0="21,105,18,40,48,32,76,5,0,72,131,61,125" hai1="112,12,28,85,50,63,60,109,27,29,77,115,54" hai2="10,121,66,24,35,69,94,15,86,71,122,25,6" hai3="80,49,99,119,4,134,23,123,90,59,68,74,31"/><U65/><E12/><V53/><F53/><W133/><G68/><T1/><D125/><U83/><E109/><V55/><F55/><N who="3" m="32239" /><G123/><T127/><D131/><U132/><E132/><N who="3" m="50794" /><G4/><T100/><D127/><U45/><E29/><V51/><F51/><W33/><G33/><T39/><D32/><U62/><REACH who="1" step="1"/><E65/><REACH who="1" ten="237,240,250,263" step="2"/><V87/><F66/><W57/><G31/><T120/><D0/><U56/><E56/><V84/><F71/><W14/><G57/><T117/><D1/><U7/><E7/><V47/><F69/><W19/><G14/><T92/><D120/><U113/><E113/><V128/><F122/><W9/><G19/><T3/><D3/><U64/><E64/><V2/><F121/><W81/><G119/><T93/><D117/><U8/><E8/><V79/><F2/><W110/><G9/><T107/><D5/><U130/><E130/><V44/><F128/><W22/><G110/><T37/><D18/><U20/><AGARI ba="0,1" hai="20,27,28,45,50,54,60,62,63,77,83,85,112,115" machi="20" ten="30,12000,1" yaku="1,1,0,1,52,3,53,0" doraHai="58" doraHaiUra="124" who="1" fromWho="1" sc="237,-40,240,130,250,-40,263,-40" /><INIT seed="1,1,0,2,3,40" ten="197,370,210,223" oya="1" hai0="46,77,53,57,89,122,135,12,132,74,110,96,19" hai1="16,24,82,92,48,31,29,87,66,71,11,105,0" hai2="56,17,65,52,1,106,97,128,129,54,95,83,15" hai3="123,13,118,26,131,25,113,86,21,81,7,47,10"/><U130/><E130/><N who="2" m="50283" /><F1/><W6/><G123/><T114/><D122/><U35/><E105/><V60/><F83/><W107/><G113/><T104/><D114/><U120/><E120/><V85/><F85/><W3/><G107/><T14/><D110/><U20/><E92/><V62/><F62/><W78/><G131/><T125/><D125/><U44/><E71/><V42/><F42/><W72/><G118/><T73/><D77/><U70/><E70/><V55/><F106/><W101/><G101/><T84/><D14/><N who="1" m="7263" /><E0/><V127/><F127/><W116/><G116/><T90/><D96/><U112/><E35/><V18/><F15/><W98/><G98/><T88/><D84/><U124/><E112/><V91/><AGARI ba="1,0" hai="17,18,52,54,55,56,60,65,91,95,97" m="50283" machi="91" ten="30,2000,0" yaku="19,1,54,1" doraHai="40" who="2" fromWho="2" sc="197,-6,370,-11,210,23,223,-6" /><INIT seed="2,0,0,3,4,113" ten="191,359,233,217" oya="2" hai0="110,26,7,33,3,78,69,106,29,129,72,84,66" hai1="13,124,114,24,126,118,6,48,0,117,42,123,23" hai2="16,30,38,51,50,21,86,102,40,15,101,58,130" hai3="25,64,85,103,100,83,45,39,109,57,81,96,87"/><V127/><F127/><N who="1" m="48681" /><E114/><V52/><F130/><W133/><G109/><T93/><D93/><U80/><E123/><V75/><F75/><W31/><G133/><T4/><D84/><U132/><E132/><V28/><F38/><W74/><G74/><T128/><D7/><U125/><E13/><V60/><F86/><W90/><G45/><T10/><D110/><U105/><E105/><V62/><F62/><W79/><G39/><T53/><D53/><U134/><E134/><V47/><F60/><N who="3" m="37903" /><G96/><T37/><D37/><U122/><E122/><V104/><F104/><W88/><G79/><T19/><D19/><N who="1" m="12415" /><E125/><V61/><F61/><W9/><G9/><T8/><D8/><N who="1" m="2119" /><E80/><V67/><F67/><W111/><G111/><T135/><D135/><U99/><E99/><V121/><F121/><W43/><G43/><T92/><D92/><U59/><E59/><V34/><F34/><W20/><AGARI ba="0,0" hai="20,25,31,81,83,85,87,88,90,100,103" m="37903" machi="20" ten="30,2000,0" yaku="8,1,54,1" doraHai="113" who="3" fromWho="3" sc="191,-5,359,-5,233,-10,217,20" /><INIT seed="3,0,0,0,5,121" ten="186,354,223,237" oya="3" hai0="91,61,3,132,119,77,135,96,28,25,108,130,47" hai1="4,89,102,52,124,101,93,133,39,60,69,41,131" hai2="78,63,100,16,129,99,27,9,53,29,80,11,71" hai3="97,59,32,56,134,44,68,90,40,84,54,0,10"/><W104/><G32/><T17/><D119/><U49/><E124/><V114/><F114/><W64/><G134/><N who="0" m="51243" /><D77/><U79/><E131/><V85/><F129/><W123/><G123/><T82/><D130/><U103/><E133/><V88/><F78/><W55/><G68/><T20/><D3/><U72/><E4/><V75/><F75/><W37/><G0/><T35/><D47/><N who="1" m="23999" /><E79/><V73/><F73/><W31/><G31/><T5/><D61/><U105/><E72/><V128/><F128/><W46/><G10/><T111/><D5/><U98/><E89/><V2/><F16/><W87/><G46/><T120/><D120/><U76/><E93/><N who="2" m="58479" /><F71/><W26/><G26/><N who="0" m="14607" /><D82/><U81/><E81/><V45/><F2/><W127/><G127/><T12/><D12/><U118/><E76/><V67/><F67/><W107/><G64/><T14/><D14/><U7/><E7/><V50/><F63/><W38/><G44/><T23/><D35/><U106/><E106/><V6/><F6/><W18/><G107/><T1/><D1/><U70/><E70/><V19/><F29/><W13/><G104/><T8/><D8/><U113/><E118/><V51/><F51/><W112/><G13/><T110/><D91/><U65/><E105/><V109/><F109/><N who="0" m="27906" /><T24/><DORA hai="48" /><D24/><U34/><E34/><V126/><F126/><W117/><G90/><T83/><D83/><U86/><E60/><V92/><F80/><W115/><G117/><T116/><D116/><U22/><E65/><V74/><F74/><W42/><G18/><T43/><D96/><AGARI ba="0,0" hai="37,38,40,42,54,55,56,59,84,87,96,97,112,115" machi="96" ten="25,9600,0" yaku="22,2,52,2" doraHai="121,48" who="3" fromWho="0" sc="186,-96,354,0,223,0,237,96" /><INIT seed="3,1,0,5,2,101" ten="90,354,223,333" oya="3" hai0="130,32,45,72,124,119,25,60,50,71,109,8,131" hai1="62,91,104,118,132,103,126,85,100,9,92,123,94" hai2="14,41,70,57,115,21,22,122,54,10,55,121,28" hai3="105,68,35,113,66,77,30,127,31,49,82,13,117"/><W73/><G113/><T6/><D109/><U26/><E123/><N who="2" m="47115" /><F70/><W58/><G117/><T135/><D72/><U107/><E9/><V63/><F115/><W88/><G127/><T79/><D119/><U38/><E38/><V81/><F41/><W125/><G125/><T12/><D79/><U134/><E126/><V53/><F81/><W65/><G105/><N who="1" m="40522" /><E118/><V1/><F1/><W89/><G68/><T93/><D93/><N who="1" m="35947" /><BYE who="0" /><E26/><N who="2" m="16463" /><F22/><W42/><G13/><T83/><D83/><N who="1" m="49599" /><E62/><V27/><F27/><W5/><G5/><AGARI ba="1,0" hai="5,10,14,53,54,55,57,63" m="16463,47115" machi="5" ten="30,1000,0" yaku="13,1" doraHai="101" who="2" fromWho="3" sc="90,0,354,0,223,13,333,-13" owari="90,-41.0,354,45.0,236,-16.0,320,12.0" /></mjloggm>