<mjloggm ver="2.3"><GO type="169" lobby="0"/><UN n0="%E3%81%8B%E3%81%B0%E3%82%84%E3%81%8D%E3%82%89%E3%81%8F%E3%81%A0" n1="%63%68%78%66%66" n2="%75%66%6F%5F" n3="%E3%81%8B%E3%81%93%E3%81%A8%E3%82%93" dan="17,17,18,17" rate="2093.69,2216.92,2265.36,2122.05" sx="M,M,M,M"/><TAIKYOKU oya="0"/><INIT seed="0,0,0,4,4,134" ten="250,250,250,250" oya="0" hai0="26,122,7,19,71,101,99,27,80,0,44,77,20" hai1="120,4,55,22,118,28,73,93,12,5,64,129,132" hai2="100,86,54,130,63,111,75,3,30,107,82,35,57" hai3="98,109,50,119,41,47,13,70,116,78,49,128,104"/><T97/><D122/><U112/><E55/><V37/><F37/><W68/><G109/><T131/><D71/><U103/><E103/><V33/><F75/><W16/><G128/><T15/><D131/><U76/><E93/><V135/><F130/><W89/><G78/><T17/><D0/><U125/><E64/><V40/><F40/><W9/><G68/><T45/><D7/><U42/><E42/><V11/><F111/><W43/><G70/><T59/><D59/><U87/><E87/><V24/><F135/><W74/><G74/><T113/><D99/><U10/><E76/><V61/><F35/><W110/><G110/><T94/><D113/><U1/><E73/><V66/><F3/><W52/><G43/><T88/><D101/><U2/><E118/><V25/><F11/><W62/><G62/><T108/><D108/><U6/><E120/><V38/><F24/><N who="0" m="9258" /><D19/><U79/><E129/><V115/><F38/><W84/><G98/><T117/><D117/><U34/><E112/><V8/><F8/><W58/><REACH who="3" step="1"/><G104/><REACH who="3" ten="250,250,250,240" step="2"/><T14/><D77/><U83/><E79/><N who="2" m="46431" /><F107/><W18/><G18/><T72/><D72/><U96/><E1/><V124/><F115/><W39/><G39/><T56/><D97/><U106/><E96/><V121/><F100/><W123/><G123/><T67/><D17/><U48/><E106/><V53/><F121/><W85/><G85/><T91/><D91/><U31/><E2/><V105/><F105/><W36/><G36/><T46/><D88/><U95/><E4/><V23/><F63/><W90/><G90/><T127/><D67/><RYUUKYOKU ba="0,1" sc="250,-10,250,-10,250,-10,240,30" hai3="9,13,16,41,47,49,50,52,58,84,89,116,119" /><INIT seed="1,1,1,2,2,65" ten="240,240,240,270" oya="1" hai0="5,72,24,132,50,120,16,128,127,49,43,31,79" hai1="12,54,114,77,20,9,131,78,17,48,66,0,22" hai2="58,95,47,55,63,18,53,15,90,19,32,84,88" hai3="116,111,56,33,71,83,106,8,36,75,28,98,70"/><U109/><E114/><V81/><F32/><W87/><G111/><T80/><D128/><U122/><E122/><V104/><F104/><W45/><G116/><T69/><D120/><U100/><E131/><V101/><F101/><N who="3" m="62775" /><G56/><T7/><D132/><U57/><E109/><V135/><F135/><W4/><G87/><T10/><D127/><U102/><E0/><V82/><F15/><W6/><G6/><T23/><D69/><N who="3" m="26121" /><G4/><T1/><D7/><U35/><E35/><V125/><F125/><W39/><G8/><T29/><REACH who="0" step="1"/><D43/><REACH who="0" ten="230,240,240,270" step="2"/><U42/><E42/><V117/><F117/><W74/><G45/><T107/><D107/><U64/><E64/><V115/><F115/><W123/><G123/><T68/><D68/><U11/><E66/><V94/><F47/><W46/><G46/><T92/><D92/><U13/><E100/><V97/><F55/><W119/><G119/><T21/><D21/><N who="1" m="8299" /><E102/><V133/><F133/><W129/><G129/><T73/><D73/><N who="3" m="27657" /><G83/><AGARI ba="1,2" hai="18,19,53,58,63,81,82,83,84,88,90,94,95,97" machi="83" ten="40,2600,0" yaku="8,1,54,1" doraHai="65" who="2" fromWho="3" sc="230,0,240,0,240,49,270,-29" /><INIT seed="2,0,0,5,0,5" ten="230,240,289,241" oya="2" hai0="8,88,21,20,76,59,105,89,4,130,116,60,109" hai1="66,82,50,118,42,134,12,18,70,17,2,58,35" hai2="126,27,55,25,93,110,39,100,51,92,64,31,95" hai3="114,113,123,43,102,135,6,85,14,99,127,73,15"/><V23/><F126/><W30/><G73/><T33/><D33/><U49/><E2/><V61/><F39/><W16/><G127/><T117/><D105/><U41/><E35/><V34/><F110/><W90/><G135/><T37/><D37/><U7/><E70/><V9/><F100/><W80/><G123/><T56/><D76/><U11/><E118/><N who="0" m="45673" /><D130/><U36/><E134/><V131/><F131/><W124/><G124/><T13/><D59/><U101/><E101/><V47/><F9/><W45/><G30/><T52/><D109/><U111/><E111/><V69/><REACH who="2" step="1"/><F92/><REACH who="2" ten="230,240,279,241" step="2"/><W115/><G102/><T24/><D21/><U121/><E36/><V38/><F38/><W132/><G132/><T48/><D60/><U10/><E121/><V63/><F63/><W87/><G115/><T81/><D81/><U128/><E82/><V83/><F83/><W122/><G80/><T71/><D71/><U84/><E128/><V62/><F62/><W74/><G113/><T1/><D1/><U96/><E50/><V91/><F91/><W44/><G90/><T112/><D112/><U120/><E49/><V78/><F78/><W26/><G122/><T68/><D68/><U125/><E120/><V46/><F46/><W94/><G44/><T72/><D72/><U65/><E125/><V57/><F57/><W98/><G45/><T129/><D129/><U97/><E58/><V67/><F67/><W103/><G114/><T106/><D106/><U86/><E7/><V79/><F79/><W3/><G3/><T104/><D104/><U19/><E19/><AGARI ba="0,1" hai="19,23,25,27,31,34,47,51,55,61,64,69,93,95" machi="19" ten="30,2900,0" yaku="1,1,7,1,53,0" doraHai="5" doraHaiUra="75" who="2" fromWho="1" sc="230,0,240,-29,279,39,241,0" /><AGARI ba="0,0" hai="4,8,13,19,20,24,48,52,56,88,89" m="45673" machi="19" ten="30,7700,0" yaku="12,1,52,1,54,2" doraHai="5" who="0" fromWho="1" sc="230,77,211,-77,318,0,241,0" /><INIT seed="2,1,0,2,5,37" ten="307,134,318,241" oya="2" hai0="95,28,101,119,66,122,94,44,114,79,100,25,31" hai1="83,92,12,126,62,30,112,6,67,124,54,108,23" hai2="1,85,33,91,127,72,57,47,43,123,96,80,93" hai3="41,11,19,107,10,121,71,133,56,22,125,120,13"/><V48/><F127/><W68/><G107/><T87/><D122/><U132/><E108/><V65/><F123/><W109/><G125/><T29/><D114/><U115/><E132/><V64/><F33/><W75/><G75/><T130/><D130/><U81/><E54/><V40/><F1/><W53/><G109/><T35/><D66/><U60/><BYE who="2" /><E67/><V36/><F36/><W135/><G68/><UN n2="%75%66%6F%5F" /><T74/><D74/><U99/><E30/><V61/><F72/><W76/><G71/><T106/><D106/><U111/><E111/><V77/><F65/><W97/><G76/><T129/><D129/><U24/><E24/><V45/><F45/><W105/><G120/><T15/><D15/><U51/><E12/><V18/><F18/><W70/><G70/><T8/><D8/><U113/><E23/><V20/><F20/><W46/><G121/><T3/><D44/><U55/><E113/><V4/><REACH who="2" step="1"/><F40/><REACH who="2" ten="307,134,308,241" step="2"/><W73/><G73/><T128/><D3/><U7/><E55/><V39/><F39/><W89/><G135/><T50/><D128/><U49/><E124/><V88/><F88/><W17/><G133/><T103/><D35/><U9/><E126/><V63/><F63/><N who="3" m="36239" /><G19/><T90/><D90/><U104/><E112/><V2/><F2/><W27/><G89/><T118/><D29/><U102/><E115/><V59/><F59/><W98/><G17/><T42/><D31/><U16/><E16/><V52/><F52/><W134/><G22/><T34/><D28/><U32/><E32/><V86/><F86/><W78/><G134/><T5/><D34/><RYUUKYOKU ba="1,1" sc="307,-10,134,-10,308,30,241,-10" hai2="4,43,47,48,57,61,64,77,80,85,91,93,96" /><INIT seed="2,2,1,3,2,55" ten="297,124,338,231" oya="2" hai0="129,119,108,70,51,50,85,96,84,40,6,11,128" hai1="60,0,86,45,53,82,47,78,81,61,71,4,125" hai2="73,75,39,92,30,33,124,18,109,101,1,106,68" hai3="23,43,41,103,131,67,120,21,133,95,64,122,62"/><V104/><F92/><W54/><G133/><T8/><D70/><U77/><E0/><V19/><F19/><W58/><G131/><N who="0" m="50251" /><D108/><U127/><E4/><V79/><F18/><W16/><G120/><T17/><D119/><U91/><E71/><V98/><F109/><W24/><G122/><T66/><D96/><U105/><E105/><V113/><F113/><W15/><G103/><T9/><D66/><N who="3" m="25129" /><G95/><T123/><D40/><U110/><E110/><V7/><F68/><W107/><G107/><T20/><D6/><U44/><E91/><V118/><F118/><W93/><G93/><T115/><D115/><U63/><E53/><V99/><F124/><N who="1" m="47689" /><E86/><N who="0" m="33385" /><D123/><U102/><E102/><N who="2" m="62551" /><F39/><W12/><G12/><AGARI ba="2,1" hai="8,9,11,12,17,20,50,51" m="33385,50251" machi="12" ten="30,1000,0" yaku="19,1" doraHai="55" who="0" fromWho="3" sc="297,26,124,0,338,0,231,-16" /><INIT seed="3,0,0,3,2,109" ten="323,124,338,215" oya="3" hai0="86,115,63,37,46,99,108,116,78,80,112,81,74" hai1="126,77,68,90,128,50,58,16,23,65,117,1,119" hai2="103,11,36,114,88,101,43,89,124,66,13,91,92" hai3="122,52,61,133,42,0,28,53,83,54,113,132,32"/><W10/><G122/><T6/><D116/><U31/><E1/><V120/><F120/><W49/><G61/><T51/><D108/><U69/><E128/><V121/><F121/><W8/><G83/><T127/><D127/><U57/><E77/><V27/><F124/><W95/><G95/><T7/><D37/><U70/><E126/><V34/><F66/><W19/><G19/><T29/><D99/><U118/><E31/><V134/><F134/><N who="3" m="51819" /><G0/><T79/><D63/><U67/><E90/><V62/><F62/><W97/><G97/><T35/><D29/><U55/><REACH who="1" step="1"/><E58/><REACH who="1" ten="323,114,338,215" step="2"/><V40/><F91/><W84/><G28/><T135/><D135/><U100/><E100/><V12/><F89/><W5/><G32/><T130/><D130/><U18/><E18/><V20/><F101/><W41/><G5/><T104/><D35/><U30/><E30/><V102/><F102/><W123/><G123/><T24/><D6/><U105/><E105/><V131/><F103/><W110/><G110/><T71/><D7/><U98/><E98/><V96/><F131/><W15/><G84/><T44/><D104/><U17/><E17/><V111/><F111/><W87/><G87/><T33/><D33/><U47/><E47/><V38/><F34/><W45/><G45/><T25/><D46/><U26/><AGARI ba="0,1" hai="16,23,26,50,55,57,65,67,68,69,70,117,118,119" machi="26" ten="40,12000,2" yaku="1,1,0,1,12,1,54,1,53,2" doraHai="109" doraHaiUra="60" who="1" fromWho="1" sc="323,-30,114,130,338,-30,215,-60" /><INIT seed="4,0,0,3,2,12" ten="293,244,308,155" oya="0" hai0="125,105,4,10,100,93,64,88,23,117,132,0,53" hai1="113,81,104,47,109,46,114,69,126,115,16,90,19" hai2="27,123,130,118,97,32,67,18,11,26,133,121,43" hai3="101,14,9,39,54,59,21,30,75,72,94,107,96"/><T112/><D117/><U29/><E109/><V6/><F67/><W44/><G39/><T56/><D132/><U38/><E104/><V77/><F43/><W134/><G134/><T74/><D74/><U120/><E120/><V127/><F77/><W15/><G44/><N who="1" m="16938" /><E38/><V33/><F97/><W79/><G79/><T50/><D112/><U92/><E69/><V124/><F133/><W71/><G71/><T128/><D128/><U25/><E81/><V131/><F6/><W52/><G107/><T35/><D35/><N who="2" m="13386" /><F11/><W8/><G72/><T37/><D37/><U129/><E129/><N who="2" m="49163" /><F118/><W82/><G75/><T84/><D64/><U85/><E126/><N who="2" m="48171" /><F18/><N who="3" m="8519" /><G54/><T5/><D125/><U36/><E36/><V108/><F108/><W48/><G82/><T89/><D5/><U57/><E57/><V91/><F91/><W65/><G65/><T86/><D105/><U51/><E51/><V106/><F106/><W63/><G9/><T60/><D100/><U119/><E119/><V3/><F3/><W111/><G111/><T78/><D78/><U41/><E41/><V28/><F28/><W24/><G48/><T102/><D102/><U83/><E83/><V17/><F17/><N who="3" m="10431" /><G30/><T99/><D50/><U70/><E70/><V22/><F22/><AGARI ba="0,0" hai="16,19,22,25,29,85,90,92,113,114,115" m="16938" machi="22" ten="30,8000,1" yaku="15,1,11,1,52,2,54,1" doraHai="12" who="1" fromWho="2" sc="293,0,244,80,308,-80,155,0" /><INIT seed="5,0,0,3,5,70" ten="293,324,228,155" oya="1" hai0="85,43,52,15,5,48,101,60,0,83,22,127,95" hai1="63,23,55,76,125,111,2,51,75,116,16,128,99" hai2="50,21,79,62,6,32,12,37,80,11,102,119,38" hai3="30,71,134,40,26,97,107,106,124,93,28,33,41"/><U27/><E116/><V31/><F32/><W94/><G124/><T115/><D115/><U61/><E111/><V129/><F119/><W56/><G71/><T65/><D0/><U96/><E2/><V66/><F129/><W123/><G123/><T108/><D43/><U88/><E128/><V4/><F4/><W74/><G74/><T87/><D127/><U36/><E36/><V89/><F89/><W103/><G134/><T20/><D108/><U45/><E125/><V130/><F102/><W126/><G126/><T114/><D114/><U84/><E75/><V58/><F130/><W91/><G28/><T100/><D5/><U35/><E76/><V104/><F104/><W69/><G69/><T17/><D22/><U113/><E35/><V47/><F21/><W7/><G7/><T44/><D95/><N who="1" m="54663" /><E113/><V1/><F31/><W19/><G107/><T8/><D20/><U49/><E49/><V14/><F14/><W121/><G121/><T25/><D25/><U82/><E82/><V3/><F3/><W110/><G110/><T135/><D87/><U122/><E122/><V98/><F98/><AGARI ba="0,0" hai="16,23,27,45,51,55,61,63,96,98,99" m="54663" machi="98" ten="30,5800,0" yaku="8,1,54,2" doraHai="70" who="1" fromWho="2" sc="293,0,324,58,228,-58,155,0" /><INIT seed="5,1,0,4,4,133" ten="293,382,170,155" oya="1" hai0="119,100,63,71,1,49,36,3,97,13,7,117,43" hai1="6,95,113,48,75,84,18,73,101,118,76,40,104" hai2="125,39,87,92,128,0,67,5,35,11,122,114,135" hai3="20,56,47,4,121,61,26,74,21,80,96,110,27"/><U45/><E118/><N who="0" m="45065" /><D13/><U93/><E6/><V31/><F122/><W94/><G121/><T132/><D49/><U90/><E113/><V131/><F39/><W123/><G123/><T22/><D22/><U83/><E18/><V44/><F44/><W105/><G105/><N who="0" m="63631" /><D7/><U102/><E75/><V66/><F87/><W72/><G110/><T41/><D41/><U78/><E78/><V32/><F92/><W58/><G4/><T12/><D12/><U124/><E101/><V109/><F109/><W2/><G2/><T65/><D132/><U85/><E85/><V120/><F120/><W68/><G68/><T106/><D106/><U8/><E8/><V98/><F135/><W55/><G47/><AGARI ba="1,0" hai="1,3,36,43,47,63,65,71" m="63631,45065" machi="47" ten="30,1000,0" yaku="23,1" doraHai="133" who="0" fromWho="3" sc="293,13,382,0,170,0,155,-13" /><INIT seed="6,0,0,1,3,48" ten="306,382,170,142" oya="2" hai0="31,120,89,134,66,13,132,110,44,2,107,20,76" hai1="100,30,93,83,81,7,65,116,16,117,98,108,104" hai2="129,85,23,111,8,60,74,73,88,49,115,105,77" hai3="91,70,79,99,56,78,59,21,61,101,6,28,47"/><V87/><F105/><W72/><G70/><T82/><D2/><U121/><E108/><V14/><F111/><W54/><G72/><T97/><D110/><U128/><E30/><V38/><F38/><W37/><G6/><T27/><D120/><U95/><E7/><V92/><F115/><W22/><G91/><T118/><D118/><U58/><E121/><V64/><F129/><W17/><G28/><T103/><D66/><U75/><E65/><V1/><F1/><W53/><G37/><T43/><D13/><U11/><E58/><V133/><F23/><W18/><G47/><T0/><D89/><U63/><E63/><V84/><F49/><W131/><G131/><T119/><D0/><U39/><E39/><V51/><F51/><W114/><G114/><T46/><D119/><N who="1" m="45643" /><E16/><V41/><F41/><W80/><G80/><N who="1" m="30794" /><E11/><V124/><F133/><N who="0" m="51306" /><D43/><U86/><E75/><AGARI ba="0,0" hai="20,27,31,44,46,75,76,82,97,103,107" m="51306" machi="75" ten="30,1000,0" yaku="20,1" doraHai="48" who="0" fromWho="1" sc="306,10,382,-10,170,0,142,0" /><INIT seed="7,0,0,5,4,12" ten="316,372,170,142" oya="3" hai0="101,111,63,81,129,62,25,16,40,68,61,99,127" hai1="123,93,1,70,15,75,23,97,64,79,50,108,73" hai2="87,83,105,47,49,24,4,69,13,107,22,126,77" hai3="29,118,42,125,82,18,59,71,76,65,0,88,89"/><W6/><G118/><T119/><D119/><U114/><E1/><V30/><F69/><W21/><G125/><T45/><D111/><U106/><E123/><V43/><F126/><W31/><G71/><T55/><D127/><U46/><E114/><V84/><F84/><W48/><G0/><T122/><D122/><U103/><E64/><V20/><F20/><W17/><G6/><T109/><D109/><U34/><E34/><V41/><F41/><W104/><G104/><T110/><D81/><U133/><E70/><V85/><F85/><W54/><G65/><T92/><D68/><U51/><E133/><V113/><F113/><W86/><G42/><T7/><D7/><U27/><E15/><V37/><F37/><W112/><G112/><T58/><D129/><U121/><E121/><V39/><F39/><W78/><G89/><T98/><D98/><U38/><E38/><V102/><F102/><W44/><G44/><T9/><D110/><U116/><E51/><V115/><F115/><W19/><G21/><N who="0" m="13479" /><D9/><AGARI ba="0,0" hai="4,9,13,22,24,30,43,47,49,77,83,87,105,107" machi="9" ten="40,2600,0" yaku="25,2" doraHai="12" who="2" fromWho="0" sc="316,-26,372,0,170,26,142,0" owari="290,9.0,372,47.0,196,-20.0,142,-36.0" /></mjloggm>