<mjloggm ver="2.3"><GO type="169" lobby="0"/><UN n0="%E7%AF%A0%E4%B9%8B%E4%B9%8B%E7%AE%92" n1="%E3%82%A2%E3%83%95%E3%83%AA%E3%82%AB" n2="%E7%8C%BF%2D%53%61%72%75%2D" n3="%E3%81%B5%E3%81%BF%4B%55%4E" dan="17,16,17,16" rate="2147.42,2183.88,2256.66,2056.40" sx="F,M,M,M"/><TAIKYOKU oya="0"/><INIT seed="0,0,0,5,3,111" ten="250,250,250,250" oya="0" hai0="97,60,98,50,119,91,57,13,104,18,84,90,15" hai1="114,131,71,20,36,112,61,95,17,135,42,86,83" hai2="54,27,70,9,63,125,122,24,65,31,35,99,56" hai3="74,48,82,43,53,29,4,78,109,116,118,93,22"/><T81/><D119/><U94/><E36/><V79/><F125/><W62/><G109/><T100/><D50/><U51/><E135/><V130/><F130/><W38/><G4/><T8/><D98/><U107/><E107/><V106/><F122/><W32/><G32/><T6/><D91/><U102/><E131/><V37/><F37/><W44/><G62/><T115/><D115/><N who="1" m="44075" /><E102/><V64/><F79/><W123/><G123/><T30/><D30/><U89/><E42/><V113/><F113/><W92/><G116/><T68/><D68/><U39/><E39/><V120/><F120/><W12/><G118/><T28/><D28/><U129/><E129/><V69/><F27/><W2/><G2/><T33/><D33/><U66/><E51/><V73/><F73/><W5/><G29/><T126/><D126/><U1/><E1/><V110/><F110/><W59/><G22/><T10/><D60/><U19/><E19/><V58/><F9/><W16/><G5/><T121/><D121/><U7/><E7/><V88/><F106/><W14/><G16/><T0/><D0/><U128/><E128/><V85/><F99/><W105/><G105/><T75/><D100/><U72/><E72/><V40/><F40/><W49/><G38/><T124/><D104/><U76/><E76/><V52/><F88/><W3/><G3/><T103/><D124/><U41/><E41/><V127/><F127/><W25/><G48/><T55/><D75/><U46/><E46/><V80/><F31/><W67/><G49/><N who="0" m="30959" /><D103/><U21/><E21/><V117/><F35/><W96/><G74/><RYUUKYOKU ba="0,0" sc="250,15,250,15,250,-15,250,-15" hai0="6,8,10,13,15,18,81,84,90,97" hai1="17,20,61,66,71,83,86,89,94,95" /><INIT seed="0,1,0,3,3,17" ten="265,265,235,235" oya="0" hai0="91,125,82,10,24,39,95,103,107,11,130,28,74" hai1="124,119,56,84,70,113,42,89,44,0,47,128,36" hai2="123,51,97,80,116,3,21,27,106,78,105,30,69" hai3="104,14,31,57,16,121,45,81,38,98,102,75,52"/><T40/><D125/><U20/><E0/><V61/><F123/><W1/><G1/><T96/><D130/><U29/><E70/><V85/><F3/><W25/><G121/><T111/><D111/><U92/><E124/><V41/><F116/><W7/><G7/><T135/><D135/><U100/><E128/><V18/><F97/><W87/><G75/><T68/><D68/><U71/><E71/><V131/><F131/><W127/><G38/><T35/><D39/><U134/><E134/><V13/><F41/><W55/><G45/><T58/><D58/><U19/><E47/><V99/><F51/><W12/><G12/><T72/><D40/><U4/><E4/><V6/><F6/><W23/><G57/><T26/><D26/><U50/><E100/><V73/><F99/><W43/><G43/><T53/><D53/><U94/><E113/><V126/><F73/><W65/><G65/><T129/><D74/><U32/><E32/><V76/><F76/><W93/><G104/><T109/><D109/><U37/><E29/><V34/><REACH who="2" step="1"/><F126/><REACH who="2" ten="265,265,225,235" step="2"/><W83/><G127/><T22/><D129/><U122/><E122/><V132/><F132/><W120/><G120/><T63/><D72/><U49/><E119/><V114/><F114/><W15/><G15/><T2/><D2/><U101/><E36/><V110/><F110/><W112/><G112/><T133/><D133/><U48/><E37/><V79/><F79/><N who="3" m="46527" /><G83/><T59/><D82/><U77/><E77/><V54/><F54/><N who="3" m="20523" /><G14/><T64/><D96/><U117/><E117/><V86/><F86/><W8/><G98/><RYUUKYOKU ba="1,1" sc="265,-10,265,-10,225,30,235,-10" hai2="13,18,21,27,30,34,61,69,78,80,85,105,106" /><INIT seed="1,2,1,3,0,66" ten="255,255,255,225" oya="1" hai0="46,19,103,135,88,0,47,32,11,112,73,123,89" hai1="86,94,61,120,99,9,71,132,72,81,18,57,67" hai2="60,45,93,35,105,63,107,1,53,127,6,7,115" hai3="42,85,133,108,33,13,70,109,125,49,68,74,87"/><U23/><E72/><V121/><F121/><W28/><G74/><T92/><D112/><U84/><E120/><V3/><F127/><W38/><G38/><T124/><D32/><U26/><E132/><V36/><F35/><W117/><G125/><T21/><D124/><U95/><E9/><V97/><F115/><W43/><G133/><T77/><D135/><U75/><E75/><V31/><F31/><W5/><G117/><T16/><D123/><U69/><E81/><V48/><F36/><W79/><G28/><T41/><D73/><U98/><E95/><V39/><F39/><W96/><G96/><N who="0" m="59783" /><D77/><U4/><E99/><V106/><F6/><W91/><G33/><T55/><D41/><N who="3" m="15369" /><G49/><N who="0" m="29111" /><D0/><U82/><E4/><V64/><F7/><W110/><G79/><T101/><D101/><U58/><E58/><V25/><F25/><W78/><G78/><T44/><D11/><U22/><E22/><V129/><F129/><W100/><G100/><T131/><D19/><U54/><E82/><V113/><F113/><W126/><G126/><T10/><D10/><U104/><E104/><V111/><F1/><W116/><G116/><T83/><D131/><U51/><REACH who="1" step="1"/><E71/><REACH who="1" ten="255,245,255,225" step="2"/><N who="3" m="27178" /><G91/><AGARI ba="2,2" hai="18,23,26,51,54,57,61,67,69,84,86,91,94,98" machi="91" ten="30,12000,1" yaku="1,1,7,1,52,1,53,2" doraHai="66" doraHaiUra="80" who="1" fromWho="3" sc="255,0,245,146,255,0,225,-126" /><INIT seed="1,3,0,3,1,4" ten="255,391,255,99" oya="1" hai0="58,119,110,53,90,80,121,98,22,100,36,7,59" hai1="108,16,85,25,14,94,73,82,38,46,83,47,12" hai2="33,9,103,104,48,113,70,88,109,17,77,0,134" hai3="39,75,76,114,112,1,131,40,19,11,24,45,13"/><U124/><E38/><V79/><F70/><W31/><G131/><T91/><D119/><U28/><E124/><V55/><F33/><W126/><G126/><T99/><D121/><U63/><E108/><V52/><F109/><W41/><G41/><T96/><D36/><U127/><E12/><V122/><F122/><W84/><G84/><T8/><D110/><U23/><E127/><V102/><F134/><W6/><G76/><N who="2" m="29257" /><F104/><W57/><G57/><T81/><D22/><U93/><E63/><V120/><F0/><W105/><G105/><T123/><D123/><U32/><E73/><V60/><F113/><W61/><G61/><T21/><D21/><U35/><E35/><V65/><F65/><W71/><G71/><T2/><D100/><U117/><E117/><V129/><F129/><W74/><G114/><T50/><D59/><U20/><E32/><V64/><F55/><W51/><G39/><T3/><D3/><U133/><E133/><V34/><F34/><W37/><G37/><T54/><D54/><U132/><E132/><V92/><F64/><W115/><G115/><T43/><D43/><U15/><E15/><N who="2" m="7407" /><F60/><W69/><G69/><T27/><D27/><U107/><E107/><V130/><F130/><W118/><G118/><T128/><D128/><U86/><E47/><N who="2" m="27679" /><F120/><W29/><G112/><T89/><AGARI ba="3,0" hai="2,7,8,50,53,58,80,81,89,90,91,96,98,99" machi="89" ten="30,2000,0" yaku="0,1,52,1" doraHai="4" who="0" fromWho="0" sc="255,29,391,-13,255,-8,99,-8" /><INIT seed="2,0,0,2,2,112" ten="284,378,247,91" oya="2" hai0="96,73,16,104,15,60,61,120,94,72,40,57,34" hai1="50,21,41,131,113,74,108,13,103,8,25,110,68" hai2="35,45,49,36,95,71,51,29,26,38,67,42,118" hai3="70,58,80,106,129,97,88,133,46,127,109,115,19"/><V102/><F71/><W87/><G70/><T66/><D34/><U116/><E74/><V52/><F67/><W125/><G115/><T89/><D120/><U79/><E68/><V77/><F77/><W32/><G32/><T23/><D104/><U31/><E103/><V122/><F122/><W130/><G19/><T53/><REACH who="0" step="1"/><D40/><REACH who="0" ten="274,378,247,91" step="2"/><U107/><E107/><V98/><REACH who="2" step="1"/><F118/><REACH who="2" ten="274,378,237,91" step="2"/><W37/><G125/><T56/><AGARI ba="0,2" hai="15,16,23,53,56,57,60,61,66,72,73,89,94,96" machi="56" ten="20,8000,1" yaku="1,1,2,1,0,1,7,1,54,1,53,0" doraHai="112" doraHaiUra="111" who="0" fromWho="0" sc="274,100,378,-20,237,-40,91,-20" /><INIT seed="3,0,0,2,3,35" ten="374,358,197,71" oya="3" hai0="20,91,36,108,74,27,31,66,90,26,81,51,130" hai1="92,93,127,75,97,43,103,129,73,49,72,119,100" hai2="64,62,11,53,106,101,56,102,118,80,22,77,126" hai3="58,68,39,2,79,111,46,78,107,37,41,38,9"/><W134/><G107/><T125/><D125/><U30/><E30/><V61/><F118/><W1/><G68/><T132/><D36/><U60/><E60/><V76/><F126/><W123/><G123/><T33/><D132/><U70/><E70/><V94/><F106/><W104/><G104/><T99/><D130/><U55/><E127/><V5/><F22/><W17/><G134/><T116/><D116/><U40/><E119/><V85/><F77/><W32/><G32/><T34/><D108/><U121/><E129/><V120/><F120/><W25/><G111/><T57/><D99/><U42/><E121/><V29/><F29/><W3/><G58/><T44/><D34/><U21/><E21/><V4/><F94/><W122/><G122/><T8/><D8/><U69/><E69/><V10/><F61/><W14/><REACH who="3" step="1"/><G25/><REACH who="3" ten="374,358,197,61" step="2"/><T19/><D57/><U54/><E103/><N who="2" m="39435" /><F64/><W87/><G87/><T131/><D131/><U50/><E75/><V59/><F56/><W23/><G23/><T114/><D33/><U28/><E72/><V63/><F62/><W95/><G95/><T113/><D27/><U105/><E73/><V18/><F10/><W6/><G6/><T98/><D74/><U135/><E135/><V117/><F117/><W24/><G24/><T96/><D26/><U89/><E105/><V83/><F83/><W52/><G52/><N who="1" m="20010" /><E28/><V71/><F71/><W45/><G45/><T112/><D81/><U88/><E100/><V110/><F110/><W16/><G16/><T0/><D31/><U12/><E12/><AGARI ba="0,1" hai="4,5,11,12,18,53,59,63,76,80,85" m="39435" machi="12" ten="30,1000,0" yaku="8,1" doraHai="35" who="2" fromWho="1" sc="374,0,358,-10,197,20,61,0" /><INIT seed="4,0,0,0,4,9" ten="374,348,217,61" oya="0" hai0="132,24,126,53,25,102,97,8,120,84,50,48,34" hai1="54,31,61,22,94,46,18,93,27,4,116,114,49" hai2="122,100,85,36,26,3,77,33,101,104,38,67,86" hai3="125,21,30,59,133,32,81,135,55,131,37,41,5"/><T72/><D120/><U60/><E116/><V56/><F122/><W74/><G32/><T106/><D72/><U119/><E119/><V118/><F3/><W2/><G125/><T115/><D115/><U107/><E107/><V19/><F118/><W79/><G131/><T121/><D121/><U69/><E4/><V127/><F127/><W35/><G21/><T62/><D126/><U12/><E114/><V110/><F110/><W91/><G91/><T98/><D132/><U42/><E69/><V103/><F104/><W57/><G57/><T92/><D84/><U108/><E108/><V43/><F43/><W112/><G112/><T29/><D24/><U10/><E61/><V1/><F1/><W124/><G124/><T20/><D8/><U88/><E88/><V16/><F38/><W23/><G23/><T73/><D73/><U113/><E113/><V95/><F36/><W80/><G80/><T109/><D109/><U96/><E96/><V87/><F95/><W71/><G71/><T51/><D62/><U83/><E83/><V65/><F77/><W17/><G17/><T63/><D63/><U82/><E82/><V68/><F68/><W11/><G30/><T99/><D34/><U129/><E129/><V13/><F33/><W128/><G35/><T28/><D28/><U44/><E60/><V15/><F26/><W0/><G0/><T52/><D106/><U89/><REACH who="1" step="1"/><E89/><REACH who="1" ten="374,338,217,61" step="2"/><V134/><F101/><W76/><G128/><T64/><D64/><U47/><E47/><V90/><F100/><W66/><G66/><T14/><D102/><U111/><E111/><RYUUKYOKU ba="0,1" sc="374,-10,338,30,217,-10,61,-10" hai1="10,12,18,22,27,31,42,44,46,49,54,93,94" /><INIT seed="5,1,1,0,4,28" ten="364,368,207,51" oya="1" hai0="128,119,29,76,110,62,123,109,17,124,133,2,6" hai1="47,91,60,71,52,61,63,75,20,27,7,127,39" hai2="93,100,107,89,59,14,81,40,0,88,42,57,125" hai3="135,108,77,121,8,120,103,72,9,113,134,48,13"/><U19/><E75/><V36/><F0/><W74/><G103/><T115/><D17/><U78/><E127/><V98/><F125/><W95/><G95/><T118/><D29/><U43/><E78/><V122/><F122/><W84/><G84/><T80/><D62/><U86/><E7/><V44/><F40/><W54/><G113/><T126/><D80/><U111/><E111/><N who="0" m="42505" /><D76/><U41/><E71/><V46/><F46/><W97/><G97/><T102/><D102/><U33/><E33/><V50/><F36/><W101/><G101/><T49/><D49/><N who="1" m="28735" /><E39/><V90/><F107/><W16/><G108/><T67/><D67/><U83/><AGARI ba="1,1" hai="19,20,27,41,43,60,61,63,83,86,91" m="28735" machi="83" ten="30,3000,0" yaku="8,1,54,1" doraHai="28" who="1" fromWho="1" sc="364,-11,368,43,207,-11,51,-11" /><INIT seed="5,2,0,2,5,82" ten="353,411,196,40" oya="1" hai0="121,14,62,54,60,112,21,91,106,43,70,63,17" hai1="71,134,35,31,15,33,47,7,92,32,36,117,89" hai2="135,13,84,128,28,79,127,65,80,111,10,99,104" hai3="116,87,90,118,86,102,44,25,52,58,93,50,8"/><U72/><E71/><V51/><F111/><W3/><G102/><T125/><D121/><U77/><E117/><V64/><F135/><W114/><G114/><T129/><D129/><U69/><E69/><V74/><F128/><W34/><G34/><T61/><D106/><U1/><E134/><V46/><F127/><W57/><G25/><T133/><D125/><U37/><E31/><V97/><F28/><W76/><G3/><T98/><D133/><U113/><E113/><V27/><F27/><W75/><G75/><T38/><D112/><U131/><E131/><V30/><F30/><W22/><G22/><T42/><D38/><U73/><E77/><V48/><F74/><W101/><G101/><T0/><D0/><U18/><E7/><V41/><F51/><W107/><G8/><T12/><D12/><U29/><E29/><V126/><F126/><W96/><G107/><T56/><D70/><U94/><E1/><V100/><REACH who="2" step="1"/><F99/><REACH who="2" ten="353,411,186,40" step="2"/><W9/><G9/><T78/><D98/><N who="1" m="57615" /><E73/><V81/><F81/><N who="3" m="47399" /><G96/><T24/><D24/><U122/><E72/><V67/><F67/><W120/><G120/><T20/><D61/><U108/><E108/><V6/><AGARI ba="2,1" hai="6,10,13,41,46,48,64,65,79,80,84,97,100,104" machi="6" ten="20,12000,2" yaku="1,1,0,1,7,1,25,2,52,1,53,1" doraHai="82" doraHaiUra="11" who="2" fromWho="2" sc="353,-32,411,-62,186,136,40,-32" /><INIT seed="6,0,0,3,2,83" ten="321,349,322,8" oya="2" hai0="117,28,127,46,95,69,82,66,100,108,121,18,124" hai1="75,9,67,55,104,16,42,48,10,78,72,79,0" hai2="29,24,54,40,76,14,134,129,80,62,128,30,8" hai3="13,22,116,68,120,77,114,56,57,102,133,53,5"/><V99/><F40/><W71/><G116/><T125/><D108/><U97/><E67/><V33/><F134/><W51/><G120/><T86/><D121/><U109/><E109/><V17/><F30/><W2/><G2/><T87/><D117/><U107/><E42/><V36/><F36/><W70/><G102/><T122/><D122/><U26/><E0/><V35/><F35/><W27/><G133/><T123/><D123/><U65/><E65/><V19/><F99/><W110/><G110/><T15/><D28/><U1/><E1/><V103/><F103/><W135/><G135/><T132/><D132/><U96/><E48/><V45/><F19/><W101/><G101/><T89/><D100/><U20/><E55/><V94/><F94/><W88/><G77/><T12/><D46/><U126/><E126/><V113/><F113/><W105/><G105/><T63/><D18/><U41/><E41/><V52/><F62/><W34/><G114/><T131/><D131/><N who="2" m="50250" /><F45/><N who="3" m="27887" /><G34/><T59/><D69/><U84/><E16/><V47/><F47/><W118/><G118/><T60/><D60/><U115/><E115/><V50/><F50/><W39/><G39/><T81/><D95/><U44/><E44/><V7/><F7/><W64/><G64/><T90/><AGARI ba="0,0" hai="12,15,59,63,66,81,82,86,87,89,90,124,125,127" machi="90" ten="30,8000,1" yaku="0,1,9,1,18,1,52,2" doraHai="83" who="0" fromWho="0" sc="321,80,349,-20,322,-40,8,-20" owari="401,50.0,329,13.0,282,-12.0,-12,-51.0" /></mjloggm>