<mjloggm ver="2.3"><GO type="185" lobby="0"/><UN n0="%4B%65%6E%74%4B%65%6E%74" n1="%64%73%61%6E" n2="%E3%82%82%E3%82%8D%E3%82%86%E3%81%86" n3="" dan="17,16,16,0" rate="2288.71,2197.59,2094.29,1500.00" sx="F,M,M,C"/><TAIKYOKU oya="0"/><INIT seed="0,0,0,5,5,100" ten="350,350,350,0" oya="0" hai0="117,82,131,64,108,134,38,66,114,95,77,93,107" hai1="50,44,41,33,135,84,126,90,54,115,1,67,132" hai2="109,73,72,51,45,110,89,130,94,2,125,113,49" hai3=""/><T56/><D117/><U62/><E33/><V39/><F2/><T58/><D114/><U60/><E1/><V55/><F113/><T101/><D134/><U53/><E115/><V3/><F39/><T99/><D131/><U97/><E97/><V118/><F3/><T106/><D38/><U111/><E111/><N who="2" m="42507" /><F118/><T81/><D108/><U85/><E126/><V87/><F125/><T80/><D77/><U88/><E50/><V68/><F68/><T36/><D36/><U98/><E98/><V65/><F65/><N who="0" m="25194" /><D101/><U104/><E67/><V46/><F130/><T42/><D42/><AGARI ba="0,0" hai="42,45,46,49,51,55,72,73,87,89,94" m="42507" machi="42" ten="30,1000,0" yaku="14,1" doraHai="100" who="2" fromWho="0" sc="350,-10,350,0,350,10,0,0" /><INIT seed="1,0,0,3,3,114" ten="340,350,360,0" oya="1" hai0="56,113,97,35,63,90,59,42,99,79,93,77,33" hai1="60,129,124,72,68,116,133,135,103,125,69,37,38" hai2="132,54,96,112,134,109,47,95,83,73,122,39,41" hai3=""/><U0/><E103/><V101/><N who="2" m="31264" /><V81/><F112/><T1/><D113/><U85/><E85/><V105/><F109/><T120/><N who="0" m="30752" /><T2/><D42/><U119/><E60/><V52/><F105/><T76/><D63/><U53/><E53/><V78/><REACH who="2" step="1"/><F81/><REACH who="2" ten="340,350,350,0" step="2"/><T91/><D79/><U88/><E0/><V118/><F118/><N who="1" m="45097" /><E129/><V3/><F3/><T58/><D1/><U49/><E72/><V123/><F123/><T55/><D2/><U32/><E32/><V107/><F107/><T117/><D33/><U57/><E124/><V126/><F126/><T84/><D35/><U64/><E125/><V94/><F94/><T104/><D117/><U46/><E133/><AGARI ba="0,1" hai="39,41,47,52,54,73,78,83,95,96,101,132,133,134" m="31264" machi="133" ten="40,8000,1" yaku="1,1,20,1,52,1,54,1,53,0" doraHai="114" doraHaiUra="44" who="2" fromWho="1" sc="340,0,350,-80,350,90,0,0" /><INIT seed="2,0,0,5,3,76" ten="340,270,440,0" oya="2" hai0="43,45,38,127,34,32,33,120,129,105,121,103,58" hai1="42,67,123,49,65,35,70,46,131,85,60,54,53" hai2="95,39,37,132,99,61,3,109,107,62,41,59,96" hai3=""/><V64/><F3/><T2/><N who="0" m="30752" /><T88/><N who="0" m="31008" /><T134/><D2/><U135/><N who="1" m="31520" /><U106/><E35/><V44/><F132/><T69/><D134/><U51/><E106/><V117/><F117/><T77/><D129/><U55/><E85/><V36/><F109/><T125/><D69/><U90/><E90/><V56/><F107/><T50/><D77/><U68/><E135/><V133/><F133/><T66/><D105/><U119/><E131/><V80/><F80/><T128/><D128/><U74/><E74/><V108/><F108/><T92/><D103/><U93/><E93/><V57/><F99/><T52/><REACH who="0" step="1"/><D66/><REACH who="0" ten="330,270,440,0" step="2"/><U89/><E89/><V116/><F116/><T40/><D40/><U48/><E119/><V84/><F84/><AGARI ba="0,1" hai="32,33,34,38,43,45,50,52,58,84,88,92,125,127" m="31008,30752" machi="84" ten="40,8000,1" yaku="1,1,52,2,54,2,53,0" doraHai="76" doraHaiUra="112" who="0" fromWho="2" sc="330,90,270,0,440,-80,0,0" /><INIT seed="4,0,0,1,4,98" ten="420,270,360,0" oya="0" hai0="47,93,57,111,72,79,64,103,105,39,122,52,116" hai1="32,91,128,43,78,85,46,69,58,107,83,100,34" hai2="125,65,127,76,112,48,81,44,117,54,68,80,99" hai3=""/><T75/><N who="0" m="31264" /><T38/><D116/><U120/><N who="1" m="30752" /><U53/><E69/><V66/><F117/><T94/><D111/><U59/><E128/><V130/><F130/><T102/><D64/><U37/><E78/><V0/><F0/><T126/><D126/><N who="2" m="48138" /><F112/><T134/><D134/><U56/><REACH who="1" step="1"/><E53/><REACH who="1" ten="420,260,360,0" step="2"/><V110/><F110/><T123/><N who="0" m="31520" /><T49/><D79/><U108/><E108/><V50/><F68/><T84/><D75/><U42/><E42/><V131/><F131/><T95/><D72/><U60/><E60/><V133/><F76/><T87/><D105/><U61/><E61/><V101/><F133/><T77/><D77/><U40/><E40/><V118/><F118/><T55/><D55/><U113/><E113/><V97/><F65/><T2/><D2/><U89/><E89/><V129/><F129/><T121/><N who="0" m="31008" /><T70/><D70/><U33/><E33/><V51/><F66/><T63/><D63/><U132/><E132/><V109/><F109/><T104/><D104/><U35/><E35/><V90/><F54/><T124/><D124/><U71/><E71/><V88/><F90/><T86/><REACH who="0" step="1"/><D57/><REACH who="0" ten="410,260,360,0" step="2"/><U82/><E82/><V106/><F81/><T74/><D74/><U135/><E135/><RYUUKYOKU ba="0,2" sc="410,10,260,10,360,-20,0,0" hai0="38,39,47,49,52,84,86,87,93,94,95,102,103" hai1="32,34,37,43,46,56,58,59,83,85,91,100,107" /><INIT seed="4,1,2,5,1,127" ten="420,270,340,0" oya="0" hai0="103,94,69,67,47,85,126,118,115,44,79,46,39" hai1="104,64,82,41,76,122,53,34,105,109,108,97,58" hai2="90,56,59,40,62,54,93,65,134,107,75,3,88" hai3=""/><T50/><D118/><U1/><N who="1" m="31264" /><U60/><E34/><V89/><F3/><T119/><D119/><U129/><E1/><V112/><F134/><T37/><D126/><U72/><E41/><V86/><F112/><T128/><D115/><U101/><E105/><V84/><F75/><T52/><D128/><U61/><REACH who="1" step="1"/><E129/><REACH who="1" ten="420,260,340,0" step="2"/><V81/><F107/><T0/><D0/><U95/><E95/><V111/><F111/><T87/><D94/><U100/><E100/><V2/><F40/><T113/><D103/><U45/><E45/><V130/><F2/><T55/><D113/><U133/><E133/><V32/><F32/><T38/><D47/><U83/><E83/><V114/><F114/><T131/><D131/><U120/><N who="1" m="30752" /><U49/><E49/><V116/><F116/><T70/><D46/><U33/><E33/><V135/><F135/><T124/><D44/><U102/><E102/><V110/><F130/><T98/><D50/><U121/><N who="1" m="31008" /><U48/><E48/><V91/><F110/><T132/><D132/><U92/><E92/><V71/><REACH who="2" step="1"/><F71/><AGARI ba="1,3" hai="53,58,60,61,64,71,72,76,82,97,101,104,108,109" m="31008,30752,31264" machi="71" ten="30,12000,2" yaku="1,1,7,1,52,3,53,1" doraHai="127" doraHaiUra="73" who="1" fromWho="2" sc="420,0,260,152,340,-122,0,0" /><INIT seed="5,0,0,0,2,86" ten="420,412,218,0" oya="1" hai0="104,100,123,67,130,2,60,77,78,109,93,52,1" hai1="45,50,48,44,51,57,61,117,62,63,76,110,79" hai2="41,43,47,96,132,70,3,88,69,119,97,108,131" hai3=""/><U101/><E117/><V37/><F3/><T68/><N who="0" m="31520" /><T115/><D109/><U90/><E101/><V106/><F108/><T66/><D115/><U120/><N who="1" m="30752" /><U94/><E110/><V72/><F119/><T33/><D130/><U89/><E57/><V39/><F131/><T98/><D66/><U99/><REACH who="1" step="1"/><E89/><REACH who="1" ten="420,402,218,0" step="2"/><V112/><F112/><T80/><D1/><U124/><E124/><V113/><F113/><T54/><D2/><U95/><E95/><V73/><F106/><T102/><D102/><U82/><E82/><V125/><F125/><T58/><D93/><U91/><E91/><V133/><F47/><AGARI ba="0,1" hai="44,45,47,48,50,51,61,62,63,76,79,90,94,99" m="30752" machi="47" ten="40,12000,1" yaku="1,1,8,1,52,2,53,0" doraHai="86" doraHaiUra="114" who="1" fromWho="2" sc="420,0,402,130,218,-120,0,0" /><INIT seed="5,1,0,5,2,33" ten="420,532,98,0" oya="1" hai0="48,84,63,74,135,114,54,51,92,66,37,55,98" hai1="77,89,115,133,2,71,41,124,69,34,53,79,90" hai2="36,101,61,132,113,99,110,39,73,83,35,49,94" hai3=""/><U128/><E34/><V91/><F35/><T106/><D114/><U102/><E115/><V118/><F113/><T1/><D135/><U76/><E133/><V123/><N who="2" m="31520" /><V117/><F110/><T62/><D74/><U108/><E108/><V45/><F132/><T59/><D37/><U0/><E102/><V40/><F39/><T125/><D125/><U134/><E134/><V58/><F36/><T3/><D106/><U88/><E124/><V78/><REACH who="2" step="1"/><F101/><REACH who="2" ten="420,532,88,0" step="2"/><T57/><D84/><U103/><E103/><V42/><F42/><T112/><D112/><U46/><E41/><V107/><F107/><T75/><D75/><U47/><E128/><V95/><F95/><T111/><D111/><U109/><E109/><V64/><AGARI ba="1,1" hai="40,45,49,58,61,64,73,78,83,91,94,99,117,118" m="31520" machi="64" ten="20,6000,1" yaku="1,1,0,1,7,1,52,1,53,1" doraHai="33" doraHaiUra="93" who="2" fromWho="2" sc="420,-21,532,-41,88,72,0,0" /><INIT seed="6,0,0,4,2,59" ten="399,491,160,0" oya="2" hai0="40,89,77,72,86,100,47,116,0,62,57,3,64" hai1="33,108,2,117,78,36,97,81,110,102,111,114,119" hai2="120,127,35,109,76,124,103,133,79,88,66,63,87" hai3=""/><V60/><N who="2" m="30752" /><V73/><F35/><T112/><D116/><N who="1" m="44619" /><E33/><V55/><F109/><T56/><D112/><U50/><E2/><V123/><N who="2" m="31520" /><V121/><N who="2" m="31008" /><V106/><F133/><T46/><D100/><U37/><E50/><V38/><F38/><T125/><D125/><N who="2" m="48202" /><F73/><T43/><D72/><U113/><E81/><V115/><F115/><N who="1" m="44041" /><E78/><N who="2" m="29739" /><F55/><T49/><D77/><U118/><E118/><V61/><F103/><T44/><D0/><U132/><E132/><V96/><F96/><T82/><D3/><U135/><E135/><V70/><F106/><AGARI ba="0,0" hai="36,37,97,102,106,108,110,111" m="44041,44619" machi="106" ten="40,5200,0" yaku="12,1,15,1,23,1" doraHai="59" who="1" fromWho="2" sc="399,0,491,52,160,-52,0,0" owari="399,0.0,543,49.0,108,-49.0,0,0.0" /></mjloggm>