<mjloggm ver="2.3"><GO type="169" lobby="0"/><UN n0="%E5%A4%A7%E6%A5%A0%E5%85%AC" n1="%E3%81%84%E3%81%AE%E3%81%91%E3%82%93" n2="%E3%83%9E%E3%83%BC%E3%83%AC%E3%83%B3%E3%83%BB%E3%83%AB%E3%83%B3%E3%83%93" n3="%E3%83%8A%E3%82%B4%E3%83%A0" dan="16,16,16,16" rate="2064.58,2103.05,2067.23,2158.48" sx="M,F,F,M"/><TAIKYOKU oya="0"/><INIT seed="0,0,0,2,1,31" ten="250,250,250,250" oya="0" hai0="11,125,57,7,28,25,62,22,109,128,61,52,115" hai1="49,69,127,16,87,60,124,41,94,58,70,75,93" hai2="116,51,18,73,101,113,46,100,112,33,86,56,95" hai3="21,19,79,99,82,55,97,0,38,78,92,121,34"/><T4/><D115/><U91/><E75/><V43/><F73/><W66/><G0/><T72/><D72/><U76/><E76/><V64/><F116/><W135/><G135/><T63/><D125/><N who="1" m="48203" /><E94/><V119/><F119/><W90/><G121/><T12/><D128/><U35/><E35/><V89/><F33/><W67/><G38/><T1/><D109/><U20/><E41/><V10/><F101/><W131/><G34/><N who="0" m="20751" /><D7/><U111/><E111/><V8/><F100/><W45/><G97/><T44/><D44/><U40/><E40/><V29/><F29/><W96/><G96/><T23/><D23/><U6/><E6/><V120/><F120/><W110/><G131/><T133/><D133/><U65/><E49/><V14/><F113/><W42/><G55/><T88/><D88/><U123/><E123/><V129/><F129/><W107/><G107/><T13/><D13/><AGARI ba="0,0" hai="13,16,20,58,60,65,69,70,87,91,93" m="48203" machi="13" ten="30,2000,0" yaku="18,1,54,1" doraHai="31" who="1" fromWho="0" sc="250,-20,250,20,250,0,250,0" /><INIT seed="1,0,0,5,1,70" ten="230,270,250,250" oya="1" hai0="75,80,81,4,92,95,64,109,117,106,2,5,74" hai1="31,24,102,27,0,124,133,91,7,82,84,9,34" hai2="54,42,85,56,121,72,135,113,57,60,89,108,36" hai3="128,134,41,87,48,30,131,13,39,20,10,23,40"/><U1/><E133/><V45/><F121/><W107/><G107/><T78/><D64/><U125/><E102/><V71/><F135/><W8/><G134/><T63/><D63/><U132/><E132/><V17/><F108/><W103/><G48/><T130/><D109/><U37/><E37/><V6/><F72/><W21/><G30/><T16/><D117/><U76/><E27/><V68/><F6/><W33/><G103/><T25/><D106/><U67/><E67/><V120/><F120/><W105/><G105/><T50/><D130/><U77/><REACH who="1" step="1"/><E0/><REACH who="1" ten="230,260,250,250" step="2"/><V101/><F113/><W66/><G66/><T35/><D2/><U46/><E46/><V44/><F101/><W73/><G39/><T88/><D25/><U123/><E123/><V51/><F45/><W111/><G111/><T19/><D35/><U29/><E29/><V122/><F122/><W14/><G33/><T83/><D50/><U104/><E104/><V61/><F51/><W129/><G73/><T3/><D3/><U18/><E18/><N who="0" m="6697" /><D74/><U118/><E118/><V112/><F17/><W114/><G114/><T32/><D32/><U53/><E53/><V22/><F112/><W62/><G131/><T110/><D110/><U94/><E94/><N who="0" m="35881" /><D75/><U116/><E116/><V58/><F54/><W52/><G52/><T127/><D127/><AGARI ba="0,1" hai="1,7,9,24,31,34,76,77,82,84,91,124,125,127" machi="127" ten="40,3900,0" yaku="1,1,18,1,53,0" doraHai="70" doraHaiUra="12" who="1" fromWho="0" sc="230,-39,260,49,250,0,250,0" /><INIT seed="1,1,0,0,3,69" ten="191,309,250,250" oya="1" hai0="20,89,58,87,65,60,61,19,54,13,74,114,17" hai1="43,44,92,93,107,29,101,48,27,36,33,135,46" hai2="95,128,42,1,131,83,24,90,109,16,125,106,62" hai3="73,130,77,50,59,14,99,6,94,11,79,38,5"/><U22/><E135/><V71/><F106/><W86/><G130/><T133/><D74/><U40/><REACH who="1" step="1"/><E33/><REACH who="1" ten="191,299,250,250" step="2"/><V45/><F131/><W32/><G32/><T97/><D133/><U112/><E112/><V49/><F128/><W39/><G73/><T98/><D114/><U88/><E88/><V68/><F125/><W103/><G79/><T113/><D113/><U25/><E25/><V85/><F24/><W15/><G77/><T76/><D76/><U8/><E8/><V0/><F90/><W104/><G86/><T12/><D87/><U70/><E70/><V82/><F85/><W115/><G115/><T121/><D89/><U31/><E31/><V53/><F71/><W108/><G108/><T120/><D121/><U84/><E84/><V75/><F68/><W23/><G23/><T9/><D120/><U64/><E64/><V4/><F75/><W67/><G67/><T80/><REACH who="0" step="1"/><D80/><REACH who="0" ten="181,299,250,250" step="2"/><U56/><E56/><AGARI ba="1,2" hai="9,12,13,17,19,20,54,56,58,60,61,65,97,98" machi="56" ten="30,7700,0" yaku="1,1,2,1,7,1,8,1,53,0" doraHai="69" doraHaiUra="72" who="0" fromWho="1" sc="181,100,299,-80,250,0,250,0" /><INIT seed="2,0,0,4,1,27" ten="281,219,250,250" oya="2" hai0="8,84,10,78,59,48,15,53,9,36,28,42,50" hai1="85,38,47,87,115,101,121,126,90,109,5,55,94" hai2="106,118,11,108,99,79,20,40,45,72,49,21,133" hai3="75,130,113,97,32,110,107,61,112,51,60,2,81"/><V77/><F118/><W93/><G110/><T34/><D36/><U63/><E109/><V19/><F108/><W57/><G107/><T14/><D34/><U100/><E115/><V88/><F133/><W80/><G2/><T71/><D71/><U35/><E126/><V116/><F116/><W4/><G4/><T12/><D28/><U124/><E124/><V131/><F131/><W127/><G32/><T41/><REACH who="0" step="1"/><D48/><REACH who="0" ten="271,219,250,250" step="2"/><U29/><E121/><V52/><F72/><W105/><G51/><T125/><D125/><U98/><E38/><V89/><F40/><W56/><G127/><T33/><D33/><U44/><E35/><V0/><F21/><W23/><G23/><T7/><D7/><U73/><E5/><V65/><F20/><W62/><G130/><T18/><D18/><U119/><E119/><V103/><F19/><W13/><G113/><T82/><AGARI ba="0,1" hai="8,9,10,12,14,15,41,42,50,53,59,78,82,84" machi="82" ten="40,5200,0" yaku="1,1,0,1,8,1,53,0" doraHai="27" doraHaiUra="17" who="0" fromWho="0" sc="271,62,219,-13,250,-26,250,-13" /><INIT seed="3,0,0,0,4,105" ten="333,206,224,237" oya="3" hai0="30,32,123,13,62,45,118,18,99,65,119,134,104" hai1="50,96,125,108,127,112,89,24,132,86,110,8,106" hai2="10,55,42,9,72,33,12,115,53,16,114,1,71" hai3="94,67,19,21,39,120,23,43,82,121,111,64,131"/><W31/><G131/><T47/><D123/><U75/><E24/><V29/><F71/><W73/><G120/><T113/><D134/><U122/><E8/><V97/><F42/><W54/><G121/><T95/><D113/><U103/><E50/><V80/><F97/><W129/><G129/><T81/><D104/><U51/><E51/><V20/><F114/><W57/><G31/><T74/><D32/><U7/><E7/><N who="2" m="1263" /><F115/><W59/><G23/><T126/><D30/><U4/><E4/><V117/><F117/><W28/><G28/><T90/><D126/><N who="1" m="48139" /><E122/><V83/><F83/><W48/><G59/><T56/><D47/><U15/><E15/><V85/><F10/><W2/><G2/><T58/><D45/><U5/><E5/><V0/><F72/><W69/><G69/><T135/><D135/><U87/><E112/><V130/><F0/><W70/><G70/><T107/><D58/><U92/><E132/><V49/><F49/><W76/><G94/><T93/><D107/><U78/><E87/><V109/><F130/><W133/><G133/><T88/><D18/><U3/><E3/><V14/><F14/><W66/><G111/><T41/><D13/><U17/><E17/><V34/><F109/><W25/><REACH who="3" step="1"/><G43/><REACH who="3" ten="333,206,224,227" step="2"/><T38/><D41/><U102/><E102/><V68/><F68/><W22/><G22/><T6/><D56/><U60/><E60/><V101/><F101/><W77/><G77/><T44/><D62/><U35/><E35/><N who="2" m="13323" /><F29/><W52/><G52/><T27/><D118/><U61/><E61/><V11/><F20/><W100/><G100/><RYUUKYOKU ba="0,1" sc="333,-30,206,10,224,10,227,10" hai1="75,78,86,89,92,96,103,106,108,110" hai2="11,12,16,53,55,80,85" hai3="19,21,25,39,48,54,57,64,66,67,73,76,82" /><INIT seed="3,1,1,0,5,31" ten="303,216,234,237" oya="3" hai0="123,19,68,8,102,16,133,84,89,73,130,80,93" hai1="45,6,39,126,38,35,48,21,46,43,134,55,101" hai2="86,36,116,135,52,97,76,108,54,22,120,122,37" hai3="112,92,103,75,25,110,24,96,69,11,65,104,100"/><W33/><G112/><T66/><D123/><N who="2" m="47146" /><F108/><W60/><G75/><T70/><D133/><U29/><E134/><V26/><F135/><W131/><G131/><T106/><D130/><U119/><E126/><V125/><F125/><W87/><G25/><T47/><D47/><U14/><E119/><V53/><F116/><W57/><G110/><T72/><D72/><U12/><E101/><V74/><F74/><W90/><G103/><T132/><D132/><U63/><E63/><V49/><F49/><W113/><G113/><T95/><D95/><U127/><E127/><V40/><F40/><W91/><G11/><T2/><D2/><U105/><E105/><V64/><F64/><W7/><G7/><T83/><D83/><U1/><E39/><V9/><F9/><W111/><G111/><T62/><D70/><U88/><E1/><V20/><F97/><W10/><G10/><T44/><D44/><U58/><E6/><V3/><F3/><W23/><G23/><N who="2" m="8745" /><F26/><W56/><REACH who="3" step="1"/><G91/><REACH who="3" ten="303,216,234,227" step="2"/><T107/><D8/><U118/><E118/><V5/><F5/><W34/><G34/><T71/><D73/><U28/><E35/><V42/><F76/><W4/><G4/><T77/><D77/><U61/><E88/><V59/><F36/><W129/><G129/><T41/><D89/><U17/><REACH who="1" step="1"/><E12/><REACH who="1" ten="303,206,234,227" step="2"/><V124/><F37/><W50/><G50/><T82/><D102/><U79/><E79/><V13/><F13/><W18/><G18/><T99/><D16/><U94/><E94/><V30/><F124/><W67/><G67/><AGARI ba="1,3" hai="14,17,21,28,29,38,43,45,46,48,55,58,61,67" machi="67" ten="30,2000,0" yaku="1,1,7,1,53,0" doraHai="31" doraHaiUra="121" who="1" fromWho="3" sc="303,0,206,53,234,0,227,-23" /><INIT seed="4,0,0,5,4,40" ten="303,259,234,204" oya="0" hai0="70,123,127,63,46,125,104,68,36,72,11,45,74" hai1="116,83,6,1,80,103,69,49,93,73,120,18,4" hai2="112,31,78,82,65,60,28,35,62,115,66,117,56" hai3="119,99,44,10,131,24,89,121,48,26,43,37,61"/><T100/><D123/><U77/><E120/><V53/><F117/><W22/><G121/><T88/><D36/><U86/><E116/><V97/><F97/><W17/><G131/><T126/><D11/><U12/><E69/><N who="0" m="26729" /><D63/><U118/><E118/><V91/><F91/><W34/><G119/><T107/><D88/><U33/><E33/><V52/><F35/><W58/><G10/><T20/><D20/><U79/><E1/><V59/><F78/><W81/><G37/><T30/><D30/><U110/><E110/><V105/><F105/><N who="0" m="40522" /><D100/><U39/><E39/><V14/><F14/><W101/><G101/><T85/><D85/><U98/><REACH who="1" step="1"/><E49/><REACH who="1" ten="303,249,234,204" step="2"/><V8/><REACH who="2" step="1"/><F8/><AGARI ba="0,1" hai="4,6,8,12,18,73,77,79,80,83,86,93,98,103" machi="8" ten="30,7700,0" yaku="1,1,2,1,7,1,53,1" doraHai="40" doraHaiUra="94" who="1" fromWho="2" sc="303,0,249,87,234,-77,204,0" /><INIT seed="5,0,0,2,5,78" ten="303,336,157,204" oya="1" hai0="81,80,22,38,24,128,61,25,117,49,36,118,67" hai1="14,11,29,2,105,110,125,130,65,135,37,17,93" hai2="66,70,53,119,48,9,127,106,10,23,134,60,26" hai3="5,113,84,131,72,89,27,96,87,50,79,46,133"/><U103/><E37/><V51/><F119/><W116/><G113/><T99/><D128/><U101/><E130/><V77/><F106/><W75/><G131/><T6/><D6/><U7/><E135/><V92/><F134/><W97/><G133/><T18/><D36/><U8/><E125/><V41/><F127/><W62/><G75/><T115/><D38/><U32/><E105/><V102/><F41/><W1/><G72/><T33/><D115/><U52/><E65/><V59/><F51/><W20/><G1/><T21/><D33/><U40/><E40/><V0/><F0/><W28/><G5/><T104/><D49/><U120/><E120/><V108/><F108/><W13/><G13/><T107/><D99/><U57/><E93/><V82/><F102/><W44/><G62/><T34/><D34/><U47/><E47/><V12/><F12/><W74/><G74/><T35/><D35/><U111/><E29/><V114/><F92/><N who="3" m="54311" /><G46/><T64/><D61/><N who="1" m="36007" /><E32/><V43/><F43/><N who="3" m="24863" /><G116/><T98/><D98/><U71/><E71/><V4/><F4/><W76/><G76/><T95/><D95/><U16/><E17/><AGARI ba="0,0" hai="17,18,21,22,24,25,64,67,80,81,104,107,117,118" machi="17" ten="25,6400,0" yaku="22,2,52,2" doraHai="78" who="0" fromWho="1" sc="303,64,336,-64,157,0,204,0" /><INIT seed="6,0,0,4,2,70" ten="367,272,157,204" oya="2" hai0="29,44,34,33,130,112,48,17,128,11,66,125,10" hai1="91,49,42,103,35,4,78,36,46,107,89,47,81" hai2="52,59,30,102,131,58,76,121,134,26,114,2,80" hai3="60,135,32,127,106,96,99,38,25,72,6,79,12"/><V118/><F118/><W3/><G3/><T84/><D112/><U21/><E35/><V111/><F121/><W87/><G72/><T88/><D66/><U14/><E103/><V56/><F2/><W53/><G38/><T20/><D125/><U9/><E21/><V126/><F114/><W101/><G99/><T119/><D10/><U57/><E57/><V41/><F126/><W83/><G135/><T0/><D119/><U13/><E13/><V85/><F134/><W43/><G43/><T105/><D105/><U63/><E63/><V86/><F131/><N who="0" m="50218" /><D29/><U1/><E107/><V31/><F111/><W109/><G109/><T65/><D65/><U22/><E22/><N who="2" m="15703" /><F31/><W7/><G127/><T97/><D97/><U115/><E115/><V50/><F102/><W61/><G61/><T120/><D11/><U39/><E1/><V110/><F110/><W24/><G12/><N who="0" m="9255" /><D120/><U45/><E45/><N who="2" m="25903" /><F86/><W23/><G32/><T28/><D28/><U55/><REACH who="1" step="1"/><E39/><REACH who="1" ten="367,262,157,204" step="2"/><V92/><F92/><W51/><G60/><AGARI ba="0,1" hai="52,56,58,59,60,76,80,85" m="25903,15703" machi="60" ten="30,2900,0" yaku="8,1,54,1" doraHai="70" who="2" fromWho="3" sc="367,0,262,0,157,39,204,-29" /><INIT seed="6,1,0,5,1,6" ten="367,262,196,175" oya="2" hai0="71,130,106,74,35,22,56,54,14,2,116,33,101" hai1="108,27,50,44,67,117,25,31,121,61,95,123,39" hai2="89,79,124,104,41,107,91,32,59,69,94,112,12" hai3="11,17,120,127,37,76,43,96,63,88,86,1,133"/><V70/><F32/><W3/><G120/><N who="1" m="46154" /><E108/><V90/><F112/><W80/><G133/><T125/><D71/><N who="1" m="42479" /><E117/><V0/><F0/><W77/><G127/><T30/><D2/><U68/><E68/><V73/><F124/><W135/><G135/><T82/><D130/><U85/><E39/><V98/><F70/><W19/><G37/><T20/><D116/><U84/><E95/><V5/><F69/><W111/><G43/><T126/><D125/><U83/><E83/><V23/><F41/><W115/><G111/><T72/><D72/><U4/><E4/><V58/><F107/><W87/><G96/><T99/><D126/><U129/><E129/><V102/><F73/><W132/><G132/><T29/><D82/><U13/><E13/><V26/><F79/><W38/><G38/><T9/><D74/><U34/><E27/><V78/><F78/><W49/><G49/><T64/><D64/><U81/><E81/><V131/><F104/><W10/><G80/><T52/><D35/><U36/><E36/><V28/><F131/><W113/><G63/><T119/><D33/><U47/><E47/><V15/><F15/><W48/><G48/><T46/><D46/><U114/><E114/><V51/><F51/><W16/><G19/><T18/><D119/><U21/><E34/><V118/><F118/><W105/><G105/><T57/><D30/><U55/><AGARI ba="1,0" hai="21,25,31,44,50,55,84,85" m="42479,46154" machi="55" ten="30,1100,0" yaku="13,1" doraHai="6" who="1" fromWho="1" sc="367,-4,262,14,196,-6,175,-4" /><INIT seed="7,0,0,1,1,6" ten="363,276,190,171" oya="3" hai0="113,93,124,58,32,78,107,106,68,31,120,13,49" hai1="102,53,43,67,59,84,105,37,48,60,18,103,133" hai2="0,12,111,57,100,86,26,122,41,79,128,23,65" hai3="73,134,135,89,118,90,8,29,121,69,117,11,116"/><W129/><G69/><T110/><D68/><N who="1" m="42087" /><E105/><V1/><F128/><W36/><G129/><T87/><D110/><U24/><E84/><V2/><F111/><W77/><G36/><T40/><D120/><U62/><E62/><V109/><F109/><W39/><G39/><T21/><D32/><U22/><E133/><N who="3" m="50698" /><G121/><T16/><D31/><U54/><E54/><V99/><F122/><W33/><G33/><T108/><D108/><U71/><E71/><V34/><F34/><W112/><G29/><T127/><D113/><U3/><E3/><V47/><F0/><W82/><G112/><T30/><D30/><U7/><E7/><V94/><F1/><W10/><AGARI ba="0,0" hai="8,10,11,73,77,82,89,90,116,117,118" m="50698" machi="10" ten="40,12000,1" yaku="20,1,52,3" doraHai="6" who="3" fromWho="3" sc="363,-40,276,-40,190,-40,171,120" /><INIT seed="7,1,0,5,4,41" ten="323,236,150,291" oya="3" hai0="54,87,52,111,71,109,7,63,77,51,98,61,84" hai1="53,33,30,93,125,0,18,116,118,110,38,94,4" hai2="126,56,103,102,95,65,89,79,100,73,85,114,76" hai3="19,90,122,10,34,11,64,15,107,133,50,82,31"/><W74/><G133/><T132/><D132/><U104/><E110/><V129/><F65/><W6/><G122/><T115/><D115/><U45/><E104/><V12/><F56/><W96/><G64/><T40/><D40/><N who="1" m="22679" /><E125/><V91/><F12/><W5/><G34/><T121/><D121/><U3/><E53/><V48/><F48/><W135/><G31/><T68/><D7/><U1/><E18/><V88/><F126/><W112/><G112/><T44/><D98/><U39/><E39/><V128/><F114/><W130/><G130/><N who="2" m="50281" /><F73/><W59/><G135/><T27/><D27/><N who="1" m="18655" /><E4/><V99/><F91/><W25/><G6/><T47/><D51/><U97/><E97/><V69/><F69/><W46/><G59/><T66/><D66/><U13/><E13/><V106/><F106/><W16/><G19/><T20/><D20/><U127/><E127/><V60/><F60/><W80/><G74/><T81/><D71/><U35/><E35/><V22/><F22/><N who="3" m="13511" /><G11/><T2/><D68/><U55/><E55/><V29/><F29/><W42/><G107/><T92/><D109/><U36/><E36/><V21/><F21/><W49/><G49/><T70/><D70/><U83/><E83/><AGARI ba="1,0" hai="76,79,83,85,88,89,95,99,100,102,103" m="50281" machi="83" ten="30,7700,0" yaku="19,1,34,2,54,1" doraHai="41" who="2" fromWho="1" sc="323,0,236,-80,150,80,291,0" owari="323,42.0,156,-34.0,230,-17.0,291,9.0" /></mjloggm>