<mjloggm ver="2.3"><GO type="169" lobby="0"/><UN n0="%6B%69%6D%38" n1="%58%4B%58%54%4C%50" n2="%E8%80%95%E3%81%99%E3%83%9E%E3%82%B7%E3%83%B3" n3="%64%65%6A%69" dan="18,16,16,16" rate="2209.59,2076.68,2067.14,2117.58" sx="M,M,M,M"/><TAIKYOKU oya="0"/><INIT seed="0,0,0,5,0,127" ten="250,250,250,250" oya="0" hai0="12,93,112,35,114,10,51,6,19,90,33,130,16" hai1="124,103,91,14,117,23,61,134,70,121,11,122,68" hai2="120,71,15,57,54,113,29,24,129,69,79,72,131" hai3="119,85,59,56,62,123,58,36,41,81,49,21,132"/><T48/><D130/><N who="2" m="49674" /><F120/><W118/><G21/><T101/><D101/><U25/><E117/><V133/><F133/><W95/><G95/><T88/><D93/><U42/><E42/><V102/><F113/><W8/><G8/><T3/><D10/><U1/><E1/><V67/><F102/><W125/><G85/><T4/><REACH who="0" step="1"/><D12/><REACH who="0" ten="240,250,250,250" step="2"/><U34/><E14/><V107/><F15/><W106/><G119/><T135/><D135/><U111/><E103/><V26/><F107/><W84/><G106/><T94/><D94/><U116/><E11/><V46/><F46/><W83/><G118/><T126/><D126/><U13/><E116/><V39/><F24/><W28/><G125/><T80/><D80/><U110/><E124/><V75/><F39/><W50/><G36/><T109/><D109/><U5/><E134/><V128/><F128/><W17/><G132/><T18/><D18/><U104/><E104/><V37/><F37/><W82/><G17/><T64/><D64/><U9/><E110/><V30/><F67/><W89/><G123/><T98/><D98/><U99/><E111/><V96/><F96/><W32/><G82/><T0/><AGARI ba="0,1" hai="0,3,4,6,16,19,33,35,48,51,88,90,112,114" machi="0" ten="25,18000,2" yaku="1,1,0,1,22,2,54,2,53,0" doraHai="127" doraHaiUra="115" who="0" fromWho="0" sc="240,190,250,-60,250,-60,250,-60" /><INIT seed="0,1,0,5,2,32" ten="430,190,190,190" oya="0" hai0="91,57,113,58,134,8,119,37,11,107,97,4,129" hai1="13,121,68,60,99,10,93,6,41,20,2,135,85" hai2="23,30,88,35,46,87,100,34,120,15,118,31,47" hai3="65,101,126,19,104,9,130,44,64,67,24,131,43"/><T18/><D113/><U36/><E135/><V84/><F120/><W73/><G73/><T79/><D119/><U51/><E121/><V22/><F100/><W62/><G126/><T54/><D37/><U5/><E36/><V112/><F15/><W7/><G62/><T21/><D129/><U106/><E106/><V29/><F118/><W89/><G89/><T72/><D134/><U81/><E41/><V117/><F117/><W48/><G101/><T127/><D127/><U82/><E51/><V26/><F112/><W39/><G104/><T78/><D72/><U83/><E60/><V33/><F26/><W115/><G115/><T90/><D90/><U55/><E55/><V71/><F88/><W28/><G19/><T74/><D74/><U42/><E42/><V75/><F71/><W125/><G39/><T102/><D91/><N who="1" m="55743" /><E68/><V0/><F0/><W95/><G95/><T56/><D54/><U110/><E2/><V59/><F59/><W133/><G125/><T1/><REACH who="0" step="1"/><D11/><REACH who="0" ten="420,190,190,190" step="2"/><U66/><E10/><V122/><F75/><W17/><G133/><T53/><D53/><U109/><E109/><V76/><F122/><W61/><G130/><T132/><D132/><U128/><E110/><V3/><F76/><W92/><G131/><T114/><D114/><U16/><E128/><V98/><F98/><W108/><G108/><T14/><AGARI ba="1,1" hai="1,4,8,14,18,21,56,57,58,78,79,97,102,107" machi="14" ten="30,6000,0" yaku="1,1,0,1,52,1,53,0" doraHai="32" doraHaiUra="111" who="0" fromWho="0" sc="420,73,190,-21,190,-21,190,-21" /><INIT seed="0,2,0,2,5,13" ten="493,169,169,169" oya="0" hai0="86,106,24,63,15,99,51,100,18,32,125,33,40" hai1="126,44,5,121,2,9,59,8,10,14,69,101,84" hai2="107,70,0,113,109,4,117,98,39,46,17,67,62" hai3="82,65,53,116,132,35,23,16,93,87,36,123,131"/><T29/><D125/><U128/><E69/><V104/><F109/><W57/><G116/><T42/><D33/><U21/><E121/><V3/><F17/><W6/><G36/><T127/><D127/><U94/><E126/><V90/><F90/><W88/><G35/><T95/><D51/><U37/><E128/><V12/><F12/><W47/><G132/><T105/><D63/><U1/><E59/><V34/><F113/><W92/><G131/><T41/><REACH who="0" step="1"/><D86/><REACH who="0" ten="483,169,169,169" step="2"/><U78/><E84/><V71/><F34/><W58/><G123/><T119/><D119/><U120/><E120/><V27/><F117/><W97/><G6/><T75/><D75/><U61/><E5/><V19/><F62/><N who="3" m="38095" /><G47/><T68/><D68/><U20/><E44/><V43/><F71/><W79/><G97/><T110/><D110/><U111/><E61/><V80/><F98/><W31/><G79/><T54/><D54/><U77/><E78/><V108/><F108/><W124/><G124/><T135/><D135/><U60/><E77/><V45/><F45/><W91/><G53/><T38/><D38/><U85/><E37/><V72/><F4/><W55/><G55/><T134/><D134/><U49/><E111/><V52/><F52/><W11/><G58/><T7/><D7/><U66/><E60/><V89/><F72/><W25/><G91/><T130/><D130/><U118/><E118/><V102/><F89/><W76/><G76/><T64/><D64/><U133/><E66/><V103/><F46/><W74/><G74/><T26/><D26/><U22/><E133/><V73/><F73/><RYUUKYOKU ba="2,1" sc="483,15,169,-15,169,-15,169,15" hai0="15,18,24,29,32,40,41,42,95,99,100,105,106" hai3="11,16,23,25,31,82,87,88,92,93" /><INIT seed="0,3,1,0,4,113" ten="498,154,154,184" oya="0" hai0="73,79,37,121,56,62,19,40,10,8,28,30,117" hai1="105,47,126,97,104,123,98,96,61,80,36,55,63" hai2="86,118,90,11,17,53,109,103,76,0,78,134,67" hai3="34,1,92,15,26,42,12,93,85,83,39,107,22"/><T91/><D121/><U132/><E123/><V52/><F109/><W129/><G107/><T122/><D122/><U133/><E126/><V75/><F134/><N who="1" m="51817" /><E80/><V21/><F75/><W130/><G1/><T20/><D117/><U29/><E29/><V120/><F118/><W50/><G39/><T72/><D37/><U38/><E38/><V112/><F67/><W94/><G34/><T124/><D40/><N who="1" m="22919" /><E55/><V31/><F112/><W18/><G42/><T68/><D68/><U108/><E108/><V41/><F31/><W24/><G50/><T74/><D79/><U82/><E82/><V125/><F41/><W9/><G129/><T81/><D124/><U71/><E71/><V127/><F120/><W7/><REACH who="3" step="1"/><G130/><REACH who="3" ten="498,154,154,174" step="2"/><T16/><D73/><U4/><E105/><V25/><F127/><W51/><G51/><T111/><D74/><U14/><E104/><V33/><F33/><W60/><G60/><T3/><D72/><U57/><E63/><V84/><F125/><W46/><G46/><T6/><D111/><U110/><E110/><V27/><F0/><W89/><AGARI ba="3,2" hai="7,9,12,15,18,22,24,26,83,85,89,92,93,94" machi="89" ten="30,4000,0" yaku="1,1,0,1,8,1,53,0" doraHai="113" doraHaiUra="114" who="3" fromWho="3" sc="498,-23,154,-13,154,-13,174,69" /><INIT seed="1,0,0,0,1,51" ten="475,141,141,243" oya="1" hai0="79,81,105,41,54,43,129,78,6,61,44,109,15" hai1="65,62,52,124,69,73,99,33,0,60,28,66,35" hai2="22,116,128,119,98,18,115,117,83,17,32,120,10" hai3="76,34,8,100,50,85,70,39,133,5,4,103,107"/><U53/><E124/><V3/><F83/><W130/><G39/><T126/><D109/><U46/><E73/><V118/><F98/><W16/><G130/><T112/><D112/><U45/><E28/><V2/><F32/><W47/><G70/><T111/><D111/><U90/><E99/><V21/><F128/><W37/><G37/><T106/><D126/><U134/><E90/><V75/><F75/><W135/><G34/><T122/><D122/><U114/><E114/><V102/><F102/><W96/><G100/><T94/><D94/><U113/><E113/><V9/><F116/><W87/><G5/><T57/><D129/><U92/><E92/><V25/><F120/><W95/><G16/><N who="2" m="6249" /><F115/><W29/><G29/><T24/><D24/><U11/><E11/><N who="2" m="4107" /><F25/><W64/><G107/><T86/><D105/><U12/><E12/><V71/><F71/><W110/><G110/><T48/><D106/><U55/><E0/><AGARI ba="0,0" hai="0,2,3,21,22,117,118,119" m="4107,6249" machi="0" ten="40,8000,1" yaku="28,2,34,2,54,1" doraHai="51" who="2" fromWho="1" sc="475,0,141,-80,141,80,243,0" /><INIT seed="2,0,0,3,5,54" ten="475,61,221,243" oya="2" hai0="33,30,31,37,68,0,86,99,25,38,66,109,43" hai1="85,88,5,87,129,84,56,114,134,57,135,51,89" hai2="107,60,44,50,97,59,123,120,108,22,3,15,47" hai3="117,133,61,91,113,14,39,35,112,67,62,79,124"/><V96/><F3/><W73/><G117/><T23/><D109/><U58/><E114/><V16/><F108/><W122/><G122/><T102/><D0/><U40/><E129/><V95/><F107/><W115/><G133/><N who="1" m="50698" /><E5/><V125/><F125/><W27/><G124/><T130/><D43/><U8/><E8/><V93/><F123/><W7/><G39/><T53/><D86/><U94/><E94/><N who="2" m="35851" /><F120/><W82/><G91/><N who="1" m="34890" /><E40/><N who="2" m="24839" /><F47/><W20/><G35/><T116/><D33/><U105/><E105/><V132/><F132/><W81/><G81/><T69/><D130/><U72/><E72/><V42/><F42/><W103/><G103/><T13/><D102/><U63/><E51/><V64/><AGARI ba="0,0" hai="15,16,22,59,60,64,96,97" m="24839,35851" machi="64" ten="30,6000,0" yaku="8,1,52,1,54,1" doraHai="54" who="2" fromWho="2" sc="475,-20,61,-20,221,60,243,-20" /><INIT seed="2,1,0,0,3,105" ten="455,41,281,223" oya="2" hai0="19,87,128,60,42,56,124,54,89,70,88,59,120" hai1="48,37,13,95,77,93,23,30,38,84,49,17,127" hai2="102,33,110,16,114,134,4,81,133,44,20,125,50" hai3="63,122,22,18,28,14,119,12,92,101,71,0,131"/><V75/><F33/><W46/><G122/><T55/><D120/><U10/><E127/><V26/><F125/><W40/><G119/><T6/><D124/><U68/><E68/><V74/><F114/><W47/><G0/><T99/><D6/><U123/><E123/><V104/><F110/><W118/><G118/><T57/><D128/><U1/><E38/><V69/><F69/><W115/><G131/><T2/><D2/><U117/><E37/><V51/><F4/><W98/><G115/><T52/><D42/><U34/><E117/><V85/><F102/><W100/><G100/><T108/><D108/><U111/><E111/><V73/><F104/><W25/><G14/><T15/><D99/><U76/><E1/><V21/><F21/><W39/><G47/><T112/><D112/><U135/><E34/><V83/><F50/><W45/><G46/><T94/><D89/><U5/><E30/><V41/><REACH who="2" step="1"/><F83/><REACH who="2" ten="455,41,271,223" step="2"/><W130/><G130/><T82/><D70/><U129/><E129/><V8/><F8/><W72/><G71/><T96/><D82/><U109/><E109/><V90/><AGARI ba="1,1" hai="16,20,26,41,44,51,73,74,75,81,85,90,133,134" machi="90" ten="40,18000,2" yaku="1,1,0,1,52,3,54,1,53,0" doraHai="105" doraHaiUra="67" who="2" fromWho="2" sc="455,-61,41,-61,271,193,223,-61" owari="394,19.0,-20,-52.0,464,57.0,162,-24.0" /></mjloggm>