<mjloggm ver="2.3"><GO type="169" lobby="0"/><UN n0="%E3%82%A8%E3%83%83%E3%83%95%E3%82%A7%E3%83%AB%E5%A1%94" n1="%E8%B0%B7%E5%8F%A3%E3%81%93%E3%81%86%E3%81%B8%E3%81%84" n2="%E6%82%A0%E3%80%85%2E" n3="%E3%83%9C%E3%83%9E%E3%83%BC" dan="16,18,16,16" rate="2079.13,2305.50,2128.70,2213.85" sx="M,M,M,M"/><TAIKYOKU oya="0"/><INIT seed="0,0,0,1,0,85" ten="250,250,250,250" oya="0" hai0="104,130,120,50,6,113,10,64,48,129,66,97,49" hai1="51,117,14,68,22,65,93,133,19,20,116,29,1" hai2="5,81,118,122,76,40,92,46,70,98,58,105,115" hai3="21,3,124,11,0,55,91,99,60,132,7,125,74"/><T121/><D113/><U86/><E1/><V112/><F70/><W45/><G74/><T123/><D104/><U108/><E108/><V111/><F122/><W17/><G0/><T23/><D23/><U82/><E133/><V114/><F111/><W56/><G45/><T73/><D73/><U95/><E117/><V134/><F134/><W47/><G47/><T37/><D37/><U38/><E38/><V25/><F118/><W39/><G39/><T75/><D75/><U31/><E116/><V126/><F105/><W36/><G36/><T30/><D30/><U101/><E68/><V53/><F126/><W77/><G77/><T41/><D97/><U12/><E65/><V44/><F5/><W16/><G132/><T59/><D59/><U88/><E51/><V13/><F40/><W57/><G57/><T106/><D106/><U9/><E101/><V2/><F58/><W103/><G103/><T63/><D63/><U84/><E95/><V127/><F92/><N who="3" m="56735" /><G21/><N who="1" m="8298" /><E14/><V119/><F13/><W131/><G131/><N who="0" m="50187" /><D41/><U26/><E26/><V79/><F25/><W109/><G109/><T24/><D24/><U15/><E12/><AGARI ba="0,0" hai="6,10,12,48,49,50,64,66,120,121,123" m="50187" machi="12" ten="40,2000,0" yaku="19,1" doraHai="85" who="0" fromWho="1" sc="250,20,250,-20,250,0,250,0" /><INIT seed="0,1,0,0,3,104" ten="270,230,250,250" oya="0" hai0="30,35,125,54,75,61,120,97,96,14,108,102,52" hai1="83,71,49,34,21,68,57,66,93,27,22,87,6" hai2="7,121,74,89,58,47,8,109,72,3,110,46,84" hai3="51,127,90,18,65,115,122,33,116,25,99,31,59"/><T53/><D120/><U55/><E34/><V105/><F105/><W29/><G116/><T112/><D112/><U48/><E6/><V134/><F134/><W85/><G115/><T81/><D125/><U50/><E22/><V44/><F58/><W26/><G18/><T98/><D108/><N who="2" m="41578" /><F121/><W114/><G114/><T107/><D14/><U40/><E66/><V135/><F135/><W77/><G122/><T128/><D128/><U45/><E93/><AGARI ba="1,0" hai="3,7,8,44,46,47,72,74,84,89,93" m="41578" machi="93" ten="30,3900,0" yaku="14,1,52,2" doraHai="104" who="2" fromWho="1" sc="270,0,230,-42,250,42,250,0" /><INIT seed="1,0,0,3,4,8" ten="270,188,292,250" oya="1" hai0="41,120,109,126,35,62,36,86,53,85,56,132,46" hai1="13,57,112,55,114,7,60,24,22,104,87,131,50" hai2="27,43,39,11,105,118,58,106,33,76,71,52,91" hai3="0,73,117,64,96,34,67,75,19,48,61,80,63"/><U95/><E104/><V12/><F71/><W123/><G34/><T119/><D35/><U26/><E131/><V130/><F76/><W93/><G0/><T17/><D119/><U40/><E114/><V101/><F118/><W70/><G123/><T82/><D120/><U42/><E112/><V103/><F91/><W59/><G80/><T74/><D126/><U125/><E125/><V124/><F130/><W127/><G127/><T4/><D132/><U66/><E26/><V21/><F33/><W2/><G2/><T113/><D113/><U23/><E95/><V31/><F124/><W20/><G48/><T65/><D109/><U68/><E87/><V25/><F25/><W128/><G128/><T115/><D115/><U77/><E77/><V111/><F111/><W108/><G108/><T83/><D17/><U5/><E5/><V79/><F79/><W54/><G64/><T9/><D74/><U94/><E94/><V32/><F32/><W47/><G47/><T29/><D29/><U78/><E78/><V134/><F134/><W107/><G107/><T28/><D28/><U110/><E110/><V37/><F105/><W10/><G10/><T1/><D65/><U44/><E24/><V100/><F106/><W84/><G84/><T16/><D16/><U122/><E122/><V135/><F135/><W45/><G45/><T72/><D72/><U14/><E7/><V18/><REACH who="2" step="1"/><F43/><REACH who="2" ten="270,188,282,250" step="2"/><N who="1" m="16425" /><E68/><V3/><F3/><W51/><G117/><T81/><AGARI ba="0,1" hai="1,4,9,36,41,46,53,56,62,81,82,83,85,86" machi="81" ten="30,1100,0" yaku="0,1" doraHai="8" who="0" fromWho="0" sc="270,21,188,-5,282,-3,250,-3" /><INIT seed="2,0,0,5,1,109" ten="291,183,279,247" oya="2" hai0="65,95,78,62,119,105,75,124,93,131,21,2,92" hai1="100,84,70,117,11,116,64,72,129,9,82,0,71" hai2="16,132,79,66,87,67,36,126,73,103,40,48,33" hai3="25,26,55,8,23,80,77,120,113,97,37,41,20"/><V46/><F33/><W74/><G120/><T34/><D34/><U102/><E72/><V49/><F132/><W61/><G97/><T107/><D2/><U50/><E50/><V22/><F73/><W115/><G8/><T123/><D21/><N who="3" m="8265" /><G41/><T133/><D62/><U91/><E129/><V13/><F126/><W38/><G55/><T35/><D65/><U130/><E130/><V51/><REACH who="2" step="1"/><F103/><REACH who="2" ten="291,183,269,247" step="2"/><W112/><G61/><T96/><D124/><U83/><E102/><V81/><AGARI ba="0,1" hai="13,16,22,36,40,46,48,49,51,66,67,79,81,87" machi="81" ten="30,12000,1" yaku="1,1,2,1,0,1,54,1,53,1" doraHai="109" doraHaiUra="10" who="2" fromWho="2" sc="291,-40,183,-40,269,130,247,-40" /><INIT seed="2,1,0,0,5,9" ten="251,143,399,207" oya="2" hai0="117,92,14,47,49,29,63,5,58,88,94,67,86" hai1="28,59,42,40,115,4,98,37,131,7,1,93,78" hai2="57,106,112,50,113,44,76,2,111,48,39,69,46" hai3="22,122,16,110,80,36,6,51,12,41,108,32,60"/><V120/><F106/><W11/><G32/><T132/><D132/><U65/><E115/><V66/><F2/><W105/><G122/><T45/><D117/><U68/><E68/><V27/><F76/><W54/><G105/><T20/><D29/><U129/><E78/><V84/><F84/><W38/><G80/><T30/><D30/><U126/><E28/><V35/><F27/><N who="3" m="14791" /><G60/><T91/><D49/><U15/><E1/><V121/><F35/><W99/><G41/><N who="1" m="15978" /><E37/><V135/><F39/><W19/><G99/><N who="0" m="57735" /><D20/><U81/><E81/><V130/><F69/><W125/><G125/><T43/><D43/><U97/><E126/><V95/><F113/><W24/><G24/><T75/><D75/><U72/><E72/><V90/><F112/><W18/><G38/><T64/><D64/><U8/><E98/><V62/><F120/><W85/><G85/><T124/><D124/><U107/><E107/><V96/><F121/><W134/><G36/><T74/><D74/><U55/><E65/><V127/><F127/><W10/><G134/><T102/><D102/><N who="1" m="60719" /><E131/><V70/><F130/><W25/><G25/><T33/><D33/><U89/><E129/><V13/><F135/><W61/><G10/><AGARI ba="1,0" hai="5,10,14,45,47,58,63,67,86,91,94" m="57735" machi="10" ten="30,3900,0" yaku="8,1,52,1,54,1" doraHai="9" who="0" fromWho="3" sc="251,42,143,0,399,0,207,-42" /><INIT seed="3,0,0,4,5,39" ten="293,143,399,165" oya="3" hai0="133,63,84,13,29,21,127,26,108,121,36,67,109" hai1="104,87,69,32,16,98,30,94,50,89,130,0,75" hai2="128,111,96,105,6,1,123,9,42,86,80,72,37" hai3="64,134,131,92,14,95,11,71,54,35,122,110,106"/><W58/><G35/><T79/><D121/><U49/><E130/><V119/><F119/><W124/><G122/><T76/><D127/><U52/><E0/><V25/><F111/><W34/><G106/><T5/><D36/><U23/><E69/><V45/><F123/><W20/><G34/><T93/><D133/><U62/><E75/><V53/><F25/><W8/><G134/><T120/><D120/><U15/><E32/><V46/><F128/><W57/><G124/><T81/><D93/><U91/><E30/><V2/><F2/><W90/><G71/><T47/><D47/><U43/><E43/><V12/><F12/><W59/><G131/><T132/><D79/><U117/><E117/><V41/><F53/><W102/><G64/><T60/><D132/><U65/><E65/><V17/><F17/><N who="3" m="10295" /><G54/><T103/><D103/><U125/><E125/><V4/><F4/><W44/><G44/><T114/><D114/><U77/><E77/><V22/><F72/><W19/><G19/><T24/><D24/><U56/><E104/><V66/><F66/><W74/><G74/><T115/><D115/><U97/><E97/><V101/><F37/><W82/><G110/><N who="0" m="42603" /><D67/><U55/><E55/><V113/><F113/><W48/><G48/><T99/><D99/><U38/><E38/><V33/><F33/><W3/><G3/><T68/><D68/><U73/><E73/><V18/><F46/><W70/><G70/><T27/><D27/><U61/><E50/><V51/><F51/><W85/><G102/><T10/><AGARI ba="0,0" hai="5,10,13,21,26,29,60,63,76,81,84" m="42603" machi="10" ten="30,1100,0" yaku="14,1" doraHai="39" who="0" fromWho="0" sc="293,11,143,-3,399,-3,165,-5" /><INIT seed="4,0,0,5,4,13" ten="304,140,396,160" oya="0" hai0="128,74,99,106,34,64,126,22,107,27,58,92,3" hai1="121,51,31,37,39,96,60,108,67,41,29,45,97" hai2="20,65,120,105,127,11,48,135,122,53,14,32,44" hai3="115,25,130,7,81,100,86,132,133,116,57,35,111"/><T33/><D3/><U85/><E108/><V8/><F105/><W91/><G7/><T117/><D117/><U104/><E121/><V62/><F32/><W87/><G35/><T76/><D34/><U129/><E129/><V28/><F135/><N who="3" m="51787" /><G57/><T43/><D43/><U52/><E85/><V6/><F127/><W77/><G25/><T69/><D69/><U109/><E109/><V82/><F28/><W95/><G111/><T38/><D38/><U68/><E39/><V59/><F20/><W73/><G116/><T40/><D40/><U54/><E54/><V89/><F8/><W70/><G70/><T123/><D123/><U134/><E134/><V23/><F23/><W50/><G50/><T5/><D5/><U103/><REACH who="1" step="1"/><E96/><REACH who="1" ten="304,130,396,160" step="2"/><V114/><F122/><W46/><G130/><T78/><D128/><U72/><E72/><V16/><F120/><W83/><G46/><AGARI ba="0,1" hai="29,31,37,41,45,46,51,52,60,67,68,97,103,104" machi="46" ten="30,3900,0" yaku="1,1,7,1,54,1,53,0" doraHai="13" doraHaiUra="0" who="1" fromWho="3" sc="304,0,130,49,396,0,160,-39" /><INIT seed="5,0,0,4,0,3" ten="304,179,396,121" oya="1" hai0="89,18,44,20,35,51,72,103,57,123,46,82,43" hai1="93,23,133,33,130,76,81,39,62,1,107,27,16" hai2="28,115,54,40,74,38,128,91,104,116,0,34,37" hai3="98,10,13,24,83,97,8,4,58,114,29,121,61"/><U48/><E39/><V120/><RYUUKYOKU type="yao9" ba="0,0" sc="304,0,179,0,396,0,121,0" hai2="0,28,34,37,38,40,54,74,91,104,115,116,120,128" /><INIT seed="5,1,0,1,2,44" ten="304,179,396,121" oya="1" hai0="105,113,88,83,48,64,119,36,15,45,92,66,5" hai1="72,84,30,42,2,99,22,85,26,13,17,90,32" hai2="46,41,98,61,63,31,115,29,101,23,131,50,116" hai3="130,103,107,62,86,74,106,47,11,19,75,70,16"/><U128/><E128/><V39/><F116/><W121/><G121/><T59/><D119/><U27/><E72/><V25/><F131/><W3/><G130/><T57/><D105/><U80/><E2/><V91/><F115/><W65/><G86/><T123/><D36/><U33/><E42/><V127/><F127/><W110/><G110/><T56/><D83/><U38/><E38/><V69/><F69/><W35/><G35/><T49/><D113/><U71/><E71/><V51/><F91/><W104/><G103/><T97/><D123/><U58/><E58/><V108/><F108/><W118/><G118/><T114/><D114/><U112/><E112/><V34/><F39/><W125/><G125/><T109/><D109/><U73/><E73/><V10/><F10/><W79/><G74/><T93/><D93/><U129/><E129/><V21/><F50/><N who="0" m="19562" /><D45/><U28/><E85/><V111/><F111/><W52/><G79/><T24/><D24/><U55/><E55/><V60/><REACH who="2" step="1"/><F31/><REACH who="2" ten="304,179,386,121" step="2"/><W1/><G11/><AGARI ba="1,1" hai="5,11,15,56,57,59,64,66,88,92,97" m="19562" machi="11" ten="30,8000,1" yaku="8,1,52,3,54,1" doraHai="44" who="0" fromWho="3" sc="304,93,179,0,386,0,121,-83" /><INIT seed="6,0,0,4,2,121" ten="397,179,386,38" oya="2" hai0="27,17,48,12,109,99,30,52,94,124,56,8,10" hai1="101,92,34,82,118,50,90,88,13,75,133,128,6" hai2="115,1,11,21,35,81,40,131,114,110,3,38,60" hai3="117,116,68,127,91,51,105,47,129,16,57,107,25"/><V76/><F35/><W69/><G127/><T61/><D124/><U37/><E37/><V73/><F131/><W103/><G129/><T78/><D109/><U24/><E128/><V14/><F110/><W134/><G134/><T15/><D78/><U87/><E118/><V33/><F21/><W122/><G122/><T9/><D48/><U49/><E101/><V89/><F89/><W46/><G91/><T41/><D41/><U130/><E130/><V67/><F33/><W0/><G0/><T23/><REACH who="0" step="1"/><D30/><REACH who="0" ten="387,179,386,38" step="2"/><U28/><E50/><V43/><F43/><W5/><G51/><T70/><D70/><U4/><E133/><V132/><F132/><W72/><G69/><T102/><AGARI ba="0,1" hai="8,9,10,12,15,17,23,27,52,56,61,94,99,102" machi="102" ten="30,7900,0" yaku="1,1,0,1,8,1,54,1,53,0" doraHai="121" doraHaiUra="71" who="0" fromWho="0" sc="387,89,179,-20,386,-39,38,-20" /><INIT seed="7,0,0,5,5,107" ten="476,159,347,18" oya="3" hai0="25,34,67,38,35,5,54,80,22,56,116,119,50" hai1="45,85,123,20,117,94,91,29,66,7,30,124,135" hai2="78,118,33,90,42,132,86,52,114,89,77,127,16" hai3="101,111,47,100,44,131,58,15,19,122,129,31,57"/><W48/><G122/><T134/><D38/><U26/><E123/><V130/><F33/><W8/><G31/><T106/><D106/><U63/><E117/><V43/><F118/><W121/><G121/><T13/><D67/><U0/><E124/><V126/><F132/><W60/><G111/><T82/><D82/><U39/><E135/><V74/><F130/><N who="3" m="49675" /><G47/><T18/><D80/><U128/><E128/><V84/><F114/><W27/><G27/><T93/><D93/><U102/><E102/><N who="3" m="39530" /><G60/><T14/><D25/><U12/><E0/><V92/><F127/><W23/><G23/><T110/><D22/><U68/><E30/><V96/><F126/><W65/><G65/><T1/><D110/><U87/><E39/><V69/><F42/><AGARI ba="0,0" hai="8,15,19,42,44,48,57,58" m="39530,49675" machi="42" ten="30,1500,0" yaku="19,1" doraHai="107" who="3" fromWho="2" sc="476,0,159,0,347,-15,18,15" /><INIT seed="7,1,0,0,4,76" ten="476,159,332,33" oya="3" hai0="65,19,30,32,99,128,108,110,57,58,8,86,101" hai1="51,80,84,95,29,63,60,31,67,82,17,64,56" hai2="78,118,93,106,132,53,122,9,59,7,52,92,100" hai3="81,11,48,40,89,90,121,113,20,34,107,26,71"/><W44/><G71/><T36/><D36/><U74/><E74/><V22/><F118/><W46/><G121/><T111/><D65/><U35/><E35/><V38/><F132/><W126/><G107/><T96/><D96/><U28/><E51/><V1/><F38/><W133/><G133/><T124/><D86/><U10/><E63/><V73/><F122/><W50/><G34/><T33/><D19/><U70/><E70/><V134/><F134/><W15/><G126/><T14/><D14/><N who="1" m="7383" /><E67/><V24/><F78/><W12/><G113/><T98/><D98/><U21/><E21/><V4/><F73/><W42/><G15/><T116/><D101/><U75/><E75/><V61/><F7/><W66/><G66/><T37/><D128/><U129/><E129/><V87/><F53/><W125/><G125/><T13/><D13/><U16/><E16/><V41/><F41/><W18/><REACH who="3" step="1"/><G81/><REACH who="3" ten="476,159,332,23" step="2"/><T112/><D124/><U104/><E104/><V2/><F106/><W72/><G72/><T103/><D112/><U77/><E80/><V49/><F1/><W62/><G62/><T105/><D105/><U123/><E123/><V85/><F61/><W131/><G131/><T39/><D33/><U68/><E68/><V69/><F69/><W55/><G55/><T43/><D32/><U135/><E135/><V27/><F2/><W88/><G88/><T91/><D91/><U109/><E109/><V120/><F52/><W25/><G25/><T47/><D111/><U119/><E119/><V117/><F117/><W127/><G127/><T54/><D110/><U0/><E0/><RYUUKYOKU ba="1,1" sc="476,-15,159,15,332,-15,23,15" hai1="28,29,31,56,60,64,77,82,84,95" hai3="11,12,18,20,26,40,42,44,46,48,50,89,90" /><INIT seed="7,2,1,1,2,109" ten="461,174,317,38" oya="3" hai0="125,82,65,76,14,89,132,9,59,95,90,120,70" hai1="27,15,131,36,75,84,93,94,99,17,44,50,104" hai2="117,40,114,60,112,19,96,49,25,31,130,43,8" hai3="73,92,107,47,24,2,57,29,20,80,0,13,115"/><W23/><G107/><T71/><D120/><U78/><E36/><V79/><F117/><W33/><G47/><T74/><D90/><N who="1" m="53447" /><E104/><V63/><F79/><W42/><G42/><T30/><D30/><U86/><E75/><V6/><F130/><W83/><G57/><T68/><D59/><U56/><E131/><V118/><F19/><N who="3" m="10351" /><G92/><T66/><D125/><U108/><E108/><V21/><F118/><W1/><G83/><T135/><D14/><U98/><E27/><V127/><F127/><W26/><G80/><T129/><D9/><N who="1" m="6383" /><E56/><V45/><F43/><W54/><G73/><T121/><D121/><U10/><E10/><V106/><F60/><W102/><G102/><T18/><D18/><U97/><E78/><V111/><F96/><W4/><G54/><T103/><D103/><N who="1" m="60855" /><E86/><V35/><F106/><W58/><G58/><T119/><D119/><U51/><E50/><V16/><F40/><AGARI ba="2,1" hai="40,44,51,98,99" m="60855,6383,53447" machi="40" ten="30,1000,0" yaku="8,1" doraHai="109" who="1" fromWho="2" sc="461,0,174,26,317,-16,38,0" owari="461,56.0,200,-20.0,301,10.0,38,-46.0" /></mjloggm>