<mjloggm ver="2.3"><GO type="185" lobby="0"/><UN n0="%E9%80%9F%E8%A6%8B%E5%B9%B8%E4%B8%80" n1="%E9%BA%BB%E7%94%9F%E9%9B%80%E5%AD%90" n2="%6E%65%6F%E3%82%BD%E3%83%83%E3%82%AF%E3%82%B9%E2%99%AA" n3="" dan="17,16,18,0" rate="2067.03,2125.55,2252.47,1500.00" sx="M,F,M,C"/><TAIKYOKU oya="0"/><INIT seed="0,0,0,3,3,113" ten="350,350,350,0" oya="0" hai0="77,101,60,70,71,64,98,96,107,86,117,43,89" hai1="94,53,76,119,79,118,48,111,65,51,100,128,73" hai2="112,124,126,114,103,41,87,104,82,38,61,90,122" hai3=""/><T67/><D77/><U108/><E65/><V116/><N who="2" m="31264" /><V80/><F116/><N who="1" m="44585" /><E128/><V69/><F104/><T32/><D117/><U134/><E48/><V52/><F103/><T93/><D43/><U120/><N who="1" m="30752" /><U95/><E134/><V129/><F129/><T47/><D47/><U75/><E51/><V84/><F38/><T33/><D96/><U132/><E53/><V35/><F35/><T50/><REACH who="0" step="1"/><D50/><REACH who="0" ten="340,350,350,0" step="2"/><U34/><E34/><V3/><F41/><T135/><D135/><U121/><N who="1" m="31008" /><U81/><E132/><V42/><F42/><T2/><D2/><U85/><E100/><V44/><F44/><T92/><D92/><N who="1" m="35371" /><E76/><V88/><F3/><T72/><D72/><AGARI ba="0,1" hai="72,73,75,79,81,85,108,111" m="35371,31008,30752,44585" machi="72" ten="40,12000,2" yaku="34,2,52,5" doraHai="113" who="1" fromWho="0" sc="340,-120,350,130,350,0,0,0" /><INIT seed="1,0,0,5,1,106" ten="220,480,350,0" oya="1" hai0="104,32,108,39,120,35,132,63,44,111,94,75,1" hai1="56,78,43,3,0,65,50,73,116,118,40,60,134" hai2="127,91,53,88,105,85,52,72,34,67,95,66,81" hai3=""/><U99/><E40/><V70/><F34/><T51/><N who="0" m="30752" /><T69/><D1/><U84/><E84/><V89/><F105/><T97/><D104/><U90/><E134/><V36/><F127/><T117/><D39/><U41/><E41/><V58/><F70/><T92/><D132/><U76/><E76/><V77/><F36/><T123/><N who="0" m="31520" /><T68/><D117/><U74/><E78/><V115/><F115/><T83/><D63/><U37/><E37/><V109/><F109/><N who="0" m="42058" /><D68/><U113/><E113/><V62/><REACH who="2" step="1"/><F53/><REACH who="2" ten="220,480,340,0" step="2"/><T80/><D69/><U49/><E3/><V42/><F42/><T102/><D35/><U135/><E43/><V126/><F126/><T130/><D32/><U114/><E114/><V133/><F133/><T54/><D130/><U47/><E135/><V61/><F61/><T128/><D128/><U129/><E129/><V93/><F93/><T87/><D94/><U96/><E60/><V121/><N who="2" m="31008" /><V98/><F98/><T45/><D54/><U125/><E125/><V119/><F119/><T33/><D92/><U55/><E55/><V79/><F79/><T110/><D110/><U107/><E116/><V131/><F131/><T2/><D33/><U46/><E118/><V64/><AGARI ba="0,1" hai="52,58,62,64,66,67,72,77,81,85,88,89,91,95" m="31008" machi="64" ten="30,9000,2" yaku="1,1,5,1,0,1,52,2,54,2,53,0" doraHai="106" doraHaiUra="112" who="2" fromWho="2" sc="220,-30,480,-60,340,100,0,0" /><INIT seed="2,0,0,4,2,101" ten="190,420,440,0" oya="2" hai0="37,70,57,3,80,110,105,132,76,90,66,91,119" hai1="43,123,78,33,134,129,108,126,92,65,102,114,32" hai2="61,62,56,49,131,50,77,82,48,1,121,113,0" hai3=""/><V54/><N who="2" m="31008" /><V60/><F113/><T42/><D119/><U88/><N who="1" m="31520" /><U2/><E2/><V106/><F106/><T99/><D110/><U47/><E114/><V85/><REACH who="2" step="1"/><F131/><REACH who="2" ten="190,420,430,0" step="2"/><T39/><D105/><U116/><E129/><V130/><F130/><T34/><D3/><AGARI ba="0,1" hai="0,1,3,48,49,50,54,56,60,61,62,77,82,85" m="31008" machi="3" ten="40,3900,0" yaku="1,1,52,1,53,0" doraHai="101" doraHaiUra="96" who="2" fromWho="0" sc="190,-39,420,0,430,49,0,0" /><INIT seed="2,1,0,1,2,97" ten="151,420,479,0" oya="2" hai0="53,58,42,83,57,79,51,47,109,111,78,124,56" hai1="116,61,69,98,94,67,3,0,127,123,70,114,134" hai2="113,90,105,126,63,132,91,108,65,120,50,112,101" hai3=""/><V41/><N who="2" m="30752" /><V64/><F132/><T102/><D124/><U86/><N who="1" m="31520" /><U88/><E127/><V38/><F38/><T104/><D78/><U60/><E114/><V73/><F126/><T72/><D42/><U107/><E116/><V115/><F73/><T45/><D45/><U74/><E74/><V117/><F117/><T82/><D82/><U43/><E43/><V119/><F119/><T48/><D48/><U2/><E134/><V81/><F108/><N who="0" m="41546" /><D104/><U103/><REACH who="1" step="1"/><E61/><REACH who="1" ten="151,410,479,0" step="2"/><V76/><F113/><T84/><D72/><U34/><E34/><V122/><N who="2" m="31264" /><V54/><F115/><T59/><N who="0" m="14336" /><DORA hai="32" /><T130/><D130/><U80/><E80/><V36/><F112/><T77/><D77/><U99/><E99/><V55/><F63/><T62/><D62/><U131/><E131/><V46/><F81/><T35/><D35/><U133/><E133/><V95/><F41/><T68/><D68/><AGARI ba="1,1" hai="0,2,3,60,67,68,69,70,86,88,94,98,103,107" m="31520" machi="68" ten="40,16000,3" yaku="1,1,52,5,54,1,53,2" doraHai="97,32" doraHaiUra="85,87" who="1" fromWho="0" sc="151,-162,410,172,479,0,0,0" owari="-11,-61.0,582,53.0,479,8.0,0,0.0" /></mjloggm>