<mjloggm ver="2.3"><GO type="185" lobby="0"/><UN n0="%E3%82%A2%E3%83%AA%E3%82%A2%E3%83%AA%E5%90%9B" n1="%4E%45%47%49%54%53" n2="%4F%4D%49%53%4F%2D%53" n3="" dan="16,18,16,0" rate="2214.86,2296.82,2196.46,1500.00" sx="M,F,M,C"/><TAIKYOKU oya="0"/><INIT seed="0,0,0,5,5,56" ten="350,350,350,0" oya="0" hai0="66,38,45,101,120,112,40,87,2,107,110,46,130" hai1="41,69,62,61,75,42,80,34,84,35,105,95,47" hai2="81,122,85,82,126,106,65,91,90,118,57,55,89" hai3=""/><T111/><N who="0" m="30752" /><T49/><D2/><U124/><E105/><V33/><N who="2" m="31264" /><V135/><F33/><T3/><D3/><U44/><E75/><V51/><F126/><T103/><D112/><U86/><E69/><V79/><F135/><T72/><D72/><U59/><E124/><V67/><F118/><T63/><D130/><U129/><E95/><V134/><F134/><T77/><D87/><U115/><E59/><V121/><N who="2" m="31008" /><V64/><REACH who="2" step="1"/><F106/><REACH who="2" ten="350,350,340,0" step="2"/><T54/><D107/><U32/><E32/><V123/><N who="2" m="31520" /><V1/><F1/><T70/><REACH who="0" step="1"/><D77/><REACH who="0" ten="340,350,340,0" step="2"/><U96/><E34/><V36/><F36/><T133/><D133/><U131/><E35/><V88/><F88/><T114/><D114/><U93/><E115/><V125/><F125/><T74/><D74/><AGARI ba="0,2" hai="51,55,57,64,65,67,74,79,81,82,85,89,90,91" m="31520,31008,31264" machi="74" ten="40,8000,1" yaku="1,1,52,3,53,0" doraHai="56" doraHaiUra="97" who="2" fromWho="0" sc="340,-80,350,0,340,100,0,0" /><INIT seed="1,0,0,0,1,63" ten="260,350,440,0" oya="1" hai0="74,3,55,58,53,48,46,40,131,67,103,129,98" hai1="105,2,33,59,89,94,95,77,135,123,117,128,104" hai2="134,51,82,41,52,106,47,37,78,76,69,115,35" hai3=""/><U113/><N who="1" m="31520" /><U65/><E2/><V125/><F35/><T71/><D3/><U100/><E33/><V64/><F125/><T132/><D74/><U120/><N who="1" m="30752" /><U39/><E39/><V70/><F134/><T110/><D110/><U60/><E117/><V119/><F119/><T126/><D126/><U56/><E113/><V72/><F115/><T102/><D132/><U87/><E135/><V101/><F78/><T81/><D81/><U93/><E128/><N who="0" m="49225" /><D71/><U32/><E32/><V43/><F43/><T133/><D133/><U80/><E100/><N who="0" m="38441" /><D98/><U112/><E112/><V66/><F70/><T62/><AGARI ba="0,0" hai="40,46,48,53,55,58,62,67" m="38441,49225" machi="62" ten="30,1500,0" yaku="19,1,52,1" doraHai="63" who="0" fromWho="0" sc="260,15,350,-10,440,-5,0,0" /><INIT seed="2,0,0,4,4,80" ten="275,340,435,0" oya="2" hai0="128,35,107,48,106,114,72,42,112,89,115,88,71" hai1="124,110,69,101,52,120,68,33,40,32,127,121,109" hai2="119,75,86,79,2,36,61,135,113,37,104,87,49" hai3=""/><V59/><F119/><T1/><D1/><U64/><N who="1" m="30752" /><U130/><N who="1" m="31008" /><U95/><E130/><V51/><F113/><T50/><D35/><U125/><E40/><V39/><F2/><T53/><D72/><U117/><E117/><V111/><F135/><T84/><D71/><N who="1" m="27211" /><E64/><V46/><F111/><N who="1" m="42505" /><E101/><V134/><F134/><T94/><D128/><U102/><E102/><V66/><F104/><N who="0" m="39978" /><D42/><U96/><E96/><V62/><F62/><T70/><D70/><U103/><E103/><V92/><F92/><T58/><D89/><U132/><E95/><V54/><REACH who="2" step="1"/><F51/><AGARI ba="0,0" hai="48,50,51,53,58,84,88,94,112,114,115" m="39978" machi="51" ten="40,5200,0" yaku="11,1,52,1,54,1" doraHai="80" who="0" fromWho="2" sc="275,52,340,0,435,-52,0,0" /><INIT seed="4,0,0,2,3,103" ten="327,340,383,0" oya="0" hai0="99,94,69,130,134,123,62,113,112,43,118,79,102" hai1="78,125,131,73,133,119,46,60,104,106,55,45,50" hai2="96,126,57,77,89,127,97,120,63,85,83,32,61" hai3=""/><T101/><N who="0" m="31520" /><T90/><D118/><U95/><E119/><V129/><N who="2" m="30752" /><V109/><F32/><T67/><D134/><U93/><E133/><V3/><F109/><T76/><D130/><U2/><E2/><V59/><F3/><T114/><D43/><U48/><E131/><V70/><F70/><T52/><D52/><U42/><E125/><N who="2" m="47627" /><F129/><T35/><D35/><U81/><E95/><V65/><F77/><AGARI ba="0,0" hai="62,67,69,76,77,79,90,94,99,101,102,112,113,114" m="31520" machi="77" ten="40,3900,0" yaku="15,1,52,1" doraHai="103" who="0" fromWho="2" sc="327,39,340,0,383,-39,0,0" /><INIT seed="4,1,0,5,4,110" ten="366,340,344,0" oya="0" hai0="73,80,44,129,79,113,117,96,32,135,101,3,62" hai1="50,47,33,34,133,59,105,122,124,48,103,86,119" hai2="67,36,125,81,92,131,118,108,46,106,90,58,63" hai3=""/><T130/><D3/><U85/><N who="1" m="31264" /><U104/><E119/><V114/><F108/><T112/><D32/><U91/><E133/><V121/><N who="2" m="31008" /><V64/><F106/><T83/><D135/><U82/><E124/><V1/><F1/><T102/><D117/><U43/><E33/><V39/><F131/><N who="0" m="50186" /><D44/><U75/><E75/><V66/><F125/><T49/><D49/><U132/><E132/><V54/><F118/><T61/><D80/><U56/><E34/><V128/><F128/><T53/><D53/><U76/><E103/><N who="0" m="39433" /><D96/><U89/><E76/><V100/><F81/><T127/><D127/><U107/><REACH who="1" step="1"/><E50/><REACH who="1" ten="366,330,344,0" step="2"/><V99/><F100/><T116/><D116/><U51/><E51/><V84/><F36/><T42/><D42/><U55/><E55/><V2/><F2/><T69/><D69/><U120/><N who="1" m="30752" /><U123/><N who="1" m="31520" /><U68/><E68/><V134/><F134/><T71/><D71/><U115/><E115/><AGARI ba="1,1" hai="61,62,73,79,83,112,113,115" m="39433,50186" machi="115" ten="30,12000,1" yaku="15,1,19,1,52,3" doraHai="110" who="0" fromWho="1" sc="366,132,330,-122,344,0,0,0" /><INIT seed="4,2,0,2,1,73" ten="498,208,344,0" oya="0" hai0="102,93,33,115,110,86,40,101,113,80,103,36,50" hai1="130,104,84,131,77,75,74,95,54,2,70,68,37" hai2="66,69,89,96,94,51,122,111,46,0,125,38,109" hai3=""/><T121/><N who="0" m="31008" /><T60/><D33/><U43/><E2/><V120/><N who="2" m="30752" /><V132/><N who="2" m="31264" /><V76/><F0/><T100/><D36/><U55/><E104/><V83/><F38/><T88/><D110/><U41/><E37/><V59/><F69/><T52/><D40/><U57/><E84/><V134/><F125/><T48/><D60/><U133/><E95/><V129/><F129/><T65/><D65/><U92/><E92/><V79/><F59/><T114/><N who="0" m="25600" /><DORA hai="35" /><T91/><REACH who="0" step="1"/><D52/><REACH who="0" ten="488,208,344,0" step="2"/><U32/><E32/><V1/><F66/><T99/><AGARI ba="2,1" hai="48,50,80,86,88,91,93,99,113,114,115" m="25600,31008" machi="99" ten="50,12000,2" yaku="1,1,2,1,0,1,15,1,52,1,54,1,53,0" doraHai="73,35" doraHaiUra="39,112" who="0" fromWho="0" sc="488,134,208,-62,344,-62,0,0" /><INIT seed="4,3,0,4,5,42" ten="622,146,282,0" oya="0" hai0="85,109,74,116,2,119,105,65,88,1,56,110,124" hai1="76,32,121,53,60,84,77,130,103,73,38,101,134" hai2="52,72,99,33,83,35,90,80,40,0,81,106,63" hai3=""/><T118/><D74/><U102/><N who="1" m="31008" /><U115/><E38/><V96/><F0/><T49/><D105/><U71/><E32/><V36/><F72/><T87/><D124/><U92/><E73/><V97/><F106/><T70/><D70/><U111/><E111/><N who="0" m="42505" /><D65/><U112/><E134/><V50/><F90/><T82/><D87/><U93/><E130/><V78/><F78/><N who="1" m="30313" /><E53/><AGARI ba="3,0" hai="1,2,49,53,56,82,85,88,116,118,119" m="42505" machi="53" ten="40,3900,0" yaku="10,1,54,1" doraHai="42" who="0" fromWho="1" sc="622,45,146,-45,282,0,0,0" /><INIT seed="4,4,0,4,0,55" ten="667,101,282,0" oya="0" hai0="135,105,60,104,0,102,38,119,73,78,132,85,96" hai1="72,90,65,108,103,86,115,80,39,91,109,118,53" hai2="101,3,113,110,107,43,127,35,93,94,100,106,58" hai3=""/><T40/><D0/><U41/><E65/><V77/><F110/><T63/><D119/><U99/><E39/><V111/><F111/><N who="1" m="42569" /><E53/><V67/><F35/><T34/><D105/><U47/><E41/><V44/><F3/><T92/><D34/><U133/><E47/><V57/><F77/><T130/><D130/><U121/><N who="1" m="31008" /><U61/><E61/><V114/><F67/><T116/><D116/><U88/><E118/><V87/><F44/><T122/><N who="0" m="31264" /><T131/><D131/><U112/><E72/><V46/><F46/><T45/><D60/><U56/><E56/><V74/><F74/><T68/><D63/><U50/><E50/><V82/><F43/><T117/><D68/><U134/><E134/><V66/><F66/><T62/><D117/><U1/><E133/><V126/><F87/><T33/><D62/><U42/><E42/><V79/><F79/><T97/><D33/><U69/><E69/><V123/><N who="2" m="31520" /><V51/><F51/><T48/><D48/><U81/><E1/><V89/><F89/><N who="1" m="34409" /><E80/><AGARI ba="4,0" hai="57,58,80,82,93,94,100,101,106,107,113,114,126,127" m="31520" machi="80" ten="25,8000,1" yaku="22,2,52,3" doraHai="55" who="2" fromWho="1" sc="667,0,101,-88,282,88,0,0" /><INIT seed="5,0,0,4,2,50" ten="667,13,370,0" oya="1" hai0="124,39,73,64,97,78,101,104,35,108,113,131,1" hai1="133,46,118,114,54,135,82,81,44,89,123,130,109" hai2="79,100,63,80,76,134,129,99,95,2,120,121,105" hai3=""/><U71/><N who="1" m="31520" /><U53/><E118/><V75/><N who="2" m="30752" /><V36/><N who="2" m="31008" /><V91/><F2/><T32/><D64/><U60/><E114/><V87/><F36/><T40/><D40/><U107/><E107/><V49/><F129/><T55/><D55/><N who="1" m="21003" /><E130/><V74/><F49/><T3/><D97/><U85/><E109/><V34/><F34/><T125/><D101/><U62/><E71/><V119/><F63/><N who="1" m="24105" /><E82/><V66/><F66/><T58/><D1/><U84/><E84/><V110/><F134/><AGARI ba="0,0" hai="44,46,81,85,89,133,134,135" m="24105,21003,31520" machi="134" ten="30,12000,1" yaku="20,1,52,4" doraHai="50" who="1" fromWho="2" sc="667,0,13,120,370,-120,0,0" /><INIT seed="5,1,0,0,5,48" ten="667,133,250,0" oya="1" hai0="63,89,44,38,58,42,122,125,50,94,35,102,85" hai1="33,79,54,103,105,3,134,88,67,45,126,49,127" hai2="121,51,66,93,62,101,90,70,0,34,120,52,123" hai3=""/><U32/><E3/><V119/><N who="2" m="30752" /><V135/><N who="2" m="31008" /><V73/><N who="2" m="31520" /><V107/><F119/><T100/><N who="0" m="31264" /><T110/><D35/><U55/><E134/><V83/><F34/><N who="1" m="13417" /><E79/><V53/><F0/><T118/><D118/><U112/><E112/><V40/><F135/><T97/><D110/><U109/><E67/><V76/><F107/><T117/><D117/><U116/><E116/><V1/><F101/><T39/><D125/><N who="1" m="47627" /><E109/><V113/><F1/><T99/><D102/><U59/><E103/><V60/><F60/><T131/><D131/><U71/><E105/><V106/><F106/><T91/><D99/><U43/><E71/><V46/><F113/><T74/><D74/><U2/><E2/><V104/><F104/><T68/><D68/><U95/><E59/><V69/><F69/><T111/><D111/><U64/><E64/><V36/><F36/><T130/><D130/><U82/><E82/><V129/><F129/><T114/><D114/><U72/><E72/><V115/><F115/><T133/><D133/><U98/><AGARI ba="1,0" hai="43,45,49,54,55,88,95,98" m="47627,13417" machi="98" ten="30,7800,0" yaku="18,1,52,2,54,1" doraHai="48" who="1" fromWho="1" sc="667,-40,133,80,250,-40,0,0" /><INIT seed="5,2,0,0,0,72" ten="627,213,210,0" oya="1" hai0="105,68,2,126,121,61,35,73,78,86,87,70,104" hai1="130,89,85,48,49,43,90,122,133,103,56,108,96" hai2="33,54,114,125,65,118,63,32,46,34,80,131,124" hai3=""/><U55/><N who="1" m="31264" /><U88/><E108/><V95/><F118/><T102/><N who="0" m="31008" /><T91/><D2/><U52/><E133/><V111/><F131/><T69/><D35/><U110/><E130/><V79/><F111/><T82/><D126/><N who="2" m="48746" /><F114/><T109/><D109/><U94/><E43/><V83/><F95/><T51/><D87/><U101/><E110/><V59/><F79/><T47/><D61/><U44/><REACH who="1" step="1"/><E101/><REACH who="1" ten="627,203,210,0" step="2"/><V113/><F113/><T60/><D102/><U120/><N who="1" m="30752" /><U41/><E41/><V99/><F99/><T71/><D71/><U37/><E37/><V36/><F36/><T123/><D70/><U119/><E119/><V75/><F75/><T112/><N who="0" m="31520" /><T98/><D112/><U128/><E128/><V135/><F135/><T53/><D69/><U106/><AGARI ba="2,1" hai="44,48,49,52,55,56,85,88,89,90,94,96,103,106" m="30752,31264" machi="106" ten="20,16000,3" yaku="1,1,0,1,7,1,52,2,54,2,53,1" doraHai="72" doraHaiUra="92" who="1" fromWho="1" sc="627,-82,203,174,210,-82,0,0" /><INIT seed="5,3,0,3,1,61" ten="545,377,128,0" oya="1" hai0="1,2,48,34,47,60,114,81,111,88,67,128,75" hai1="87,52,69,83,122,58,90,96,66,95,46,106,117" hai2="68,131,130,92,104,113,91,64,89,101,78,124,0" hai3=""/><U112/><N who="1" m="31264" /><U59/><E117/><V73/><F0/><T82/><D34/><U53/><E112/><V115/><F68/><T56/><D114/><N who="2" m="43530" /><F64/><T109/><D128/><N who="2" m="49194" /><F124/><T62/><D1/><U110/><E110/><V35/><F35/><T40/><D2/><U80/><E69/><V97/><F104/><T84/><D81/><AGARI ba="3,0" hai="73,78,81,89,91,92,97,101" m="49194,43530" machi="81" ten="30,8000,1" yaku="15,1,11,1,19,1,34,2" doraHai="61" who="2" fromWho="0" sc="545,-86,377,0,128,86,0,0" /><INIT seed="6,0,0,1,0,40" ten="459,377,214,0" oya="2" hai0="59,54,69,62,43,1,77,127,81,120,116,41,135" hai1="61,107,133,99,130,123,32,85,104,46,114,45,38" hai2="52,76,78,93,131,87,37,72,67,110,64,73,96" hai3=""/><V109/><F37/><T75/><N who="0" m="30752" /><T95/><D1/><U83/><N who="1" m="31520" /><U111/><E32/><V132/><F132/><T65/><D116/><U91/><E111/><N who="2" m="42507" /><F131/><T55/><D127/><U57/><E133/><V71/><F87/><T98/><D135/><U34/><E34/><V60/><F67/><T105/><D105/><U56/><E130/><V33/><F33/><T48/><D54/><U68/><E68/><V74/><F52/><T119/><D119/><U97/><E114/><V108/><N who="2" m="42515" /><V42/><DORA hai="122" /><F42/><T125/><D125/><U126/><E126/><V49/><F49/><T50/><D48/><U86/><E38/><V35/><F35/><T36/><D36/><U106/><E61/><V89/><AGARI ba="0,0" hai="60,64,71,72,73,74,76,78,89,93,96" m="42515" machi="89" ten="50,8000,1" yaku="10,1,52,4" doraHai="40,122" who="2" fromWho="2" sc="459,-40,377,-40,214,80,0,0" /><INIT seed="6,1,0,0,3,1" ten="419,337,294,0" oya="2" hai0="70,61,128,46,59,123,39,82,94,2,134,56,53" hai1="117,67,35,77,51,49,57,127,126,45,62,93,97" hai2="109,50,103,85,65,44,115,43,106,88,102,111,63" hai3=""/><V54/><F115/><T37/><N who="0" m="31520" /><T66/><D2/><U124/><E117/><V87/><F43/><T60/><D128/><U32/><E77/><V47/><F47/><T79/><D134/><U108/><E108/><N who="2" m="41547" /><F106/><T116/><D116/><U78/><E78/><V68/><F87/><T74/><D59/><U80/><E80/><AGARI ba="1,0" hai="44,50,54,63,65,68,80,85,88,102,103" m="41547" machi="80" ten="30,2900,0" yaku="10,1,54,1" doraHai="1" who="2" fromWho="1" sc="419,0,337,-31,294,31,0,0" /><INIT seed="6,2,0,3,5,45" ten="419,306,325,0" oya="2" hai0="76,110,67,107,42,108,114,125,103,50,37,119,99" hai1="40,101,124,51,96,90,84,33,69,121,71,38,65" hai2="122,74,97,3,62,43,123,89,66,82,112,64,73" hai3=""/><V134/><N who="2" m="31264" /><V117/><N who="2" m="31520" /><V75/><F117/><T133/><D119/><U120/><N who="1" m="30752" /><U70/><N who="1" m="31008" /><U115/><E33/><V2/><F112/><T102/><D114/><U56/><E115/><V60/><F134/><T135/><D125/><U132/><E38/><V81/><F43/><T129/><D129/><U91/><E132/><N who="0" m="50761" /><D37/><U88/><E124/><V34/><F34/><T131/><D131/><U106/><E40/><V55/><F55/><T104/><D76/><U92/><REACH who="1" step="1"/><E65/><REACH who="1" ten="419,296,325,0" step="2"/><N who="2" m="25195" /><F89/><T113/><D67/><U100/><E100/><V49/><F49/><T1/><D113/><U53/><AGARI ba="2,1" hai="51,53,56,69,70,71,84,88,90,91,92,96,101,106" m="31008,30752" machi="53" ten="40,9000,2" yaku="1,1,0,1,52,3,54,1,53,1" doraHai="45" doraHaiUra="94" who="1" fromWho="1" sc="419,-32,296,104,325,-62,0,0" owari="387,-1.0,400,35.0,263,-34.0,0,0.0" /></mjloggm>