<mjloggm ver="2.3"><GO type="225" lobby="0"/><UN n0="%E3%83%94%E3%82%B3%E3%83%9E%E3%82%B9%E3%83%86%E3%82%A3%E3%83%95" n1="%E3%81%A9%E3%82%8F%E3%82%93%E3%81%94" n2="%E4%BC%BD%E8%97%8D%E5%A0%82%E7%B4%97%E7%BE%85" n3="%E6%97%A5%E6%9B%9C%E6%97%A5%E3%82%88%E3%82%8A%E3%81%AE%E4%BD%BF%E8%80%85" dan="17,17,16,17" rate="2146.68,2220.39,2152.30,2158.50" sx="M,M,F,M"/><TAIKYOKU oya="0"/><INIT seed="0,0,0,2,4,10" ten="250,250,250,250" oya="0" hai0="94,126,30,130,62,12,95,56,91,96,5,4,38" hai1="85,15,120,47,76,77,2,1,25,7,106,63,117" hai2="101,65,0,45,100,34,36,13,86,125,80,105,11" hai3="50,87,123,116,78,27,113,135,16,131,110,14,8"/><T41/><D130/><U55/><E120/><V75/><F34/><W128/><G123/><T20/><D126/><U53/><E106/><V102/><F125/><W104/><G113/><T92/><D38/><U42/><E117/><V6/><F65/><W67/><G116/><T89/><D41/><U134/><E134/><V29/><F29/><W26/><G104/><T121/><D121/><U58/><E25/><V99/><F75/><W28/><G135/><T108/><D108/><U51/><E55/><V17/><F36/><W64/><G110/><T60/><D94/><U98/><E98/><V68/><F45/><W49/><G131/><T122/><D122/><U133/><E133/><V84/><F68/><W23/><G27/><T18/><D30/><U37/><E37/><V22/><REACH who="2" step="1"/><F86/><REACH who="2" ten="250,250,240,250" step="2"/><W66/><G128/><T90/><D90/><AGARI ba="0,1" hai="0,6,11,13,17,22,80,84,90,99,100,101,102,105" machi="90" ten="30,8000,1" yaku="1,1,2,1,7,1,52,1,53,1" doraHai="10" doraHaiUra="33" who="2" fromWho="0" sc="250,-80,250,0,240,90,250,0" /><INIT seed="1,0,0,3,3,88" ten="170,250,330,250" oya="1" hai0="126,100,76,75,15,86,81,69,16,103,25,134,77" hai1="128,30,85,53,27,102,48,28,78,131,133,29,9" hai2="118,4,73,116,21,65,43,37,52,63,89,36,6" hai3="109,66,130,64,31,108,8,35,49,67,60,71,122"/><U19/><E133/><V119/><F73/><W44/><G31/><T39/><D69/><U101/><E78/><V113/><F113/><W95/><G35/><T1/><D1/><U124/><E124/><V32/><F32/><W34/><G34/><T59/><D39/><U117/><E117/><V23/><F89/><W47/><G122/><T99/><D134/><U40/><E40/><V45/><F37/><W104/><G104/><T84/><D126/><U93/><E85/><V62/><F62/><W51/><G8/><T11/><D25/><U18/><E9/><V112/><F52/><N who="3" m="29735" /><G95/><T72/><D59/><N who="1" m="33191" /><E93/><V115/><F4/><W41/><G130/><N who="1" m="49706" /><E27/><V22/><REACH who="2" step="1"/><F6/><REACH who="2" ten="170,250,320,250" step="2"/><W114/><G114/><T120/><D120/><U13/><E13/><V97/><F97/><W111/><AGARI ba="0,1" hai="41,47,51,60,64,66,67,71,108,109,111" m="29735" machi="111" ten="30,7900,0" yaku="14,1,34,2,54,1" doraHai="88" who="3" fromWho="3" sc="170,-20,250,-39,320,-20,250,89" /><INIT seed="2,0,0,5,3,71" ten="150,211,300,339" oya="2" hai0="44,23,120,35,25,109,55,128,88,135,86,131,98" hai1="112,80,51,91,75,123,41,82,122,117,6,54,56" hai2="114,37,2,116,77,58,102,84,29,18,115,0,39" hai3="118,32,127,22,66,15,89,50,103,26,47,40,94"/><V79/><F116/><W130/><G118/><T129/><D120/><N who="1" m="46123" /><E117/><V99/><F29/><W90/><G127/><T87/><D35/><U24/><E112/><V42/><F42/><W52/><G130/><T101/><D109/><U68/><E68/><V12/><F58/><W85/><G32/><T5/><D5/><U125/><E125/><V49/><F49/><W16/><G66/><T104/><D135/><U63/><E6/><V34/><F34/><W83/><G103/><T20/><D87/><N who="1" m="50663" /><E24/><V1/><F114/><W108/><G108/><T133/><D133/><U27/><E27/><V7/><F7/><W96/><G26/><T132/><D132/><U8/><E8/><V48/><F48/><W100/><G100/><T81/><REACH who="0" step="1"/><D25/><REACH who="0" ten="140,211,300,339" step="2"/><U10/><E10/><V36/><F84/><W17/><G17/><T60/><D60/><U92/><E63/><V65/><F115/><W72/><G72/><T11/><D11/><U93/><E41/><AGARI ba="0,1" hai="15,16,22,40,41,47,50,52,83,85,89,90,94,96" machi="41" ten="40,5200,0" yaku="8,1,54,2" doraHai="71" who="3" fromWho="1" sc="140,0,211,-52,300,0,339,62" /><INIT seed="3,0,0,1,3,63" ten="140,159,300,401" oya="3" hai0="33,111,24,8,113,108,117,127,123,125,83,0,84" hai1="74,40,103,2,37,71,36,86,76,68,114,25,9" hai2="49,19,90,73,60,46,42,16,72,7,50,104,20" hai3="124,32,112,132,1,45,96,56,87,67,94,69,128"/><W31/><G1/><T119/><D84/><U5/><E86/><V70/><F104/><W109/><G69/><N who="1" m="26698" /><E114/><V75/><F7/><W78/><G109/><N who="0" m="42059" /><D83/><N who="1" m="45463" /><E40/><V53/><F90/><W102/><G31/><N who="0" m="19687" /><D113/><U59/><E59/><V99/><F99/><W23/><G56/><T130/><D123/><U115/><E115/><V79/><F79/><W34/><G124/><N who="0" m="47691" /><D130/><U10/><E103/><V54/><F70/><W81/><G23/><T58/><D58/><U131/><E131/><V22/><F60/><W11/><G94/><T129/><D129/><U134/><E134/><V93/><F93/><W27/><G45/><T30/><D30/><U120/><E120/><V116/><F42/><W97/><G34/><T110/><N who="0" m="42067" /><T17/><DORA hai="106" /><D17/><U66/><E66/><V92/><F92/><W100/><G96/><T82/><D82/><U52/><E52/><V12/><F53/><W126/><G81/><T135/><D135/><U121/><E121/><V43/><F54/><W105/><G97/><T39/><D39/><N who="1" m="14923" /><E25/><V85/><F85/><W77/><G102/><T3/><D8/><U65/><E65/><V101/><F101/><W13/><G11/><T61/><D61/><U57/><E57/><V51/><F51/><W21/><G126/><T95/><D95/><U35/><E10/><V48/><F48/><W98/><G100/><T107/><D107/><U89/><E89/><V38/><F50/><W64/><G105/><T118/><AGARI ba="0,0" hai="0,3,117,118,119" m="47691,19687,42067" machi="118" ten="50,8000,1" yaku="14,1,18,1,23,1,34,2" doraHai="63,106" who="0" fromWho="0" sc="140,80,159,-20,300,-20,401,-40" owari="220,-18.0,139,-36.0,280,8.0,361,46.0" /></mjloggm>