<mjloggm ver="2.3"><GO type="169" lobby="0"/><UN n0="%E5%87%BA%E3%82%8B%E3%83%94%E3%82%A8%E3%83%AD" n1="%E3%81%8B%E3%81%93%E3%81%A8%E3%82%93" n2="%74%34%63%34%32%32" n3="%E7%8C%BF%2D%53%61%72%75%2D" dan="16,17,16,17" rate="2201.02,2120.52,2119.71,2244.49" sx="M,M,M,M"/><TAIKYOKU oya="0"/><INIT seed="0,0,0,0,4,40" ten="250,250,250,250" oya="0" hai0="101,36,64,72,31,119,29,98,20,112,113,15,33" hai1="70,51,63,127,5,62,38,23,21,96,25,24,91" hai2="76,128,54,49,71,94,133,2,79,67,55,100,95" hai3="18,102,61,111,116,17,39,118,3,125,103,66,121"/><T86/><D72/><U132/><E127/><V65/><F2/><W60/><G3/><T68/><D119/><U114/><E132/><V99/><F133/><W52/><G39/><T0/><D31/><U57/><E38/><V130/><F71/><W22/><G111/><T129/><D129/><N who="2" m="49770" /><F95/><W122/><G66/><N who="2" m="25097" /><F55/><W34/><G125/><T78/><D0/><U106/><E70/><V124/><F124/><W27/><G34/><T53/><D53/><N who="1" m="31935" /><E106/><V37/><F37/><W8/><G52/><T87/><D36/><U35/><E35/><V13/><F13/><N who="3" m="7335" /><G116/><T10/><D33/><U47/><E114/><V109/><F109/><W108/><G108/><T126/><D126/><U14/><E14/><V131/><N who="2" m="49778" /><V50/><DORA hai="90" /><F50/><W19/><G61/><T75/><D64/><U48/><E62/><V93/><F93/><W97/><G60/><T80/><D68/><U59/><E63/><V30/><F30/><W123/><G118/><T69/><D69/><U134/><E134/><V11/><F11/><W28/><G102/><T56/><D29/><N who="1" m="17551" /><E59/><AGARI ba="0,0" hai="49,54,59,76,79,94,99,100" m="25097,49778" machi="59" ten="40,2600,0" yaku="19,1,52,1" doraHai="40,90" who="2" fromWho="1" sc="250,0,250,-26,250,26,250,0" /><INIT seed="1,0,0,3,0,37" ten="250,224,276,250" oya="1" hai0="113,108,60,61,46,53,96,75,95,121,12,1,126" hai1="23,47,48,36,4,62,79,52,135,58,74,15,30" hai2="93,72,77,29,119,124,39,13,118,78,66,89,84" hai3="34,42,134,38,70,127,83,54,101,122,87,24,103"/><U6/><E135/><V111/><F29/><W5/><G122/><T20/><D1/><U65/><E36/><V11/><F39/><W129/><G70/><T64/><D75/><U22/><E74/><V56/><F124/><W110/><G110/><T19/><D108/><U51/><E79/><V109/><F109/><W44/><G134/><T73/><D73/><U28/><E51/><V21/><F111/><W50/><G127/><T94/><D113/><U125/><E125/><V90/><F21/><N who="1" m="7689" /><E4/><V130/><F72/><W40/><G129/><T116/><D116/><U45/><E45/><V105/><F105/><W63/><G63/><T3/><D3/><U120/><E120/><V115/><F115/><W17/><G5/><T14/><D121/><U91/><E91/><V9/><F130/><W33/><G17/><T10/><D126/><U31/><E31/><V27/><F119/><W49/><G38/><T68/><D96/><U18/><E6/><V0/><F118/><W26/><G33/><T107/><D107/><U2/><E2/><V71/><F0/><W97/><G34/><T32/><D32/><U128/><E128/><V88/><F77/><N who="3" m="46575" /><G97/><T25/><D14/><U133/><E133/><V16/><F71/><W57/><G42/><T85/><D85/><U86/><E86/><V8/><F78/><W82/><G82/><T41/><D61/><U100/><E100/><AGARI ba="0,0" hai="24,26,40,44,49,50,54,57,100,101,103" m="46575" machi="100" ten="30,2000,0" yaku="8,1,52,1" doraHai="37" who="3" fromWho="1" sc="250,0,224,-20,276,0,250,20" /><INIT seed="2,0,0,1,4,71" ten="250,204,276,270" oya="2" hai0="29,27,116,46,81,23,97,8,99,32,45,133,3" hai1="86,50,7,113,127,15,76,129,104,130,106,36,12" hai2="85,94,43,58,6,48,117,52,28,20,22,92,66" hai3="44,62,16,53,63,93,110,54,132,102,47,42,25"/><V40/><F117/><W38/><G110/><T13/><D116/><U41/><E113/><V87/><F6/><W30/><G132/><T124/><D133/><U83/><E127/><V37/><F66/><W119/><G119/><T60/><D124/><U95/><E50/><V14/><F28/><W34/><G102/><T108/><D108/><U61/><E61/><V49/><F14/><N who="1" m="5161" /><E95/><V125/><F125/><W1/><G1/><T51/><D46/><N who="1" m="23847" /><E7/><V118/><F118/><W57/><G93/><T59/><D32/><U112/><E112/><V103/><F58/><W70/><G47/><T73/><D3/><U64/><E64/><V75/><F75/><W120/><G70/><T18/><D59/><U122/><E122/><V134/><F134/><W19/><G120/><T82/><D60/><U5/><E5/><V78/><F103/><W105/><G105/><T55/><REACH who="0" step="1"/><D73/><REACH who="0" ten="240,204,276,270" step="2"/><U35/><E35/><V90/><F43/><W67/><G67/><T74/><D74/><U11/><E11/><V114/><F40/><W111/><G111/><T91/><D91/><U24/><E24/><V135/><F90/><W26/><G25/><T121/><D121/><U98/><E98/><AGARI ba="0,1" hai="8,13,18,23,27,29,45,51,55,81,82,97,98,99" machi="98" ten="40,2600,0" yaku="1,1,8,1,53,0" doraHai="71" doraHaiUra="128" who="0" fromWho="1" sc="240,36,204,-26,276,0,270,0" /><INIT seed="3,0,0,5,3,126" ten="276,178,276,270" oya="3" hai0="15,13,133,90,114,122,40,22,112,38,44,74,72" hai1="82,24,125,130,116,71,21,124,84,31,42,4,76" hai2="23,113,87,66,73,39,19,135,48,89,41,105,10" hai3="77,65,45,80,47,63,79,103,102,129,117,55,85"/><W120/><G117/><T64/><D133/><U75/><E116/><V17/><F135/><W68/><G120/><T12/><D122/><U57/><E71/><V106/><F73/><W93/><G79/><T104/><D104/><U96/><E42/><V56/><F39/><W33/><G33/><T111/><D111/><U34/><E4/><V2/><F113/><N who="0" m="43626" /><D64/><U91/><E57/><V32/><F32/><W131/><G93/><T60/><D60/><U52/><E34/><V26/><F105/><W9/><G9/><T5/><D5/><U50/><E96/><V58/><F106/><W107/><G107/><T88/><D22/><U100/><E100/><N who="3" m="38442" /><G55/><T101/><D101/><U110/><E110/><V59/><F2/><W123/><G123/><T54/><D54/><U132/><E132/><V127/><F127/><N who="1" m="48713" /><E75/><AGARI ba="0,0" hai="12,13,15,38,40,44,72,74,75,88,90" m="43626" machi="75" ten="40,2600,0" yaku="11,1,54,1" doraHai="126" who="0" fromWho="1" sc="276,26,178,-26,276,0,270,0" /><INIT seed="4,0,0,5,1,123" ten="302,152,276,270" oya="0" hai0="105,93,80,117,115,132,107,104,63,3,53,113,122" hai1="102,120,135,45,91,103,77,1,109,32,82,67,95" hai2="41,46,76,118,28,96,106,71,22,130,72,90,112" hai3="64,86,134,94,36,35,78,43,85,31,99,121,17"/><T88/><D3/><U16/><E120/><V6/><F118/><W116/><G121/><T11/><D122/><U54/><E135/><V73/><F71/><W69/><G116/><T83/><D117/><U60/><E1/><V110/><F130/><W62/><G134/><T111/><D11/><U56/><E32/><V98/><F6/><W19/><G35/><T37/><D37/><U127/><E109/><V68/><F110/><W20/><G31/><T24/><D24/><U87/><E127/><V61/><F112/><N who="0" m="43082" /><D111/><U57/><E45/><V97/><F28/><W100/><G78/><T58/><D132/><U70/><E70/><V52/><F106/><N who="0" m="27138" /><T33/><DORA hai="119" /><D33/><U26/><E16/><V0/><F0/><W39/><G19/><T124/><D124/><U81/><E26/><V2/><F2/><W129/><G129/><T21/><D21/><U23/><E23/><V55/><F22/><W12/><G39/><T40/><D40/><U13/><E13/><V51/><F41/><W44/><AGARI ba="0,0" hai="12,17,20,36,43,44,62,64,69,85,86,94,99,100" machi="44" ten="30,1100,0" yaku="0,1" doraHai="123,119" who="3" fromWho="3" sc="302,-5,152,-3,276,-3,270,11" /><INIT seed="5,0,0,4,4,68" ten="297,149,273,281" oya="1" hai0="23,114,37,30,59,18,61,113,53,19,50,128,58" hai1="117,104,34,135,108,28,88,127,64,95,31,119,106" hai2="45,103,120,4,70,10,36,47,49,42,6,134,77" hai3="78,2,62,26,63,116,44,55,97,41,87,98,81"/><U35/><E108/><V101/><F120/><W15/><G2/><T51/><D30/><U85/><E135/><V38/><F134/><W107/><G116/><T67/><D19/><U69/><E127/><V73/><F70/><W109/><G109/><T132/><D132/><U1/><E1/><N who="2" m="271" /><F6/><W16/><G26/><T130/><D18/><U86/><E64/><V102/><F102/><W83/><G83/><T39/><D50/><U94/><REACH who="1" step="1"/><E69/><REACH who="1" ten="297,139,273,281" step="2"/><V74/><F74/><W48/><G107/><T111/><D111/><U11/><E11/><V66/><F66/><W27/><G27/><T3/><D3/><U133/><E133/><V9/><F9/><N who="3" m="6255" /><G63/><T21/><D23/><U5/><E5/><V110/><F110/><W126/><G126/><T75/><D21/><U92/><E92/><V46/><F73/><W54/><G62/><T20/><D20/><U13/><E13/><V118/><F118/><W84/><G84/><T72/><D75/><U96/><E96/><AGARI ba="0,1" hai="41,44,48,54,55,78,81,87,96,97,98" m="6255" machi="96" ten="30,2000,0" yaku="8,1,54,1" doraHai="68" who="3" fromWho="1" sc="297,0,139,-20,273,0,281,30" /><INIT seed="6,0,0,2,1,17" ten="297,119,273,311" oya="2" hai0="87,8,74,67,100,56,55,38,43,115,80,131,125" hai1="133,104,97,11,51,1,26,99,101,110,45,77,64" hai2="79,90,106,108,66,135,50,69,126,58,81,42,25" hai3="120,109,123,3,127,130,121,41,119,53,107,59,89"/><V60/><F135/><W15/><G3/><T9/><D74/><U114/><E110/><V85/><F108/><W63/><G109/><T12/><D67/><U2/><E133/><V116/><F106/><W61/><G119/><T117/><D117/><U103/><E114/><V19/><F116/><W75/><G75/><T83/><D115/><U54/><E77/><V24/><F126/><W47/><G107/><T27/><D43/><U84/><E84/><V72/><F19/><W34/><G34/><T16/><D38/><U37/><E37/><V35/><F35/><W105/><G105/><T40/><D40/><U91/><E64/><V39/><F39/><W124/><G89/><T122/><D131/><U102/><E91/><V36/><F36/><N who="3" m="21927" /><G15/><T14/><D27/><U30/><E104/><V7/><F7/><W4/><G4/><T28/><D28/><U86/><E86/><V98/><F69/><W57/><G130/><T134/><D134/><U23/><REACH who="1" step="1"/><E11/><REACH who="1" ten="297,109,273,311" step="2"/><V49/><F79/><W44/><G124/><T18/><D125/><U0/><AGARI ba="0,1" hai="0,1,2,23,26,30,45,51,54,97,99,101,102,103" machi="0" ten="40,8000,1" yaku="1,1,2,1,0,1,52,1,53,0" doraHai="17" doraHaiUra="29" who="1" fromWho="1" sc="297,-20,109,90,273,-40,311,-20" /><INIT seed="7,0,0,2,4,7" ten="277,199,233,291" oya="3" hai0="61,120,19,16,28,36,108,44,68,123,110,46,75" hai1="90,38,56,114,121,96,104,80,10,101,58,43,97" hai2="37,57,127,82,39,3,40,117,116,85,34,12,13" hai3="94,74,67,102,31,33,5,59,49,14,107,45,88"/><W134/><G74/><T91/><D28/><U52/><E121/><V100/><F3/><W29/><G134/><T54/><D75/><U119/><E119/><V30/><F100/><W125/><G125/><T48/><D120/><U106/><E114/><V25/><F127/><W35/><G107/><T65/><D123/><U60/><E58/><V131/><F131/><W53/><G102/><T47/><D91/><U128/><E128/><V71/><F71/><W9/><G33/><T76/><D76/><U126/><E126/><V32/><F32/><W6/><G6/><T115/><D115/><U130/><E130/><V122/><F122/><W99/><G35/><T113/><D113/><U27/><E27/><V2/><F34/><W66/><G66/><T118/><D118/><U62/><E62/><AGARI ba="0,0" hai="5,9,14,29,31,45,49,53,59,62,67,88,94,99" machi="62" ten="40,7700,0" yaku="8,1,52,1,54,1" doraHai="7" who="3" fromWho="1" sc="277,0,199,-77,233,0,291,77" owari="277,8.0,122,-38.0,233,-17.0,368,47.0" /></mjloggm>