<mjloggm ver="2.3"><GO type="225" lobby="0"/><UN n0="%E7%AD%89%E3%80%85%E5%8A%9B%E5%8A%87%E5%A0%B4" n1="%E3%83%A1%E3%82%AC%E3%83%87%E3%82%B8" n2="%3D%E3%81%84%E3%82%8D%E3%81%AF%3D" n3="%E5%85%AC%E5%8B%99%E5%93%A1%E3%81%8F%E3%82%93" dan="16,17,16,17" rate="2090.38,2190.30,2171.07,2133.49" sx="M,M,M,F"/><TAIKYOKU oya="0"/><INIT seed="0,0,0,1,3,92" ten="250,250,250,250" oya="0" hai0="123,16,6,107,53,89,86,66,7,127,133,18,120" hai1="125,67,96,118,34,37,20,8,48,58,14,44,73" hai2="63,77,97,17,19,68,39,135,61,87,110,79,4" hai3="15,72,23,49,134,54,35,93,132,40,108,59,27"/><T131/><D107/><U117/><E34/><V126/><F110/><W119/><G119/><T85/><D66/><U30/><E125/><V94/><F126/><W22/><G72/><T81/><D127/><U62/><E73/><V29/><F135/><W69/><G69/><T106/><D106/><U83/><E37/><V99/><F39/><W95/><G108/><T45/><D131/><U64/><E83/><N who="2" m="47599" /><F68/><W9/><G40/><T103/><D133/><N who="3" m="51305" /><G35/><T130/><D130/><U47/><E67/><V128/><F29/><N who="3" m="17655" /><G23/><T2/><D123/><U24/><E96/><N who="2" m="36939" /><F4/><AGARI ba="0,0" hai="4,9,15,49,54,59,93,95" m="17655,51305" machi="4" ten="30,1000,0" yaku="20,1" doraHai="92" who="3" fromWho="2" sc="250,0,250,0,250,-10,250,10" /><INIT seed="1,0,0,2,3,93" ten="250,250,240,260" oya="1" hai0="34,61,55,118,122,113,110,44,106,9,72,46,38" hai1="77,79,94,88,8,32,125,7,87,95,16,64,92" hai2="129,4,99,36,66,0,114,134,60,12,115,59,19" hai3="14,105,98,132,101,26,25,70,10,13,107,54,11"/><U1/><E125/><V63/><F36/><W96/><G54/><T116/><D9/><U57/><E32/><V49/><F134/><W126/><G70/><T6/><D6/><U89/><E16/><V39/><F39/><W109/><G109/><T124/><D55/><U80/><REACH who="1" step="1"/><E79/><REACH who="1" ten="250,240,240,260" step="2"/><V90/><F19/><W23/><G23/><T45/><D34/><U2/><E2/><V91/><F0/><W27/><G126/><T18/><D18/><U17/><E17/><V120/><F4/><W102/><G26/><T81/><D124/><U53/><E53/><V69/><F12/><W82/><G82/><T48/><D81/><U75/><E75/><V3/><F3/><W42/><G42/><T62/><D72/><U108/><E108/><V40/><F40/><W131/><G131/><T28/><D110/><U24/><E24/><V29/><F129/><W30/><G30/><T74/><D28/><U47/><E47/><V71/><F29/><W130/><G130/><T121/><D74/><U100/><E100/><V43/><F43/><W65/><G65/><T128/><D128/><U119/><E119/><V51/><F66/><W103/><G103/><T22/><D38/><U86/><E86/><V5/><F5/><W133/><AGARI ba="0,1" hai="10,11,13,14,25,27,96,98,101,102,105,107,132,133" machi="133" ten="25,8000,1" yaku="0,1,22,2,52,2" doraHai="93" who="3" fromWho="3" sc="250,-20,240,-40,240,-20,260,90" /><INIT seed="2,0,0,2,4,31" ten="230,200,220,350" oya="2" hai0="44,68,109,116,107,7,126,45,15,24,29,49,85" hai1="106,41,66,62,58,100,60,12,90,19,108,51,16" hai2="0,76,70,40,63,21,38,82,124,67,20,115,102" hai3="77,59,4,88,42,3,43,84,99,105,129,72,10"/><V131/><F115/><W33/><G129/><T36/><D107/><U83/><E108/><V94/><F131/><W87/><G87/><T27/><D68/><U6/><E106/><V73/><F124/><W121/><G121/><T9/><D109/><U75/><E100/><V96/><REACH who="2" step="1"/><F0/><REACH who="2" ten="230,200,210,350" step="2"/><W125/><G125/><T130/><D126/><U101/><E75/><V54/><F54/><W78/><G72/><T23/><D130/><U98/><E66/><V11/><F11/><W64/><G10/><T81/><D9/><U80/><E41/><V35/><F35/><W8/><G33/><T92/><D116/><U95/><E6/><V37/><F37/><W30/><G43/><T57/><D36/><U123/><E123/><V91/><F91/><W1/><G42/><T117/><D7/><U47/><E90/><V79/><F79/><W56/><G1/><T74/><D117/><U133/><E133/><V18/><F18/><W17/><G17/><T114/><D114/><U48/><E19/><V28/><F28/><W104/><G30/><T46/><D74/><U132/><E132/><V50/><F50/><W52/><G52/><T93/><D49/><N who="1" m="19019" /><E47/><AGARI ba="0,1" hai="20,21,38,40,47,63,67,70,73,76,82,94,96,102" machi="47" ten="40,2000,0" yaku="1,1,53,0" doraHai="31" doraHaiUra="34" who="2" fromWho="1" sc="230,0,200,-20,210,30,350,0" /><INIT seed="2,1,0,3,2,128" ten="230,180,240,350" oya="2" hai0="77,53,44,48,133,19,101,51,5,117,113,55,12" hai1="59,64,28,99,40,73,94,8,33,56,112,29,130" hai2="27,114,30,89,45,81,106,104,74,32,54,61,82" hai3="17,41,90,120,0,38,122,11,83,87,72,132,95"/><V42/><F114/><W80/><G17/><T68/><D113/><U110/><E112/><V58/><F81/><W107/><G132/><T111/><D68/><U7/><E73/><V22/><F32/><W52/><G52/><T31/><D111/><U118/><E110/><V4/><F4/><N who="3" m="1415" /><G83/><T15/><D117/><U126/><E130/><V84/><REACH who="2" step="1"/><F74/><REACH who="2" ten="230,180,230,350" step="2"/><W62/><G80/><T49/><D5/><U134/><E33/><V35/><F35/><W14/><G72/><T37/><D77/><U6/><E6/><V69/><F69/><W105/><G122/><T121/><D121/><U78/><E7/><V91/><F91/><W97/><G90/><T23/><D101/><U93/><E78/><V71/><F71/><W21/><G120/><T102/><D102/><U115/><E115/><V50/><AGARI ba="1,1" hai="22,27,30,42,45,50,54,58,61,82,84,89,104,106" machi="50" ten="20,3900,0" yaku="1,1,0,1,7,1,53,0" doraHai="128" doraHaiUra="96" who="2" fromWho="2" sc="230,-14,180,-14,230,52,350,-14" /><INIT seed="2,2,0,0,0,110" ten="216,166,282,336" oya="2" hai0="63,122,19,43,46,15,89,114,56,14,75,58,92" hai1="10,61,127,7,121,88,71,23,83,103,129,108,112" hai2="45,125,44,97,105,93,99,131,67,11,0,104,8" hai3="96,80,106,1,79,85,84,16,60,134,69,5,53"/><V65/><F131/><W82/><G134/><T74/><D122/><U118/><E108/><V26/><F26/><W48/><G1/><T101/><D101/><U135/><E129/><V77/><F77/><W62/><G69/><T102/><D102/><U123/><E135/><V94/><REACH who="2" step="1"/><F0/><REACH who="2" ten="216,166,272,336" step="2"/><W27/><G27/><T113/><D15/><U17/><E123/><V20/><F20/><W37/><G79/><T130/><D130/><U55/><E23/><V126/><AGARI ba="2,1" hai="8,11,44,45,65,67,93,94,97,99,104,105,125,126" machi="126" ten="25,9600,0" yaku="1,1,0,1,22,2,53,0" doraHai="110" doraHaiUra="70" who="2" fromWho="2" sc="216,-34,166,-34,272,112,336,-34" /><INIT seed="2,3,0,4,0,62" ten="182,132,384,302" oya="2" hai0="33,81,2,18,128,45,21,125,120,56,19,82,132" hai1="124,57,121,3,110,64,12,85,60,89,30,22,76" hai2="116,44,129,29,20,126,52,86,42,131,80,63,7" hai3="8,106,13,101,66,103,135,108,38,72,35,98,54"/><V36/><F116/><W24/><G38/><T133/><D120/><U109/><E3/><V51/><F7/><W0/><G108/><T111/><D33/><U87/><E124/><V40/><F126/><W16/><G135/><N who="0" m="51787" /><D125/><U78/><E121/><V75/><F75/><W39/><G39/><T122/><D122/><U37/><E37/><V1/><F1/><W90/><G72/><T11/><D45/><U43/><E43/><V117/><F117/><W31/><G54/><T61/><D111/><N who="1" m="42507" /><E87/><V115/><F115/><W73/><G73/><T88/><D128/><N who="2" m="49226" /><F63/><W99/><G90/><T6/><D88/><U119/><E119/><V25/><F36/><W69/><G0/><T130/><D130/><U17/><E30/><V59/><F44/><W48/><G48/><T113/><D113/><U46/><E46/><V104/><F104/><W15/><G15/><N who="0" m="9439" /><D19/><U4/><E4/><V65/><F40/><W23/><G69/><T95/><D95/><AGARI ba="3,0" hai="12,17,22,57,60,64,76,78,85,89,95" m="42507" machi="95" ten="30,2000,0" yaku="14,1,52,1" doraHai="62" who="1" fromWho="0" sc="182,-29,132,29,384,0,302,0" /><INIT seed="3,0,0,5,2,119" ten="153,161,384,302" oya="3" hai0="74,51,124,46,62,52,110,102,17,33,25,104,109" hai1="10,68,30,133,8,97,115,64,92,117,121,96,6" hai2="9,72,48,98,61,41,85,130,56,43,70,89,91" hai3="123,101,67,40,103,49,86,58,65,18,11,95,57"/><W107/><G107/><T31/><D74/><U122/><E115/><V12/><F72/><W53/><G123/><T50/><D124/><U69/><E30/><V88/><F70/><W71/><G71/><T75/><D75/><U66/><E92/><N who="2" m="56607" /><F130/><W1/><G40/><N who="2" m="15433" /><F48/><W32/><G32/><T79/><D79/><U111/><E6/><N who="2" m="3127" /><F85/><W80/><G1/><T82/><D82/><U28/><E28/><V134/><F134/><W36/><G36/><T16/><D51/><U76/><E133/><V15/><F15/><N who="3" m="7551" /><G95/><T125/><D125/><U14/><E14/><V21/><F21/><W83/><G83/><T29/><D29/><U13/><E13/><V100/><F100/><N who="3" m="38475" /><G58/><T24/><D62/><U19/><E117/><V108/><F108/><N who="0" m="41578" /><D25/><U22/><E111/><V87/><F87/><W135/><G135/><T128/><D128/><U47/><E121/><V45/><F45/><W39/><G39/><T131/><D131/><U127/><E47/><V114/><F114/><W34/><G34/><T105/><D105/><U42/><E122/><V7/><F7/><W120/><G120/><T94/><D104/><U35/><E127/><V27/><F27/><W5/><G5/><T55/><D55/><AGARI ba="0,0" hai="55,56,61,88,89" m="3127,15433,56607" machi="55" ten="30,2000,0" yaku="8,1,54,1" doraHai="119" who="2" fromWho="0" sc="153,-20,161,0,384,20,302,0" owari="133,-37.0,161,-24.0,404,51.0,302,10.0" /></mjloggm>