<mjloggm ver="2.3"><GO type="169" lobby="0"/><UN n0="%E3%81%AE%E3%82%89%E3%81%BF%E3%81%93" n1="%E3%81%AF%E3%81%90%E3%82%8A%E3%82%93%EF%BC%A0" n2="%64%75%72%72%72%72%72" n3="%E3%81%97%E3%81%BF%73" dan="16,17,16,17" rate="2080.47,2161.84,2118.27,2161.16" sx="M,M,M,M"/><TAIKYOKU oya="0"/><INIT seed="0,0,0,5,2,104" ten="250,250,250,250" oya="0" hai0="91,23,107,63,55,78,103,35,122,113,36,4,42" hai1="134,99,100,82,57,92,0,85,12,73,127,83,32" hai2="15,45,44,126,108,6,116,71,24,131,29,119,58" hai3="132,124,129,101,47,37,95,1,48,33,98,128,39"/><T79/><D122/><U56/><E0/><V64/><F71/><W60/><G1/><T121/><D121/><U69/><E69/><V89/><F108/><W34/><G124/><T109/><D35/><N who="3" m="13321" /><G60/><T133/><D4/><U41/><E32/><N who="2" m="20519" /><F126/><W120/><G120/><T67/><D113/><U26/><E127/><V9/><F89/><W123/><G123/><T87/><D55/><U16/><E26/><V135/><F135/><W38/><G132/><T75/><D133/><U86/><E134/><V115/><F131/><N who="3" m="50251" /><G48/><T62/><D62/><U96/><E41/><AGARI ba="0,0" hai="37,38,39,41,47,95,98,101" m="50251,13321" machi="41" ten="30,1000,0" yaku="19,1" doraHai="104" who="3" fromWho="1" sc="250,0,250,-10,250,0,250,10" /><INIT seed="1,0,0,4,4,111" ten="250,240,250,260" oya="1" hai0="41,47,34,93,126,20,113,67,127,69,35,100,106" hai1="58,51,68,107,105,72,130,102,44,30,37,83,5" hai2="97,9,121,123,92,4,24,99,94,90,77,81,1" hai3="45,98,31,110,66,13,6,17,60,84,28,120,16"/><U7/><E37/><V14/><F1/><W91/><G120/><T42/><D42/><U52/><E68/><V103/><REACH who="2" step="1"/><F24/><REACH who="2" ten="250,240,240,260" step="2"/><W112/><G110/><T54/><D127/><U10/><E130/><V21/><F21/><W87/><G112/><T12/><D20/><U40/><E30/><V76/><F76/><W50/><G31/><T3/><D113/><U129/><E129/><V74/><AGARI ba="0,1" hai="4,9,14,74,77,81,90,92,94,97,99,103,121,123" machi="74" ten="20,8000,1" yaku="1,1,0,1,7,1,53,2" doraHai="111" doraHaiUra="95" who="2" fromWho="2" sc="250,-20,240,-40,240,90,260,-20" /><INIT seed="2,0,0,2,4,10" ten="230,200,330,240" oya="2" hai0="14,96,17,53,50,48,92,83,46,88,77,56,79" hai1="72,74,16,47,11,127,131,126,82,112,57,84,68" hai2="45,63,87,113,122,55,108,81,39,27,28,73,64" hai3="44,8,124,35,29,22,86,43,24,132,111,30,51"/><V102/><F113/><W65/><G111/><T118/><D118/><U70/><E112/><V71/><F122/><W25/><G124/><T36/><D36/><U130/><E47/><V3/><F73/><W34/><G132/><T89/><D83/><U104/><E57/><V114/><F3/><W99/><G65/><T129/><D89/><U58/><E58/><V116/><F114/><W95/><G8/><T123/><D129/><N who="1" m="49163" /><E104/><V6/><F116/><W41/><G86/><T2/><D2/><U20/><E11/><V62/><F102/><W69/><G69/><N who="1" m="26730" /><E84/><V49/><F6/><W135/><G135/><T133/><D123/><U21/><E82/><V0/><F0/><W78/><G78/><T31/><D31/><U101/><E101/><V61/><F39/><W12/><G43/><N who="0" m="24671" /><D133/><U109/><E109/><V94/><F94/><W93/><REACH who="3" step="1"/><G99/><REACH who="3" ten="230,200,330,230" step="2"/><T75/><D75/><N who="1" m="28715" /><E21/><AGARI ba="0,1" hai="14,17,21,50,53,56,77,79,88,92,96" m="24671" machi="21" ten="30,3900,0" yaku="8,1,52,1,54,1" doraHai="10" who="0" fromWho="1" sc="230,49,200,-39,330,0,230,0" /><INIT seed="3,0,0,5,0,16" ten="279,161,330,230" oya="3" hai0="124,7,45,6,133,40,132,129,60,23,27,100,22" hai1="57,31,71,112,111,83,120,36,43,21,130,127,89" hai2="33,80,10,64,115,55,90,106,44,101,13,121,19" hai3="30,39,134,8,96,82,105,59,0,114,15,58,97"/><W91/><G39/><T20/><D129/><U42/><E120/><V56/><F115/><W28/><G0/><T41/><D124/><U99/><E112/><V122/><F33/><W84/><G114/><T73/><D73/><U87/><E71/><V81/><F64/><W47/><G134/><N who="0" m="51819" /><D100/><U131/><E127/><V62/><F44/><W93/><G105/><T35/><D60/><U70/><E70/><V75/><F75/><W54/><G96/><T24/><D35/><U34/><E34/><V128/><F128/><W68/><G68/><T123/><D123/><N who="2" m="47114" /><F90/><W9/><G9/><T74/><D74/><U3/><E3/><V85/><F85/><W18/><G59/><T52/><D52/><U12/><E111/><V14/><F14/><W78/><REACH who="3" step="1"/><G47/><REACH who="3" ten="279,161,330,220" step="2"/><T26/><D45/><U103/><E131/><V116/><F116/><W32/><G32/><T126/><D126/><U1/><E1/><V113/><F113/><W104/><G104/><T49/><D49/><AGARI ba="0,1" hai="8,15,18,28,30,49,54,58,78,82,84,91,93,97" machi="49" ten="30,11600,0" yaku="1,1,7,1,8,1,53,1" doraHai="16" doraHaiUra="53" who="3" fromWho="0" sc="279,-116,161,0,330,0,220,126" /><INIT seed="3,1,0,5,0,100" ten="163,161,330,346" oya="3" hai0="11,94,44,113,43,25,79,47,48,12,70,78,31" hai1="98,88,96,28,19,52,64,45,58,72,67,23,107" hai2="16,37,57,76,126,102,56,77,59,93,51,106,15" hai3="86,63,1,41,115,49,60,54,4,119,27,130,105"/><W14/><G1/><T50/><D70/><U101/><E72/><V36/><F106/><W3/><G3/><T84/><D113/><U80/><E28/><V30/><F30/><W124/><G124/><T89/><D25/><U20/><E45/><V0/><F0/><W95/><G105/><T99/><D99/><U87/><E98/><N who="2" m="59727" /><F36/><W55/><G130/><T82/><D31/><U85/><E85/><V39/><F39/><W109/><G119/><T17/><REACH who="0" step="1"/><D94/><REACH who="0" ten="153,161,330,346" step="2"/><U75/><E75/><V91/><F126/><W132/><G27/><T26/><D26/><U73/><E73/><V24/><F24/><W61/><G115/><T10/><D10/><U9/><E9/><N who="2" m="6255" /><F37/><W127/><G127/><T117/><D117/><U112/><E112/><V108/><F108/><W32/><G109/><T38/><D38/><U111/><E111/><V81/><F51/><W53/><G32/><T22/><D22/><U8/><E8/><V116/><F116/><W133/><G49/><T120/><D120/><U121/><E121/><V125/><F125/><W68/><G68/><T35/><D35/><U122/><E122/><V5/><F5/><W46/><G4/><T90/><D90/><U114/><E114/><V33/><F33/><W42/><G95/><T21/><D21/><U2/><E23/><V66/><F66/><W92/><G92/><T97/><D97/><U123/><E123/><V83/><F91/><W6/><G6/><T128/><D128/><U13/><E2/><V65/><F65/><W110/><G110/><T135/><D135/><U129/><E129/><V62/><F62/><AGARI ba="1,1" hai="13,19,20,52,58,62,64,67,80,87,88,96,101,107" machi="62" ten="30,8000,1" yaku="6,1,7,1,52,1,54,2" doraHai="100" who="1" fromWho="2" sc="153,0,161,93,330,-83,346,0" /><INIT seed="4,0,0,3,3,95" ten="153,254,247,346" oya="0" hai0="90,54,72,30,93,120,61,94,98,134,50,127,116" hai1="37,77,5,21,118,102,110,68,115,112,109,96,2" hai2="128,89,105,111,6,12,87,81,47,129,22,42,80" hai3="122,57,27,25,62,28,76,18,65,7,4,34,91"/><T43/><D120/><U101/><E37/><V0/><F0/><W82/><G122/><T78/><D116/><U119/><E68/><V44/><F111/><N who="1" m="42505" /><E21/><V86/><F105/><W9/><G91/><T125/><D30/><U13/><E13/><V121/><F121/><W39/><G39/><T19/><D134/><U33/><E33/><V49/><F44/><W56/><G56/><T15/><D94/><N who="1" m="58519" /><E102/><V24/><F24/><W38/><G38/><T46/><D78/><U26/><E26/><V99/><F99/><W17/><G25/><T113/><D113/><N who="1" m="43595" /><E77/><N who="2" m="46351" /><F22/><W64/><G64/><T14/><D72/><U132/><E132/><V133/><F133/><W53/><G65/><T130/><D130/><U131/><E131/><V48/><F48/><W67/><G67/><T58/><REACH who="0" step="1"/><D15/><REACH who="0" ten="143,254,247,346" step="2"/><U79/><E79/><V75/><F75/><W69/><G76/><T100/><D100/><U8/><AGARI ba="0,1" hai="2,5,8,118,119" m="43595,58519,42505" machi="8" ten="40,5200,0" yaku="15,1,11,1,52,1" doraHai="95" who="1" fromWho="1" sc="143,-26,254,62,247,-13,346,-13" /><INIT seed="5,0,0,0,2,115" ten="117,316,234,333" oya="1" hai0="67,37,15,73,12,16,46,74,92,119,61,109,77" hai1="116,132,70,58,110,72,112,93,1,81,51,25,44" hai2="91,76,113,106,54,9,34,45,17,43,117,30,90" hai3="130,64,68,7,63,2,124,40,35,101,83,97,38"/><U31/><E112/><V36/><F117/><W87/><G124/><T94/><D119/><U98/><E70/><V29/><F113/><W86/><G130/><T28/><D109/><U96/><E110/><V53/><F106/><W62/><G35/><T52/><D28/><U10/><E116/><V33/><F76/><W56/><G2/><T133/><D133/><U111/><E132/><V78/><F78/><W134/><G7/><T114/><D114/><U128/><E58/><V0/><F0/><W55/><G134/><T60/><D15/><U19/><E81/><V82/><F82/><W27/><G27/><T4/><D4/><U24/><E72/><V88/><F9/><W120/><G120/><T118/><D118/><U80/><E80/><V49/><F17/><W23/><G23/><T50/><D37/><U84/><E128/><V79/><F79/><W5/><G5/><T99/><D67/><U32/><E1/><V20/><F20/><W126/><G83/><T18/><D18/><U26/><E26/><V3/><F3/><W131/><G126/><T107/><D107/><U39/><E39/><V121/><F121/><W42/><G38/><T122/><D122/><U8/><E8/><V102/><F102/><W69/><G69/><T85/><D77/><U6/><E6/><V129/><F129/><W89/><G131/><T47/><D74/><U59/><E111/><V104/><F104/><N who="3" m="63535" /><G89/><N who="0" m="53295" /><D73/><U75/><E75/><V100/><F100/><W135/><G135/><T13/><D13/><N who="1" m="7607" /><E24/><N who="2" m="18599" /><F36/><W103/><G103/><N who="0" m="60919" /><D46/><U21/><E32/><V22/><F34/><W123/><G123/><RYUUKYOKU ba="0,0" sc="117,10,316,-30,234,10,333,10" hai0="12,16,47,50,52,60,61" hai2="22,30,43,45,49,53,54,88,90,91" hai3="40,42,55,56,62,63,64,68,86,87" /><INIT seed="6,1,0,4,2,89" ten="127,286,244,343" oya="2" hai0="9,36,48,57,78,12,100,133,44,53,33,15,27" hai1="6,129,68,112,65,50,31,115,104,64,72,77,74" hai2="25,52,28,92,106,21,122,22,17,34,45,90,51" hai3="3,117,73,42,11,40,113,134,23,49,126,8,43"/><V107/><F122/><W119/><G73/><T75/><D133/><U69/><E104/><V114/><F114/><W37/><G37/><T120/><D120/><U88/><E31/><V60/><F60/><W56/><G3/><T26/><D100/><U109/><E6/><V39/><F39/><W70/><G70/><T19/><D33/><U135/><E109/><V1/><F1/><W76/><G76/><T0/><D15/><U105/><E105/><V46/><F46/><W55/><G134/><T20/><D78/><U130/><E77/><V59/><F45/><W30/><G113/><N who="1" m="43594" /><E88/><V91/><F91/><W58/><G126/><T103/><D103/><U102/><E50/><V84/><F34/><W128/><G128/><N who="1" m="49258" /><E102/><V108/><F108/><W35/><G35/><T86/><D75/><N who="1" m="28715" /><E135/><V101/><F101/><W125/><G125/><T2/><D86/><U121/><E121/><V38/><F38/><W16/><G30/><T99/><D99/><U29/><E29/><V18/><F28/><W41/><G117/><T93/><D36/><U118/><E118/><V32/><F32/><W96/><G119/><T87/><D27/><AGARI ba="1,0" hai="17,18,21,22,25,27,51,52,59,84,90,92,106,107" machi="27" ten="30,11600,0" yaku="7,1,9,1,52,1,54,1" doraHai="89" who="2" fromWho="0" sc="127,-119,286,0,244,119,343,0" /><INIT seed="6,2,0,1,0,70" ten="8,286,363,343" oya="2" hai0="10,40,96,114,110,127,98,51,76,7,15,31,113" hai1="91,72,105,17,5,16,122,112,65,46,22,44,8" hai2="123,64,99,13,118,84,102,2,62,131,28,60,58" hai3="132,61,3,73,69,130,120,133,126,86,9,0,119"/><V94/><F123/><W134/><G73/><T66/><D110/><U93/><E105/><V14/><F118/><W25/><G119/><T75/><D66/><U47/><E72/><V33/><F2/><W48/><G120/><T71/><D71/><U52/><E122/><V32/><F131/><W23/><G69/><T90/><D31/><U103/><E103/><V53/><F84/><W45/><G130/><T38/><D127/><U115/><E65/><V128/><F128/><W43/><G126/><T87/><D51/><U111/><E111/><V39/><F39/><W35/><G35/><T55/><D55/><U135/><E135/><V79/><F79/><W57/><G86/><T67/><D67/><U109/><E109/><V18/><F28/><W108/><G9/><T116/><D116/><U30/><E30/><V77/><F77/><W63/><G108/><T56/><D56/><U41/><E41/><V54/><F14/><W121/><G121/><T95/><D98/><U29/><E29/><V34/><REACH who="2" step="1"/><F62/><REACH who="2" ten="8,286,353,343" step="2"/><W81/><G63/><T78/><D78/><U129/><E129/><V42/><F42/><W68/><G0/><N who="0" m="359" /><D87/><N who="1" m="52479" /><E115/><N who="0" m="44041" /><D15/><N who="1" m="5519" /><E112/><V36/><F36/><W50/><G3/><T4/><D4/><U117/><E117/><V107/><F107/><W82/><G133/><T37/><D40/><U106/><E106/><V125/><F125/><W24/><G134/><T26/><D26/><N who="1" m="14663" /><E17/><V89/><F89/><W124/><G132/><T104/><D104/><U85/><E85/><V59/><F59/><W19/><G124/><T20/><D20/><AGARI ba="2,1" hai="13,18,20,32,33,34,53,54,58,60,64,94,99,102" machi="20" ten="40,3900,0" yaku="1,1,53,1" doraHai="70" doraHaiUra="92" who="2" fromWho="0" sc="8,-45,286,0,353,55,343,0" owari="-37,-54.0,286,-11.0,408,51.0,343,14.0" /></mjloggm>