<mjloggm ver="2.3"><GO type="169" lobby="0"/><UN n0="%E5%9C%92%E7%94%B0%E8%B3%A2" n1="%E3%83%AB%E3%83%AB%E5%8F%82%E4%B8%8A" n2="%5A%E6%B0%91" n3="%E8%B0%B7%E5%8F%A3%E3%81%93%E3%81%86%E3%81%B8%E3%81%84" dan="16,16,17,18" rate="2072.02,2143.56,2194.85,2307.34" sx="M,F,M,M"/><TAIKYOKU oya="0"/><INIT seed="0,0,0,0,5,98" ten="250,250,250,250" oya="0" hai0="105,95,14,21,37,93,61,86,62,96,119,88,28" hai1="27,57,11,127,115,101,23,131,31,43,135,1,39" hai2="50,122,114,103,5,85,35,87,47,32,104,19,44" hai3="72,123,40,133,48,132,113,91,67,106,75,90,6"/><T66/><D119/><U71/><E71/><V128/><F122/><W116/><G67/><T63/><D37/><U94/><E115/><V24/><F114/><W89/><G113/><T121/><D121/><U30/><E30/><V78/><F5/><W92/><G6/><T20/><D105/><U26/><E1/><V76/><F19/><W3/><G3/><T36/><D36/><U25/><E11/><V110/><F50/><W100/><G40/><T77/><D21/><U38/><E131/><V60/><F60/><W15/><G15/><T0/><D0/><U82/><E27/><V79/><F128/><W107/><G48/><T73/><D73/><N who="3" m="28233" /><G116/><T99/><D99/><N who="1" m="59639" /><E82/><V49/><F24/><W45/><G45/><T54/><D54/><U12/><E43/><V18/><F35/><W124/><G124/><T2/><D2/><U108/><E127/><V10/><F32/><W4/><G4/><T22/><D22/><U83/><E25/><V112/><F112/><W68/><G68/><T55/><D55/><U13/><E13/><V58/><F10/><W59/><G59/><T52/><D52/><U81/><E57/><V118/><F58/><W102/><G92/><N who="0" m="56327" /><D66/><U65/><E65/><V53/><F118/><W117/><G117/><T7/><D28/><U84/><E39/><V42/><F42/><W41/><G41/><T129/><D129/><U46/><E38/><V120/><F47/><W111/><G123/><T126/><D126/><U9/><E46/><V17/><F120/><W109/><G107/><T34/><D34/><U130/><E130/><V80/><F44/><RYUUKYOKU ba="0,0" sc="250,0,250,0,250,0,250,0" /><INIT seed="1,1,0,1,4,63" ten="250,250,250,250" oya="1" hai0="118,124,102,76,51,75,121,39,85,83,55,114,74" hai1="62,82,6,20,2,58,97,109,61,125,14,120,8" hai2="80,117,100,130,53,33,101,104,99,116,107,40,88" hai3="69,59,89,50,42,44,17,73,70,92,128,87,94"/><U16/><E120/><V35/><F40/><W32/><G128/><T29/><D118/><U49/><E125/><V4/><F4/><W108/><G108/><T18/><D124/><U135/><E109/><V77/><F53/><W41/><G32/><T111/><D111/><U24/><E135/><V25/><F130/><W122/><G122/><T95/><D114/><U9/><E82/><V19/><F19/><W56/><G73/><T96/><D121/><U112/><E112/><V52/><F52/><W15/><G42/><T65/><D39/><U71/><E71/><V36/><F36/><W27/><G27/><T126/><D126/><U91/><E49/><V129/><F129/><W34/><G34/><T68/><D29/><U103/><E91/><V78/><F80/><W31/><G31/><T93/><D18/><U12/><E58/><V123/><F123/><W30/><G30/><T133/><D133/><U64/><E64/><V21/><F99/><W66/><G94/><T86/><D65/><U5/><E2/><V47/><F25/><W98/><G98/><T132/><D68/><U115/><E115/><V13/><F13/><W105/><G105/><AGARI ba="1,0" hai="5,6,8,9,12,14,16,20,24,61,62,97,103,105" machi="105" ten="30,5800,0" yaku="7,1,9,1,54,1" doraHai="63" who="1" fromWho="3" sc="250,0,250,61,250,0,250,-61" /><INIT seed="1,2,0,0,1,112" ten="250,311,250,189" oya="1" hai0="3,118,8,11,4,21,47,60,103,104,53,27,66" hai1="55,31,101,54,108,110,98,86,134,97,51,24,6" hai2="58,102,89,107,87,50,40,62,41,5,81,70,38" hai3="90,80,74,130,28,65,56,127,63,88,128,99,93"/><U57/><E134/><V71/><F5/><W109/><G109/><N who="1" m="42090" /><E6/><V46/><F41/><W14/><G127/><T94/><D104/><U13/><E13/><V30/><F30/><W7/><G28/><T67/><D118/><U115/><E115/><V37/><F37/><W26/><G26/><T44/><D11/><U1/><E1/><V133/><F133/><W69/><G69/><T19/><D53/><N who="1" m="31935" /><E86/><V100/><F107/><W52/><G65/><T68/><D67/><U2/><E2/><V132/><F132/><W76/><REACH who="3" step="1"/><G90/><REACH who="3" ten="250,311,250,179" step="2"/><T0/><D66/><U17/><E31/><V111/><F111/><W82/><G82/><T64/><D3/><U95/><E97/><V12/><F71/><W33/><G33/><T36/><D68/><U120/><E120/><V106/><F70/><W91/><G91/><T49/><D64/><U126/><E126/><V75/><F89/><W96/><G96/><T122/><D0/><U10/><E24/><V123/><F81/><W119/><G119/><T92/><D27/><U125/><E125/><V42/><F123/><W124/><G124/><T20/><D122/><U45/><E98/><V114/><F114/><W59/><G59/><T78/><D47/><U77/><E45/><V35/><F46/><W73/><G73/><T15/><D44/><U9/><E101/><V39/><F102/><W32/><G32/><T84/><D103/><U22/><E95/><V129/><F100/><W135/><G135/><T61/><D94/><U48/><E77/><V72/><F75/><W29/><G29/><T25/><D78/><U85/><E85/><RYUUKYOKU ba="2,1" sc="250,-10,311,-10,250,-10,179,30" hai3="7,14,52,56,63,74,76,80,88,93,99,128,130" /><INIT seed="2,3,1,2,2,72" ten="240,301,240,209" oya="2" hai0="127,43,53,113,60,129,5,12,82,107,37,4,79" hai1="90,65,52,67,58,66,24,10,125,68,23,18,77" hai2="71,11,34,103,57,106,17,134,116,8,9,22,124" hai3="27,122,75,99,101,123,70,115,46,30,98,84,74"/><V95/><F71/><W93/><G115/><T104/><D113/><U126/><E68/><V2/><F116/><W121/><G70/><T32/><D32/><U14/><E90/><V81/><F34/><W61/><G61/><T16/><D129/><U26/><E77/><V92/><F2/><W100/><G46/><T55/><D127/><U97/><E97/><V28/><F124/><N who="1" m="47721" /><E10/><V7/><F7/><W6/><G6/><T51/><D60/><AGARI ba="3,1" hai="14,18,23,24,26,52,58,60,65,66,67" m="47721" machi="60" ten="30,2000,0" yaku="18,1,54,1" doraHai="72" who="1" fromWho="0" sc="240,-29,301,39,240,0,209,0" /><INIT seed="3,0,0,4,0,105" ten="211,340,240,209" oya="3" hai0="34,131,73,46,57,84,14,87,36,67,31,26,54" hai1="5,115,12,19,21,132,53,1,74,40,62,127,70" hai2="89,2,71,63,50,94,56,72,116,91,101,117,61" hai3="104,98,77,9,85,81,59,108,135,20,80,48,88"/><W42/><G135/><T4/><D131/><U30/><E115/><V47/><F2/><W129/><G129/><T64/><D73/><U58/><E132/><V95/><F71/><W113/><G113/><T25/><D25/><U99/><E70/><V133/><F101/><W7/><G108/><T15/><D67/><U86/><E40/><V130/><F133/><W107/><G20/><T123/><D64/><U0/><E74/><V60/><F72/><W37/><G37/><T10/><D123/><U126/><E30/><V75/><F75/><W128/><G128/><T78/><D78/><U33/><E33/><V52/><F130/><W119/><G119/><T35/><D34/><U100/><E86/><V114/><F114/><W76/><G81/><T11/><D46/><U90/><E90/><V51/><F94/><W16/><G16/><T27/><D26/><U120/><E5/><V134/><F91/><W69/><G69/><T93/><D36/><U68/><E68/><V18/><F18/><W121/><G121/><T65/><D65/><U96/><E96/><V102/><F102/><N who="3" m="62551" /><G107/><T125/><D93/><N who="1" m="58479" /><E120/><V83/><F83/><W29/><G29/><T49/><REACH who="0" step="1"/><D125/><AGARI ba="0,0" hai="0,1,12,19,21,53,58,62,125,126,127" m="58479" machi="125" ten="30,1000,0" yaku="18,1" doraHai="105" who="1" fromWho="0" sc="211,-10,340,10,240,0,209,0" /><INIT seed="4,0,0,0,3,69" ten="201,350,240,209" oya="0" hai0="131,133,132,112,23,33,85,93,107,13,56,47,25" hai1="111,12,37,87,79,54,103,91,72,48,35,95,16" hai2="121,134,14,64,109,34,98,80,43,104,0,130,22" hai3="4,44,7,38,45,101,126,78,53,113,67,125,118"/><T29/><D107/><U116/><E116/><V65/><F0/><W58/><G118/><T3/><D3/><U94/><E111/><V115/><F34/><W90/><G101/><T83/><D112/><U51/><E35/><V59/><F80/><W9/><G113/><T21/><D131/><U42/><E72/><V76/><F76/><W105/><G105/><T36/><D93/><U55/><E79/><V31/><F31/><W99/><G67/><T30/><D56/><U70/><E70/><V123/><F43/><N who="3" m="22647" /><G45/><T19/><D30/><U129/><E129/><V15/><F59/><W117/><G117/><T71/><D71/><U57/><E37/><V41/><F41/><W39/><G39/><T24/><D24/><U84/><E42/><V5/><F65/><W6/><G78/><N who="0" m="46327" /><D47/><N who="1" m="27935" /><E103/><V122/><F115/><W97/><G90/><T46/><D46/><U18/><E18/><V49/><F130/><W20/><G20/><N who="0" m="11375" /><D36/><U119/><E119/><V27/><F123/><W32/><G32/><T2/><D2/><U52/><E55/><V61/><F122/><W1/><G1/><T135/><AGARI ba="0,0" hai="21,23,25,29,33,132,133,135" m="11375,46327" machi="135" ten="30,1500,0" yaku="20,1" doraHai="69" who="0" fromWho="0" sc="201,15,350,-5,240,-5,209,-5" /><INIT seed="4,1,0,0,1,35" ten="216,345,235,204" oya="0" hai0="48,5,27,63,2,36,53,133,21,108,73,100,57" hai1="75,42,60,67,113,83,80,98,10,90,125,112,50" hai2="86,31,66,106,70,14,127,76,128,102,24,69,103" hai3="119,52,11,122,111,94,65,34,59,26,79,121,107"/><T68/><D133/><U135/><E135/><V25/><F128/><W92/><G111/><T130/><D130/><U95/><E125/><V28/><F127/><W47/><G107/><T44/><D108/><U89/><E75/><V45/><F14/><W88/><G119/><T110/><D110/><U43/><E10/><V123/><F45/><W51/><G79/><T105/><D73/><U77/><E89/><V87/><F106/><W118/><G118/><T93/><D105/><U55/><E43/><V23/><F23/><W29/><G11/><T101/><D68/><U97/><E97/><V64/><REACH who="2" step="1"/><F76/><REACH who="2" ten="216,345,225,204" step="2"/><W71/><G47/><T19/><D36/><U72/><E77/><V49/><F49/><W12/><G12/><T32/><D32/><U132/><E132/><V8/><F8/><W56/><G121/><AGARI ba="1,1" hai="24,25,28,31,64,66,69,70,86,87,102,103,121,123" machi="121" ten="25,3200,0" yaku="1,1,22,2,53,0" doraHai="35" doraHaiUra="7" who="2" fromWho="3" sc="216,0,345,0,225,45,204,-35" /><INIT seed="5,0,0,5,1,107" ten="216,345,270,169" oya="1" hai0="34,99,92,78,14,127,73,32,12,66,1,111,83" hai1="30,26,108,114,19,4,130,51,11,118,85,5,38" hai2="104,64,9,106,2,17,43,36,37,50,113,29,90" hai3="82,122,48,121,131,88,86,59,28,117,58,53,6"/><U52/><E38/><V93/><F29/><W125/><G125/><T62/><D1/><U109/><E118/><V16/><F64/><W63/><G131/><T67/><D127/><U81/><E130/><V112/><F50/><W76/><G117/><T18/><D111/><N who="1" m="42571" /><E19/><N who="2" m="7243" /><F9/><W129/><G129/><T96/><D14/><U102/><E102/><V135/><F2/><W40/><G6/><T95/><D99/><U23/><E114/><N who="2" m="44139" /><F135/><W41/><G28/><T103/><D95/><U8/><E8/><V128/><F128/><W61/><G122/><T33/><REACH who="0" step="1"/><D62/><REACH who="0" ten="206,345,270,169" step="2"/><U98/><E11/><AGARI ba="0,1" hai="11,12,18,32,33,34,66,67,73,78,83,92,96,103" machi="11" ten="40,8000,1" yaku="1,1,2,1,52,1,53,1" doraHai="107" doraHaiUra="97" who="0" fromWho="1" sc="206,90,345,-80,270,0,169,0" /><INIT seed="6,0,0,5,2,45" ten="296,265,270,169" oya="2" hai0="12,21,39,106,123,104,2,1,110,94,103,46,64" hai1="115,92,29,131,6,48,99,18,54,30,80,67,13" hai2="118,100,112,53,109,15,121,59,89,73,65,130,50" hai3="135,78,91,11,128,85,27,40,77,32,3,49,76"/><V116/><F121/><W22/><G128/><T114/><D123/><U84/><E131/><V125/><F130/><W5/><G135/><T101/><D110/><U126/><E67/><V79/><F100/><W42/><G32/><T108/><D108/><U117/><E6/><V69/><F109/><W120/><G120/><T28/><D94/><U97/><E115/><V86/><F112/><W31/><G42/><T96/><D64/><U25/><E117/><V8/><F125/><W75/><G75/><T33/><D33/><U34/><E29/><V74/><F79/><W102/><G102/><T63/><D63/><U20/><E92/><V23/><F74/><W72/><G72/><T68/><D68/><U87/><E87/><V24/><F73/><W111/><G111/><T7/><D114/><U82/><E126/><V61/><F8/><W38/><G38/><T105/><D105/><U119/><E119/><V35/><F15/><W41/><REACH who="3" step="1"/><G49/><REACH who="3" ten="296,265,270,159" step="2"/><T88/><D103/><U122/><E122/><V14/><F35/><W44/><G44/><T57/><D46/><U60/><E60/><V36/><F36/><W93/><AGARI ba="0,1" hai="3,5,11,22,27,31,40,41,76,77,78,85,91,93" machi="93" ten="30,2000,0" yaku="1,1,0,1,53,0" doraHai="45" doraHaiUra="51" who="3" fromWho="3" sc="296,-5,265,-5,270,-10,159,30" /><INIT seed="7,0,0,4,3,44" ten="291,260,260,189" oya="3" hai0="129,115,31,18,40,106,85,59,6,14,27,87,43" hai1="107,46,55,100,29,62,53,86,41,66,5,128,108" hai2="111,7,26,125,74,76,30,101,67,97,77,112,83" hai3="80,21,42,73,75,133,124,127,56,28,38,54,81"/><W82/><G38/><T91/><D106/><U102/><E108/><V2/><F111/><W118/><G118/><T50/><D129/><U98/><E128/><V123/><F112/><W3/><G42/><N who="0" m="15915" /><D115/><U65/><E65/><V24/><F125/><W57/><G3/><T120/><D120/><U61/><E61/><V103/><F123/><W64/><G64/><T89/><D6/><U92/><E5/><V52/><F67/><W130/><G130/><T113/><D113/><U16/><E29/><V94/><F77/><W33/><G33/><T37/><D37/><U109/><E109/><V131/><F131/><W15/><G133/><T19/><D31/><U45/><E45/><V9/><F30/><W8/><G21/><N who="0" m="13751" /><D87/><U51/><E16/><V34/><F34/><W99/><G28/><T35/><D35/><U104/><E104/><V126/><F126/><N who="3" m="48171" /><G99/><T47/><D59/><N who="3" m="22601" /><G54/><N who="0" m="30047" /><D85/><U20/><E86/><V23/><F97/><W71/><G71/><T119/><D119/><U60/><E66/><V96/><F96/><W114/><G114/><T11/><AGARI ba="0,0" hai="11,14,19,89,91" m="30047,13751,15915" machi="11" ten="30,2000,0" yaku="8,1,52,1" doraHai="44" who="0" fromWho="0" sc="291,20,260,-5,260,-5,189,-10" owari="311,40.0,255,6.0,255,-14.0,179,-32.0" /></mjloggm>