<mjloggm ver="2.3"><GO type="169" lobby="0"/><UN n0="%41%53%41%4B%41%57%41" n1="%74%6F%72%69%30%36%31%32" n2="%E5%80%89%E6%A9%8B%EF%BC%A0%E4%BA%8B%E5%8B%99" n3="%E9%BA%BB%E9%9B%80%49%51%31%32%30" dan="16,17,16,16" rate="2150.52,2171.68,2124.35,2154.71" sx="M,M,M,M"/><TAIKYOKU oya="0"/><INIT seed="0,0,0,3,3,74" ten="250,250,250,250" oya="0" hai0="48,101,92,5,88,84,114,25,110,29,19,106,99" hai1="62,108,14,115,27,3,118,6,105,55,89,102,75" hai2="43,12,81,57,72,98,65,32,100,30,117,131,120" hai3="132,111,96,133,76,41,69,44,125,34,51,42,82"/><T97/><D114/><U35/><E89/><V21/><F120/><W73/><G69/><T121/><D121/><U127/><E55/><V0/><F0/><W38/><G34/><T70/><D70/><U78/><E14/><V66/><F43/><W9/><G111/><T63/><D110/><U68/><E108/><V45/><F45/><W87/><G125/><T103/><D5/><U22/><E22/><V54/><F32/><W94/><G41/><T109/><D109/><U37/><E37/><V17/><F131/><W28/><G28/><T60/><D48/><U47/><E47/><V123/><F30/><W40/><G40/><T129/><D19/><U24/><E24/><V1/><F1/><W122/><G122/><T50/><D50/><U49/><E49/><V59/><F123/><W79/><G79/><T112/><D129/><U67/><E118/><V36/><F36/><W124/><G124/><T53/><D53/><U116/><E116/><V4/><F4/><W119/><G119/><T7/><D112/><U33/><E127/><V8/><F8/><W86/><G9/><T134/><D134/><N who="3" m="51817" /><G38/><T58/><D7/><U128/><E128/><V2/><F2/><W126/><G126/><T130/><D58/><N who="2" m="22026" /><F117/><W83/><G83/><T46/><D46/><U39/><E115/><V56/><F81/><W26/><G26/><T135/><D130/><U71/><E39/><V90/><F72/><W107/><G107/><N who="0" m="63919" /><D135/><U11/><E71/><V113/><F113/><W13/><G13/><T95/><D106/><U91/><E6/><V20/><F12/><W80/><G80/><RYUUKYOKU ba="0,0" sc="250,15,250,-15,250,-15,250,15" hai0="25,29,60,63,84,88,92,95,99,103" hai3="42,44,51,73,76,82,86,87,94,96" /><INIT seed="0,1,0,1,2,51" ten="265,235,235,265" oya="0" hai0="122,120,129,121,23,29,67,56,126,100,134,130,43" hai1="104,82,25,83,119,32,133,3,94,48,53,108,6" hai2="33,124,8,123,2,19,102,39,66,42,9,114,18" hai3="92,80,11,35,14,16,98,50,7,41,96,81,13"/><T77/><D100/><U89/><E104/><V103/><F33/><W45/><G35/><T87/><D43/><U34/><E119/><V38/><F123/><W110/><G110/><T21/><D77/><U107/><E107/><V78/><F114/><W73/><G73/><T79/><D79/><U15/><E3/><V0/><F78/><W88/><REACH who="3" step="1"/><G98/><REACH who="3" ten="265,235,235,255" step="2"/><T28/><D87/><N who="1" m="52543" /><E34/><V91/><F124/><W112/><G112/><T36/><D126/><U30/><E32/><V58/><F42/><W115/><G115/><T1/><D134/><U99/><E133/><V72/><F72/><W131/><G131/><N who="0" m="50187" /><D122/><U69/><E108/><V46/><F39/><W132/><G132/><T90/><D36/><U31/><E99/><V75/><F75/><W105/><G105/><T68/><D120/><U20/><E69/><V26/><F38/><W37/><G37/><T5/><D68/><U22/><E31/><V4/><F103/><W47/><G47/><T65/><D28/><U74/><E74/><V85/><F102/><W125/><G125/><T12/><D29/><U63/><E30/><V109/><F46/><W62/><G62/><T95/><D121/><U93/><E63/><N who="2" m="38263" /><F109/><W76/><G76/><T101/><D101/><U97/><E97/><V127/><F127/><W64/><G64/><T71/><D67/><U84/><E84/><V54/><F85/><W111/><G111/><T44/><D71/><U49/><E49/><V17/><F91/><W52/><G52/><T61/><D44/><U60/><E60/><V40/><F54/><W128/><G128/><T59/><D65/><RYUUKYOKU ba="1,1" sc="265,-10,235,-10,235,-10,255,30" hai3="7,11,13,14,16,41,45,50,80,81,88,92,96" /><INIT seed="1,2,1,0,5,68" ten="255,225,225,285" oya="1" hai0="120,98,69,87,88,115,70,85,34,78,18,111,75" hai1="101,67,121,134,74,12,40,19,38,1,102,100,52" hai2="109,125,27,86,37,41,89,131,95,116,16,133,71" hai3="35,45,90,135,47,110,51,129,122,58,108,96,59"/><U105/><E1/><V56/><F71/><W36/><G35/><T6/><D115/><U104/><E74/><V91/><F116/><W44/><G96/><T72/><D34/><U30/><E30/><V77/><F77/><W54/><G90/><T25/><D6/><U8/><E67/><V127/><F109/><N who="3" m="42091" /><G122/><T113/><D69/><U76/><E76/><V57/><F131/><W5/><G5/><T39/><D70/><U130/><E121/><V66/><F133/><W124/><G135/><T48/><D88/><U73/><E73/><V24/><F66/><W49/><G124/><N who="2" m="47689" /><F91/><W126/><G126/><T93/><D87/><U60/><E130/><V43/><F43/><N who="3" m="22631" /><G129/><T117/><D85/><U28/><E134/><V22/><F27/><W81/><G81/><T63/><D25/><U103/><E103/><V9/><F9/><W65/><G65/><T33/><D75/><U62/><E105/><V2/><F2/><W3/><G3/><T106/><D72/><U26/><E104/><V53/><F53/><AGARI ba="2,1" hai="45,47,49,51,53,54,58,59" m="22631,42091" machi="53" ten="30,7700,0" yaku="14,1,34,2,52,1" doraHai="68" who="3" fromWho="2" sc="255,0,225,0,225,-83,285,93" /><INIT seed="2,0,0,2,4,53" ten="255,225,142,378" oya="2" hai0="32,1,100,60,54,41,86,129,123,82,13,115,12" hai1="91,68,79,23,43,63,102,81,67,57,92,96,72" hai2="29,8,42,5,56,117,49,98,69,101,3,111,14" hai3="4,51,73,15,70,77,118,103,62,113,28,127,21"/><V109/><F117/><W130/><G118/><T48/><D32/><U10/><E43/><V55/><F69/><W7/><G103/><T59/><D1/><U110/><E110/><N who="2" m="41995" /><F29/><W75/><G113/><T25/><D129/><U87/><E10/><V97/><F42/><W50/><G130/><T40/><D123/><U114/><E23/><V17/><F101/><W126/><G77/><N who="0" m="46415" /><D115/><U22/><E22/><AGARI ba="0,0" hai="3,5,8,14,17,22,49,55,56,97,98" m="41995" machi="22" ten="30,5800,0" yaku="14,1,10,1,52,1" doraHai="53" who="2" fromWho="1" sc="255,0,225,-58,142,58,378,0" /><INIT seed="2,1,0,0,0,78" ten="255,167,200,378" oya="2" hai0="128,75,16,19,129,43,30,68,37,63,81,132,1" hai1="113,117,131,52,59,82,62,23,40,127,125,47,134" hai2="36,20,55,14,98,111,83,108,5,3,60,44,120" hai3="101,97,114,29,0,133,58,107,24,66,11,56,6"/><V9/><F120/><W77/><G133/><T106/><D106/><U22/><E117/><V71/><F98/><W10/><G114/><T93/><D1/><U130/><E113/><V72/><F71/><W91/><G11/><T102/><D30/><U87/><E134/><V35/><F35/><W7/><G7/><T112/><D112/><U45/><E22/><V115/><F115/><W103/><G103/><T90/><D102/><U48/><E23/><V73/><F60/><W92/><G77/><N who="0" m="44223" /><D37/><N who="1" m="21647" /><E82/><V61/><F61/><W57/><G66/><N who="0" m="41055" /><D43/><N who="1" m="24703" /><E87/><V79/><F73/><W88/><REACH who="3" step="1"/><G107/><REACH who="3" ten="255,167,200,368" step="2"/><T27/><D132/><U109/><E109/><N who="2" m="42059" /><F55/><W96/><G96/><N who="0" m="57399" /><D27/><U104/><E104/><V25/><F14/><W74/><G74/><T32/><D32/><AGARI ba="1,1" hai="0,6,10,24,29,32,56,57,58,88,91,92,97,101" machi="32" ten="40,2600,0" yaku="1,1,54,1,53,0" doraHai="78" doraHaiUra="76" who="3" fromWho="0" sc="255,-29,167,0,200,0,368,39" /><INIT seed="3,0,0,4,4,78" ten="226,167,200,407" oya="3" hai0="49,130,52,14,113,134,33,111,86,112,42,7,99" hai1="101,64,32,69,53,47,135,115,22,8,75,58,67" hai2="89,114,31,61,120,62,71,104,34,55,132,18,109" hai3="123,108,23,82,19,63,6,127,48,29,43,126,25"/><W85/><G123/><T97/><D33/><U83/><E32/><V17/><F114/><N who="0" m="44138" /><D111/><U44/><E115/><V106/><F109/><W60/><G108/><T73/><D73/><U122/><E122/><V81/><F120/><W28/><G6/><T35/><D35/><U9/><E101/><V40/><F40/><W57/><G127/><T37/><D42/><U84/><E75/><V51/><F132/><W88/><G126/><T30/><D30/><U10/><E22/><V103/><F18/><W26/><G26/><T70/><D70/><U87/><E87/><V105/><F17/><W39/><G39/><T92/><D37/><U38/><E69/><V16/><F103/><W96/><G96/><T56/><D130/><U76/><E135/><V20/><F31/><N who="3" m="11851" /><G57/><T119/><D119/><U107/><E107/><V36/><F34/><W66/><G66/><N who="1" m="25130" /><E38/><V117/><F36/><W94/><G94/><T2/><D2/><U72/><E72/><V41/><F71/><W0/><G0/><T5/><D134/><U121/><E121/><V128/><F128/><W45/><AGARI ba="0,0" hai="19,23,25,43,45,48,60,63,82,85,88" m="11851" machi="45" ten="30,6000,0" yaku="8,1,52,1,54,1" doraHai="78" who="3" fromWho="3" sc="226,-20,167,-20,200,-20,407,60" /><INIT seed="3,1,0,1,5,122" ten="206,147,180,467" oya="3" hai0="18,56,129,115,93,114,8,105,17,109,35,72,63" hai1="118,12,134,23,55,97,32,71,116,84,104,41,90" hai2="124,40,111,0,30,86,87,49,73,27,21,89,3" hai3="5,67,132,52,127,80,11,76,60,110,125,85,103"/><W59/><G132/><T33/><D105/><U107/><E32/><N who="0" m="12361" /><D72/><U123/><E71/><V100/><F73/><W68/><G103/><T94/><D63/><U57/><E41/><V131/><F100/><W24/><G24/><T88/><D56/><U25/><E12/><V10/><F87/><W51/><G110/><T58/><D58/><U92/><E84/><V47/><F131/><W54/><REACH who="3" step="1"/><G54/><REACH who="3" ten="206,147,180,457" step="2"/><T15/><D109/><U126/><E134/><V69/><F111/><W70/><G70/><T16/><D129/><U31/><E123/><V28/><F69/><W2/><AGARI ba="1,1" hai="2,5,11,51,52,59,60,67,68,76,80,85,125,127" machi="2" ten="30,6000,0" yaku="1,1,0,1,54,1,53,0" doraHai="122" doraHaiUra="43" who="3" fromWho="3" sc="206,-21,147,-21,180,-21,457,73" /><INIT seed="3,2,0,1,1,130" ten="185,126,159,530" oya="3" hai0="0,119,16,89,21,128,99,97,120,76,102,88,52" hai1="14,129,9,72,123,90,65,93,60,118,83,114,47" hai2="126,86,73,94,49,81,10,17,39,100,116,44,15" hai3="55,12,69,80,134,11,98,30,19,28,48,25,35"/><W70/><G134/><T117/><D120/><U82/><E123/><V115/><F115/><W133/><G133/><T43/><D128/><U54/><E114/><V131/><F131/><W107/><G28/><T63/><D0/><U68/><E118/><V40/><F116/><W31/><G31/><T26/><D43/><U96/><E129/><V46/><F126/><W59/><G107/><T22/><D76/><U111/><E111/><V67/><F67/><W95/><REACH who="3" step="1"/><G80/><REACH who="3" ten="185,126,159,520" step="2"/><T34/><D119/><U121/><E121/><V29/><F29/><W125/><G125/><T1/><D117/><U41/><E72/><V38/><F73/><W104/><G104/><T53/><D34/><U64/><E83/><V124/><F124/><W7/><G7/><T112/><D112/><U84/><E82/><V6/><F17/><W108/><G108/><T42/><D1/><U45/><E84/><V36/><F94/><W113/><G113/><T110/><D110/><U2/><E2/><V57/><F81/><W79/><G79/><T23/><D42/><U24/><E93/><V18/><F40/><W78/><G78/><T5/><D5/><U4/><E41/><V3/><F6/><W103/><AGARI ba="2,1" hai="11,12,19,25,30,35,48,55,59,69,70,95,98,103" machi="103" ten="20,12000,1" yaku="1,1,0,1,7,1,53,2" doraHai="130" doraHaiUra="66" who="3" fromWho="3" sc="185,-42,126,-42,159,-42,520,136" /><INIT seed="3,3,0,2,4,127" ten="143,84,117,656" oya="3" hai0="53,2,110,124,126,57,24,112,108,65,62,36,113" hai1="70,107,83,85,72,82,10,7,3,5,125,95,105" hai2="74,23,38,39,103,11,122,99,81,120,56,58,115" hai3="129,84,111,59,42,30,55,121,19,67,135,130,48"/><W46/><G121/><N who="2" m="46697" /><F115/><N who="0" m="44106" /><D2/><U60/><E125/><N who="0" m="48233" /><D24/><U71/><E95/><N who="2" m="58879" /><F23/><W34/><G135/><T68/><D36/><N who="2" m="13866" /><F11/><W9/><G67/><T131/><D131/><N who="3" m="50185" /><G111/><T16/><D16/><U119/><E7/><V1/><F1/><W63/><G84/><T52/><D52/><U20/><E85/><V44/><F44/><W117/><G117/><T51/><AGARI ba="3,0" hai="51,53,57,62,65,68,108,110" m="48233,44106" machi="51" ten="40,8000,1" yaku="11,1,18,1,34,2" doraHai="127" who="0" fromWho="0" sc="143,89,84,-23,117,-23,656,-43" /><INIT seed="4,0,0,2,4,21" ten="232,61,94,613" oya="0" hai0="33,40,54,43,92,50,91,123,10,0,66,11,63" hai1="110,15,58,6,3,99,132,102,124,98,2,107,28" hai2="19,55,117,68,126,78,87,101,37,62,88,36,34" hai3="129,12,5,95,52,93,84,64,111,9,24,104,118"/><T108/><D123/><U44/><E110/><V121/><F121/><W76/><G104/><T46/><D108/><U7/><E44/><V60/><F34/><W79/><G118/><T31/><D0/><U81/><E58/><V85/><F126/><W113/><G113/><T115/><D115/><U17/><E124/><V45/><F117/><W13/><G129/><T75/><D75/><U131/><E131/><V114/><F101/><W127/><G64/><T97/><D33/><U125/><E125/><V27/><F68/><W41/><G41/><T29/><D40/><U39/><E39/><V42/><F37/><W89/><G12/><T20/><D43/><U134/><E81/><V77/><F114/><W38/><G38/><T48/><D50/><U67/><E28/><V74/><F74/><W22/><G95/><T96/><D97/><U23/><E99/><V26/><F85/><W51/><G111/><T73/><D31/><U16/><E67/><V53/><F62/><W116/><G116/><T32/><D32/><U106/><E17/><V80/><F19/><N who="3" m="12383" /><G127/><T112/><D73/><U105/><E3/><V94/><F78/><W109/><G109/><T35/><D35/><U122/><E122/><V65/><F55/><W56/><AGARI ba="0,0" hai="5,9,13,51,52,56,76,79,84,89,93" m="12383" machi="56" ten="30,4000,0" yaku="8,1,52,1,54,1" doraHai="21" who="3" fromWho="3" sc="232,-20,61,-10,94,-10,613,40" /><INIT seed="5,0,0,5,0,90" ten="212,51,84,653" oya="1" hai0="99,21,106,100,124,86,117,47,110,7,84,56,78" hai1="77,65,58,20,10,97,82,115,133,128,3,17,134" hai2="9,13,69,68,33,18,54,4,107,118,92,23,42" hai3="57,43,61,45,28,1,116,14,59,62,37,103,131"/><U0/><E128/><V71/><F107/><W85/><G1/><T25/><D110/><U49/><E115/><V52/><F118/><W135/><G116/><T74/><D117/><U26/><E97/><V130/><F33/><W105/><G135/><N who="1" m="51722" /><E10/><V46/><F130/><W5/><G105/><T31/><D7/><U19/><E19/><V12/><REACH who="2" step="1"/><F92/><REACH who="2" ten="212,51,74,653" step="2"/><W60/><G131/><T55/><D124/><U132/><N who="1" m="51730" /><U108/><DORA hai="127" /><E108/><V89/><F89/><W22/><G103/><T41/><D78/><U35/><E35/><V29/><F29/><W34/><G28/><T112/><D112/><U32/><E32/><V125/><F125/><W102/><G102/><T27/><D100/><U113/><E113/><V66/><F66/><W87/><G34/><T30/><D106/><U94/><E94/><V120/><F120/><W121/><G121/><T126/><D126/><U64/><E64/><V67/><F67/><W53/><G22/><T39/><D31/><U24/><E65/><V88/><F88/><W81/><G5/><T119/><D30/><U50/><E20/><V109/><F109/><W75/><G14/><T48/><D21/><N who="1" m="13359" /><E26/><V15/><F15/><W6/><G6/><T70/><D25/><U122/><E122/><V93/><F93/><W72/><G81/><T36/><D27/><U44/><E82/><V76/><F76/><W63/><N who="3" m="15360" /><DORA hai="16" /><W114/><G114/><T104/><D104/><U40/><E77/><V101/><F101/><W95/><G95/><T73/><D119/><U111/><E111/><V83/><F83/><W51/><G72/><RYUUKYOKU ba="0,1" sc="212,-15,51,15,74,15,653,-15" hai1="0,3,40,44,49,50,58" hai2="4,9,12,13,18,23,42,46,52,54,68,69,71" /><INIT seed="5,1,1,5,5,116" ten="197,66,89,638" oya="1" hai0="80,95,35,34,112,133,118,92,77,14,128,21,48" hai1="37,88,49,94,89,109,20,22,33,91,30,2,120" hai2="84,56,111,47,93,44,102,6,71,67,78,8,57" hai3="79,53,36,12,9,62,125,24,63,72,40,105,58"/><U96/><E37/><V52/><F111/><W39/><G105/><T131/><D118/><U10/><E33/><N who="0" m="12297" /><D48/><U124/><E109/><V45/><F71/><W130/><G125/><T90/><D112/><U134/><E124/><V121/><F121/><W25/><G130/><N who="0" m="49707" /><D90/><N who="1" m="34923" /><E2/><V85/><F67/><W123/><G123/><T104/><D104/><U54/><E134/><V41/><F41/><W7/><G79/><T51/><D51/><U75/><E75/><V17/><F17/><W38/><G72/><N who="0" m="43047" /><D133/><U13/><E120/><V119/><F119/><W81/><G81/><T31/><D14/><U65/><E30/><V114/><F114/><W97/><G97/><T82/><D82/><U129/><E129/><V60/><F78/><W73/><G73/><T15/><D15/><U76/><E76/><V16/><F16/><W132/><G132/><T26/><AGARI ba="1,1" hai="21,26,31,92,95" m="43047,49707,12297" machi="26" ten="40,1500,0" yaku="19,1" doraHai="116" who="0" fromWho="0" sc="197,28,66,-8,89,-5,638,-5" /><INIT seed="6,0,0,0,0,41" ten="225,58,84,633" oya="2" hai0="113,24,104,16,84,108,98,95,97,81,45,65,120" hai1="58,94,15,101,112,73,56,119,62,69,107,3,2" hai2="32,122,87,28,10,72,43,109,124,46,57,22,18" hai3="90,19,6,54,71,52,55,1,17,77,100,89,25"/><V44/><F72/><W70/><G1/><T116/><D108/><U59/><E107/><V88/><F122/><W7/><G25/><T76/><D104/><U117/><E73/><V63/><F32/><W125/><G77/><T26/><D113/><U47/><E94/><N who="2" m="54559" /><F43/><W48/><G48/><T34/><D45/><N who="2" m="17514" /><F124/><W135/><G125/><T83/><D34/><U115/><E101/><V118/><F118/><N who="1" m="45065" /><E15/><N who="2" m="7543" /><F109/><W121/><G100/><T78/><D116/><U39/><E3/><V38/><F38/><W14/><G121/><T134/><D120/><U8/><E8/><V60/><F57/><W12/><G71/><T9/><D9/><U82/><E2/><V103/><F103/><W74/><G70/><T132/><D132/><U37/><E82/><V27/><AGARI ba="0,0" hai="22,27,28,60,63" m="7543,17514,54559" machi="27" ten="30,12000,1" yaku="8,1,52,3,54,1" doraHai="41" who="2" fromWho="2" sc="225,-40,58,-40,84,120,633,-40" /><INIT seed="6,1,0,0,1,61" ten="185,18,204,593" oya="2" hai0="27,31,56,14,17,13,134,54,82,77,123,96,8" hai1="85,28,132,72,108,115,69,65,93,100,128,92,87" hai2="124,52,53,116,68,3,66,105,107,19,125,51,44" hai3="119,94,99,34,122,70,16,79,63,32,29,21,33"/><V111/><F3/><W40/><G119/><T46/><D134/><U129/><E28/><V1/><F1/><W5/><G122/><T109/><D109/><U22/><E22/><V73/><F73/><W64/><G5/><T78/><D123/><U130/><E69/><V11/><F116/><W71/><G71/><T30/><D46/><U118/><E65/><V59/><F111/><W127/><G127/><N who="2" m="48713" /><F68/><W48/><G79/><N who="0" m="30219" /><D82/><U102/><E118/><V113/><F113/><W23/><G23/><N who="0" m="13807" /><D96/><U117/><E117/><V58/><F44/><W86/><G48/><N who="0" m="30791" /><D14/><U91/><E108/><V121/><F121/><W42/><G29/><T20/><D20/><U50/><E50/><N who="2" m="30999" /><F66/><W120/><G120/><T36/><D36/><U88/><E72/><V25/><F25/><W55/><G55/><T35/><D35/><U131/><N who="1" m="32768" /><DORA hai="4" /><U81/><E115/><V97/><F97/><W26/><G86/><T76/><N who="0" m="30227" /><T135/><DORA hai="112" /><D135/><U9/><E132/><V84/><F84/><W0/><G0/><T37/><D37/><U45/><E45/><V89/><F89/><W67/><G67/><T74/><D74/><U18/><E81/><V12/><AGARI ba="1,0" hai="11,12,19,51,53,59,105,107" m="30999,48713" machi="12" ten="30,6000,0" yaku="18,1,52,1,54,1" doraHai="61,4,112" who="2" fromWho="2" sc="185,-21,18,-21,204,63,593,-21" owari="164,-24.0,-3,-50.0,267,7.0,572,67.0" /></mjloggm>