<mjloggm ver="2.3"><GO type="169" lobby="0"/><UN n0="%E3%83%9F%E3%83%A9%E3%83%92%E3%82%AB%E3%83%91%E3%83%91" n1="%E3%81%B5%E3%82%86%E4%BD%91" n2="%56%45%54%54%45%4C" n3="%E6%94%BE%E9%8A%83%E7%8E%8B%EF%BC%94" dan="16,17,16,17" rate="2082.81,2140.87,2099.85,2221.20" sx="M,M,M,F"/><TAIKYOKU oya="0"/><INIT seed="0,0,0,1,1,121" ten="250,250,250,250" oya="0" hai0="77,79,80,66,34,89,95,41,129,118,110,112,84" hai1="28,134,108,18,37,53,107,94,103,17,125,48,19" hai2="62,98,86,73,87,10,85,1,132,99,65,102,31" hai3="70,56,40,78,101,51,82,13,42,22,46,130,25"/><T54/><D118/><U7/><E37/><V5/><F132/><W36/><G70/><T52/><D112/><U61/><E125/><V6/><F73/><W123/><G123/><T131/><D34/><U23/><E107/><V49/><F6/><W120/><G120/><T97/><D110/><U106/><E108/><V11/><F11/><W114/><G114/><T24/><D66/><U58/><E106/><V100/><F31/><W115/><G115/><T63/><D41/><U74/><E7/><V12/><F1/><W55/><G130/><T71/><D71/><U92/><E74/><V59/><REACH who="2" step="1"/><F49/><REACH who="2" ten="250,250,240,250" step="2"/><W88/><G36/><T8/><D8/><U44/><E134/><V122/><F122/><W45/><G51/><T127/><D127/><U64/><REACH who="1" step="1"/><E103/><AGARI ba="0,1" hai="5,10,12,59,62,65,85,86,87,98,99,100,102,103" machi="103" ten="40,5200,0" yaku="1,1,8,1,53,1" doraHai="121" doraHaiUra="4" who="2" fromWho="1" sc="250,0,250,-52,240,62,250,0" /><INIT seed="1,0,0,1,0,97" ten="250,198,302,250" oya="1" hai0="0,29,2,133,100,117,55,52,107,118,129,66,95" hai1="88,79,22,84,83,36,99,119,92,20,90,91,34" hai2="124,45,48,121,108,103,135,93,130,23,127,78,106" hai3="89,86,71,61,80,68,56,37,82,64,126,49,5"/><U96/><E34/><V110/><F121/><W38/><G126/><N who="2" m="48169" /><F106/><W8/><G80/><T53/><D129/><U104/><E36/><V114/><F130/><W31/><G31/><T87/><D133/><U51/><E119/><V62/><F135/><W85/><G85/><T74/><D74/><U35/><E35/><V69/><F114/><W94/><G82/><T98/><D29/><U26/><E20/><V41/><F78/><W112/><G112/><T33/><D33/><U70/><E70/><V134/><F23/><W21/><G21/><T15/><D15/><U17/><REACH who="1" step="1"/><E51/><REACH who="1" ten="250,188,302,250" step="2"/><V54/><F134/><W58/><G71/><T10/><D118/><U28/><E28/><V123/><F123/><W11/><G68/><T16/><D117/><U4/><E4/><V120/><F120/><W105/><G38/><T125/><D125/><U102/><AGARI ba="0,1" hai="17,22,26,79,83,84,88,90,91,92,96,99,102,104" machi="102" ten="30,11700,0" yaku="1,1,0,1,52,1,54,1,53,0" doraHai="97" doraHaiUra="32" who="1" fromWho="1" sc="250,-39,188,127,302,-39,250,-39" /><INIT seed="1,1,0,0,1,118" ten="211,315,263,211" oya="1" hai0="131,20,130,88,89,126,7,96,61,9,8,81,116" hai1="134,87,17,117,133,111,44,47,28,43,68,32,63" hai2="135,97,33,46,52,23,76,90,103,54,38,25,67" hai3="60,48,11,55,109,92,13,127,16,72,56,10,57"/><U42/><E117/><V99/><F33/><W94/><G72/><T27/><D116/><U35/><E87/><V65/><F135/><N who="1" m="51721" /><E17/><V49/><F38/><W110/><G127/><T77/><D126/><U128/><E28/><V64/><F76/><W120/><G120/><T18/><D61/><U84/><E84/><V74/><F74/><W34/><G34/><N who="1" m="12842" /><E128/><N who="0" m="49193" /><D96/><N who="2" m="36938" /><F90/><N who="0" m="34922" /><D7/><U115/><E115/><V53/><F103/><W98/><G10/><T100/><D100/><U104/><E104/><V26/><F23/><W3/><G3/><T45/><D45/><N who="1" m="17483" /><E111/><N who="3" m="42506" /><G98/><T80/><D80/><U37/><E37/><V123/><F123/><W66/><AGARI ba="1,0" hai="11,13,16,48,55,56,57,60,66,92,94" m="42506" machi="66" ten="30,2000,0" yaku="14,1,54,1" doraHai="118" who="3" fromWho="3" sc="211,-6,315,-11,263,-6,211,23" /><INIT seed="2,0,0,0,5,129" ten="205,304,257,234" oya="2" hai0="115,20,95,111,62,82,84,86,50,69,88,26,76" hai1="11,107,58,34,101,109,92,78,74,14,94,5,18" hai2="54,108,30,13,41,127,40,90,57,33,21,93,37" hai3="67,124,97,77,134,70,118,19,51,68,42,105,65"/><V117/><F117/><W59/><G118/><T53/><D111/><U131/><E131/><V47/><F108/><W98/><G124/><T63/><D69/><U31/><E107/><V71/><F71/><W36/><G70/><T100/><D100/><U12/><E109/><V4/><F33/><W52/><G77/><T55/><D115/><U113/><E113/><V132/><F132/><W91/><G105/><T81/><D95/><U125/><E101/><V49/><F127/><W123/><G123/><T85/><D85/><U10/><E125/><V106/><F106/><W38/><G38/><T102/><D102/><U48/><E31/><V23/><F41/><W60/><G67/><T80/><D80/><U9/><E9/><V39/><F30/><W99/><G19/><T121/><D121/><U32/><E74/><V7/><F39/><W46/><REACH who="3" step="1"/><G134/><REACH who="3" ten="205,304,257,224" step="2"/><T79/><D79/><U133/><E18/><N who="2" m="10447" /><F23/><W0/><G0/><T75/><D75/><U28/><E78/><V66/><F66/><W130/><G130/><T61/><REACH who="0" step="1"/><D50/><REACH who="0" ten="195,304,257,224" step="2"/><U29/><E48/><N who="2" m="30919" /><F37/><W126/><G126/><T15/><D15/><U64/><E14/><V116/><F116/><W87/><G87/><AGARI ba="0,2" hai="4,7,40,47,49,87,90,93" m="30919,10447" machi="87" ten="30,2900,0" yaku="25,1,8,1" doraHai="129" who="2" fromWho="3" sc="195,0,304,0,257,49,224,-29" /><INIT seed="2,1,0,0,1,17" ten="195,304,306,195" oya="2" hai0="109,6,38,0,81,114,73,45,98,37,90,102,94" hai1="80,14,99,117,23,70,69,11,64,87,19,74,32" hai2="95,133,7,62,57,105,35,41,49,12,86,84,132" hai3="30,76,24,79,130,92,47,10,121,103,31,83,115"/><V42/><F105/><W67/><G121/><T36/><D114/><U3/><E117/><V15/><F35/><W93/><G115/><T56/><D109/><U60/><E74/><V85/><F95/><W25/><G130/><T9/><D56/><U107/><E32/><V54/><F7/><W59/><G47/><T58/><D58/><U1/><E70/><V28/><F28/><W122/><G122/><T88/><REACH who="0" step="1"/><D45/><REACH who="0" ten="185,304,306,195" step="2"/><U63/><E63/><V82/><F62/><W91/><G59/><T129/><D129/><U89/><REACH who="1" step="1"/><E11/><REACH who="1" ten="185,294,306,195" step="2"/><V22/><F133/><W120/><G10/><T2/><D2/><U113/><E113/><V46/><F132/><W68/><G120/><T27/><D27/><U50/><E50/><V124/><F49/><W34/><G68/><T39/><N who="0" m="9216" /><DORA hai="112" /><T77/><AGARI ba="1,2" hai="0,6,9,73,77,81,88,90,94,98,102" m="9216" machi="77" ten="60,8000,1" yaku="1,1,4,1,0,1,54,1,53,0" doraHai="17,112" doraHaiUra="53,40" who="0" fromWho="0" sc="185,103,294,-21,306,-41,195,-21" /><INIT seed="3,0,0,2,3,99" ten="288,273,265,174" oya="3" hai0="94,63,71,5,73,101,68,7,93,80,79,95,35" hai1="17,75,31,30,91,4,135,42,87,57,86,107,77" hai2="96,115,13,37,52,50,34,22,18,103,39,62,28" hai3="81,114,21,88,38,55,82,64,118,20,128,113,24"/><W112/><G118/><T16/><D35/><U19/><E4/><V23/><F115/><W76/><G128/><T125/><D125/><U27/><E107/><V44/><F34/><W129/><G129/><T121/><D121/><U123/><E75/><V11/><F62/><W65/><G38/><T78/><D78/><U33/><E135/><V119/><F119/><W70/><G70/><T15/><D101/><U110/><E110/><V3/><F23/><W26/><G55/><T134/><D134/><U109/><E33/><V105/><REACH who="2" step="1"/><F3/><REACH who="2" ten="288,273,255,174" step="2"/><W9/><G21/><T48/><D63/><U8/><E109/><V131/><F131/><W36/><G20/><T127/><D127/><U54/><E123/><V100/><F100/><W10/><G114/><T98/><D71/><U132/><E132/><V60/><F60/><W89/><G36/><T53/><D68/><U47/><E8/><V6/><F6/><W85/><G76/><T56/><REACH who="0" step="1"/><D98/><REACH who="0" ten="278,273,255,174" step="2"/><U2/><E77/><V122/><F122/><W104/><G104/><T84/><D84/><AGARI ba="0,2" hai="9,10,24,26,64,65,81,82,84,85,88,89,112,113" machi="84" ten="25,4800,0" yaku="22,2,54,1" doraHai="99" who="3" fromWho="0" sc="278,-48,273,0,255,0,174,68" /><INIT seed="3,1,0,2,1,103" ten="230,273,255,242" oya="3" hai0="51,24,0,106,53,130,119,66,42,80,10,1,55" hai1="102,11,49,105,84,117,78,121,59,3,116,32,82" hai2="110,39,115,104,13,68,131,47,38,87,27,45,37" hai3="26,14,50,18,129,30,100,107,41,113,98,99,46"/><W43/><G129/><T96/><D119/><N who="1" m="45643" /><E32/><V63/><F115/><W36/><G113/><T90/><D130/><U85/><E3/><V88/><F131/><W44/><G99/><T86/><D42/><U108/><E11/><V52/><F110/><W122/><G122/><T5/><D66/><U114/><E114/><V61/><F104/><W67/><G67/><T31/><D0/><U126/><E49/><V125/><F125/><W40/><G40/><T69/><D69/><U60/><E121/><V73/><F73/><W54/><G54/><T33/><REACH who="0" step="1"/><D51/><REACH who="0" ten="220,273,255,242" step="2"/><U25/><E126/><V132/><F68/><W134/><G43/><T29/><D29/><U8/><E108/><V19/><F39/><W77/><G36/><T12/><D12/><U112/><E112/><V128/><F38/><W101/><G30/><T4/><D4/><U62/><E62/><V133/><F37/><W127/><G127/><T92/><D92/><U65/><E60/><V95/><F128/><W74/><G50/><T64/><D64/><U35/><E65/><V81/><F63/><W21/><G41/><T34/><D34/><U70/><E35/><V118/><F118/><W109/><G109/><T56/><D56/><U135/><E59/><N who="2" m="35047" /><F95/><W71/><G71/><T20/><D20/><U123/><E70/><V17/><F13/><W75/><G14/><T15/><D15/><U9/><E123/><V58/><F58/><W6/><G46/><N who="2" m="17417" /><F19/><W120/><G18/><T111/><D111/><U76/><E8/><V124/><F124/><W79/><G44/><T89/><D89/><N who="1" m="51351" /><E9/><V22/><AGARI ba="1,1" hai="17,22,27,81,87,88,132,133" m="17417,35047" machi="22" ten="30,4000,0" yaku="5,1,54,2" doraHai="103" who="2" fromWho="2" sc="220,-11,273,-11,255,53,242,-21" /><INIT seed="4,0,0,5,2,78" ten="209,262,308,221" oya="0" hai0="44,6,28,105,37,74,5,130,19,53,66,116,125" hai1="115,73,85,2,58,12,30,69,62,83,64,133,41" hai2="96,135,127,70,13,117,87,122,103,32,47,59,46" hai3="55,4,39,42,88,17,89,54,34,51,94,106,20"/><T7/><D116/><U67/><E2/><V0/><F0/><W93/><G34/><T110/><D130/><U119/><E73/><V121/><F70/><W95/><G106/><T65/><D125/><U86/><E119/><V57/><F32/><W10/><G39/><T80/><D110/><U49/><E133/><V111/><F111/><W124/><G124/><T31/><D105/><U43/><E115/><V29/><F29/><W26/><G42/><T15/><D31/><U33/><E33/><V99/><F135/><W61/><G61/><T63/><D28/><U38/><E30/><V9/><F127/><W56/><REACH who="3" step="1"/><G54/><REACH who="3" ten="209,262,308,211" step="2"/><T90/><D37/><U108/><E62/><V8/><F117/><W131/><G131/><T100/><D63/><U91/><E43/><V16/><F122/><W114/><G114/><T68/><D68/><U113/><E41/><V84/><F121/><W98/><G98/><T22/><D100/><U25/><E113/><V3/><F99/><W92/><N who="3" m="24064" /><DORA hai="132" /><W97/><G97/><T101/><D101/><U23/><E38/><V36/><F36/><W118/><G118/><T77/><REACH who="0" step="1"/><D90/><REACH who="0" ten="199,262,308,211" step="2"/><U109/><E91/><V45/><F103/><W76/><G76/><T81/><D81/><U126/><E83/><V14/><F96/><W75/><G75/><T40/><D40/><U60/><E60/><V35/><F35/><W72/><G72/><T1/><D1/><AGARI ba="0,2" hai="1,4,10,17,20,26,51,55,56,88,89" m="24064" machi="1" ten="50,3200,0" yaku="1,1,54,1,53,0" doraHai="78,132" doraHaiUra="102,82" who="3" fromWho="0" sc="199,-32,262,0,308,0,211,52" /><INIT seed="5,0,0,3,4,34" ten="167,262,308,263" oya="1" hai0="121,56,79,19,83,134,131,3,78,31,63,43,62" hai1="49,33,57,105,93,58,0,86,107,48,68,55,88" hai2="130,126,22,133,77,74,38,51,32,35,17,90,76" hai3="118,26,85,84,12,99,53,46,7,109,81,13,41"/><U61/><E33/><V106/><F38/><W29/><G109/><T64/><D134/><U95/><E0/><V89/><F106/><W18/><G118/><T60/><D131/><U1/><E1/><V23/><F51/><W96/><G7/><T40/><D121/><U114/><E114/><V115/><F115/><W71/><G71/><T128/><D128/><U25/><E25/><V70/><F70/><W2/><G2/><T16/><D31/><U122/><E122/><V94/><F126/><W91/><G53/><T47/><D3/><U67/><E95/><V42/><F42/><W69/><G85/><T30/><D30/><U45/><REACH who="1" step="1"/><E58/><REACH who="1" ten="167,252,308,263" step="2"/><V112/><F32/><W100/><G69/><T15/><D56/><U8/><E8/><V111/><F35/><W92/><G26/><T73/><D47/><U101/><E101/><V102/><F102/><W10/><G13/><T97/><D15/><U123/><E123/><V132/><F94/><W98/><REACH who="3" step="1"/><G29/><REACH who="3" ten="167,252,308,253" step="2"/><T39/><D64/><U87/><E87/><V4/><F112/><W54/><G54/><AGARI ba="0,2" hai="45,48,49,54,55,57,61,67,68,86,88,93,105,107" machi="54" ten="30,5800,0" yaku="1,1,7,1,54,1,53,0" doraHai="34" doraHaiUra="28" who="1" fromWho="3" sc="167,0,252,78,308,0,253,-58" /><INIT seed="5,1,0,3,2,115" ten="167,330,308,195" oya="1" hai0="14,94,20,30,11,38,69,40,120,102,107,52,23" hai1="100,109,106,71,36,88,24,110,41,86,16,34,3" hai2="75,76,17,91,67,48,90,104,18,84,53,1,119" hai3="50,8,60,99,62,63,97,0,72,19,135,131,80"/><U2/><E71/><V55/><F119/><W43/><G131/><T112/><D112/><U74/><E74/><V27/><F1/><W123/><G123/><T121/><D69/><U128/><E128/><V22/><F104/><W44/><G135/><T95/><D107/><U49/><E36/><V65/><F75/><W113/><G113/><T31/><D38/><U78/><E78/><V122/><F122/><W92/><G72/><T7/><D40/><U26/><E49/><V77/><F84/><W134/><G134/><T126/><D126/><U64/><E64/><V130/><F48/><W114/><G114/><T59/><D120/><U57/><E57/><V85/><F85/><W28/><G28/><T96/><D94/><N who="1" m="54551" /><E34/><V111/><F130/><W21/><G80/><T127/><D127/><U70/><E41/><V117/><F22/><N who="0" m="8234" /><D121/><U93/><E70/><V129/><F129/><W10/><G0/><T13/><D13/><U39/><E39/><V35/><F35/><W118/><G118/><T81/><D81/><U42/><E42/><V46/><F117/><W89/><REACH who="3" step="1"/><G99/><REACH who="3" ten="167,330,308,185" step="2"/><T12/><D12/><AGARI ba="1,1" hai="8,10,12,19,21,43,44,50,60,62,63,89,92,97" machi="12" ten="40,8000,1" yaku="1,1,2,1,8,1,53,2" doraHai="115" doraHaiUra="5" who="3" fromWho="0" sc="167,-83,330,0,308,0,185,93" /><INIT seed="6,0,0,2,3,7" ten="84,330,308,278" oya="2" hai0="129,3,16,57,133,123,40,107,81,44,19,56,110" hai1="64,131,117,35,50,126,22,21,71,49,59,100,60" hai2="28,82,111,86,17,128,14,13,105,53,118,55,15" hai3="27,58,115,91,61,125,80,74,67,42,30,95,69"/><V38/><F118/><W65/><G125/><T8/><D110/><U97/><E35/><V11/><F111/><W18/><G115/><T116/><D123/><U99/><E131/><V4/><F105/><W113/><G113/><T135/><D129/><U120/><E126/><V26/><F38/><W1/><G1/><T121/><D121/><U77/><E117/><V84/><F128/><W98/><G42/><T75/><D116/><U104/><E120/><V90/><F86/><W0/><G0/><T134/><D107/><U130/><E130/><V25/><F15/><W127/><G127/><T23/><D57/><U76/><E97/><V72/><F72/><W47/><G47/><T9/><D56/><U108/><E108/><V62/><F62/><W109/><G109/><T103/><D103/><U6/><E6/><V43/><F43/><W48/><G48/><N who="0" m="26631" /><D3/><U78/><E71/><V92/><F82/><W122/><G122/><T34/><D34/><U96/><E96/><V12/><F12/><W102/><G69/><T94/><D94/><U119/><E119/><V32/><REACH who="2" step="1"/><F26/><REACH who="2" ten="84,330,298,278" step="2"/><W132/><G74/><T79/><D19/><U31/><E31/><V46/><F46/><W36/><G36/><T63/><D63/><U5/><E49/><V54/><F54/><N who="3" m="34007" /><G30/><T73/><D73/><U106/><E106/><V51/><F51/><W93/><G80/><T85/><D75/><U39/><E39/><V101/><F101/><W10/><G102/><T112/><D112/><U24/><E24/><AGARI ba="0,1" hai="8,9,16,23,24,79,81,85,133,134,135" m="26631" machi="24" ten="30,7700,0" yaku="20,1,52,2,54,1" doraHai="7" who="0" fromWho="1" sc="84,87,330,-77,298,0,278,0" /><INIT seed="7,0,0,2,4,11" ten="171,253,298,278" oya="3" hai0="121,58,66,111,127,76,40,110,70,38,30,52,82" hai1="56,10,84,87,99,114,45,125,6,67,42,64,39" hai2="95,88,101,78,13,8,93,86,85,0,50,3,23" hai3="98,41,130,57,49,133,60,97,103,135,106,122,59"/><W91/><G122/><T104/><D121/><U74/><E114/><V55/><F23/><W48/><G130/><T16/><D127/><U109/><E109/><V15/><F15/><W129/><G129/><T65/><D104/><U126/><E74/><V35/><F35/><W81/><G59/><T75/><D30/><U102/><E84/><V131/><F131/><W4/><G4/><T14/><D66/><U25/><E87/><V96/><F85/><N who="3" m="50607" /><G97/><T116/><D116/><U24/><E24/><V72/><F78/><W90/><G90/><T12/><D12/><N who="1" m="5207" /><E56/><V94/><F94/><N who="3" m="58839" /><G41/><T53/><D53/><U28/><E99/><V43/><F43/><W92/><G92/><T44/><D65/><U77/><E77/><V20/><F72/><W112/><G106/><T37/><D70/><U26/><E102/><V1/><F20/><W123/><G123/><T27/><D27/><N who="1" m="10251" /><E28/><V100/><F100/><W18/><G112/><T117/><D38/><U47/><E45/><V19/><F3/><W113/><G113/><T120/><D120/><U132/><E132/><N who="3" m="50762" /><G18/><T107/><D107/><U71/><E71/><V134/><F134/><W54/><AGARI ba="0,0" hai="48,49,54,57,60" m="50762,58839,50607" machi="54" ten="30,1500,0" yaku="20,1" doraHai="11" who="3" fromWho="3" sc="171,-5,253,-5,298,-5,278,15" /><INIT seed="7,1,0,2,2,88" ten="166,248,293,293" oya="3" hai0="127,23,17,16,121,117,131,114,132,35,37,4,47" hai1="62,102,81,60,129,104,124,67,29,25,18,87,63" hai2="79,13,134,24,76,66,26,22,108,116,91,38,12" hai3="112,33,51,122,1,0,50,126,44,3,70,61,72"/><W135/><G122/><T8/><D8/><U2/><E129/><V69/><F116/><W54/><G112/><T93/><D117/><U14/><E2/><V30/><F108/><W45/><G72/><T105/><D121/><U49/><E124/><V7/><F38/><W59/><G126/><T6/><D105/><U55/><E102/><V43/><F43/><W31/><G135/><T92/><D35/><U10/><E104/><V56/><F69/><W68/><G51/><T106/><D106/><U130/><E130/><V118/><F118/><W5/><G45/><T74/><D74/><U57/><E25/><V32/><F134/><W73/><G73/><T75/><D75/><U101/><E29/><V96/><F32/><W100/><G5/><N who="0" m="2155" /><D132/><U39/><E101/><V9/><F26/><W120/><G120/><T34/><D34/><U111/><E39/><V94/><F13/><W41/><G100/><T58/><D131/><U123/><E111/><V78/><F56/><W48/><G48/><T80/><D127/><U52/><E55/><V46/><F46/><W42/><G42/><T128/><D128/><U109/><E109/><V115/><F115/><W71/><G33/><T28/><D114/><U21/><E123/><V27/><F27/><W64/><G31/><T103/><D80/><U53/><E53/><V99/><F66/><W113/><G113/><T133/><D133/><U40/><E40/><V15/><F15/><W11/><G11/><T65/><D58/><N who="1" m="33039" /><E10/><V119/><F119/><W82/><G41/><T86/><D37/><U98/><E67/><V97/><AGARI ba="1,0" hai="7,9,12,22,24,30,76,78,79,91,94,96,97,99" machi="97" ten="30,7900,0" yaku="5,1,0,1,8,1,52,1" doraHai="88" who="2" fromWho="2" sc="166,-21,248,-21,293,82,293,-40" owari="145,-35.0,227,-17.0,375,47.0,253,5.0" /></mjloggm>