<mjloggm ver="2.3"><GO type="169" lobby="0"/><UN n0="%6F%73%61%74%61%64%61" n1="%6D%69%6E%65%72%61%6C%32" n2="%4D%74%6F" n3="%62%75%72%65%61%36" dan="16,17,17,17" rate="2036.31,2181.77,2130.63,2143.08" sx="M,M,F,M"/><TAIKYOKU oya="0"/><INIT seed="0,0,0,5,5,35" ten="250,250,250,250" oya="0" hai0="5,24,115,18,106,7,109,131,103,52,29,43,63" hai1="26,1,117,111,49,69,50,125,102,121,92,17,10" hai2="127,38,41,14,47,110,15,57,20,114,4,3,21" hai3="53,119,39,22,90,129,93,33,11,97,6,8,104"/><T98/><D115/><U72/><E72/><V88/><F114/><W62/><G119/><T89/><D131/><U118/><E69/><V30/><F110/><W44/><G129/><T48/><D43/><U75/><E75/><V86/><F127/><W32/><G104/><T78/><D78/><U91/><E102/><V60/><F3/><W68/><G11/><T54/><D18/><U66/><E66/><V40/><F40/><W94/><G39/><T25/><D25/><U59/><E121/><V130/><F130/><W87/><G68/><T70/><D89/><U0/><E10/><V95/><F4/><W113/><G22/><T73/><D73/><U56/><E92/><V116/><F116/><W135/><G135/><T2/><D2/><U96/><E96/><V81/><F95/><W83/><G94/><T65/><D54/><U126/><E91/><V133/><F133/><W51/><G62/><T55/><D55/><U79/><E17/><V122/><F122/><W120/><G120/><T76/><D76/><U123/><E123/><V132/><F132/><W61/><G61/><T34/><D109/><U16/><E16/><V64/><REACH who="2" step="1"/><F20/><REACH who="2" ten="250,250,240,250" step="2"/><W27/><G113/><T58/><AGARI ba="0,1" hai="5,7,24,29,34,48,52,58,63,65,70,98,103,106" machi="58" ten="20,12000,1" yaku="0,1,7,1,25,2,54,1" doraHai="35" who="0" fromWho="0" sc="250,130,250,-40,240,-40,250,-40" /><INIT seed="0,1,0,1,4,40" ten="380,210,200,210" oya="0" hai0="124,47,30,93,32,51,25,110,8,118,120,57,83" hai1="107,90,0,102,46,28,45,85,123,52,68,34,100" hai2="17,105,81,134,6,79,63,97,59,12,70,20,24" hai3="67,128,26,126,89,135,103,116,60,132,111,23,129"/><T15/><D120/><U88/><E0/><V3/><F70/><W75/><G75/><T65/><D118/><U130/><E68/><V27/><F134/><N who="3" m="51243" /><G116/><T62/><D124/><U106/><E123/><V11/><F97/><W18/><G103/><T55/><D93/><U66/><E66/><V92/><F92/><W9/><G89/><T61/><D61/><U77/><E28/><V39/><F39/><W50/><G50/><T115/><D115/><U95/><E34/><V35/><F105/><W98/><G98/><T2/><D83/><U49/><E77/><V119/><F35/><W14/><G60/><T22/><D2/><U127/><E127/><V109/><F119/><W113/><G67/><T21/><REACH who="0" step="1"/><D110/><REACH who="0" ten="370,210,200,210" step="2"/><U122/><E122/><V73/><F109/><W44/><G111/><T78/><D78/><U1/><E1/><V31/><F31/><W108/><G108/><T80/><D80/><N who="1" m="49191" /><E107/><V131/><F131/><W84/><G126/><T99/><D99/><N who="1" m="57847" /><E130/><V71/><F71/><W104/><G104/><T64/><D64/><AGARI ba="1,1" hai="3,6,11,12,17,20,24,27,59,63,64,73,79,81" machi="64" ten="30,1000,0" yaku="7,1" doraHai="40" who="2" fromWho="0" sc="370,-13,210,0,200,23,210,0" /><INIT seed="1,0,0,5,0,88" ten="357,210,223,210" oya="1" hai0="111,123,84,23,108,127,105,100,71,12,89,74,27" hai1="133,131,25,91,4,59,65,97,76,67,110,73,5" hai2="47,36,17,45,26,130,3,75,78,72,37,82,102" hai3="41,53,13,99,80,96,8,101,44,57,16,22,128"/><U119/><E119/><V86/><F3/><W70/><G128/><T77/><D123/><U42/><E131/><V20/><F130/><W6/><G70/><T124/><D71/><U24/><E133/><V56/><F102/><W39/><G80/><N who="0" m="45111" /><D12/><U64/><E110/><N who="0" m="42025" /><D23/><U63/><E42/><V113/><F113/><W103/><G103/><T0/><D27/><U61/><E76/><V32/><F32/><W135/><G135/><T2/><D2/><U68/><E73/><V1/><F1/><W21/><G6/><T109/><D0/><U117/><E65/><V40/><F56/><W66/><G66/><T122/><D122/><U87/><E97/><V125/><F125/><W112/><G99/><N who="0" m="61599" /><D109/><U118/><E118/><V15/><F26/><W50/><REACH who="3" step="1"/><G112/><REACH who="3" ten="357,210,223,200" step="2"/><T7/><D7/><U54/><E67/><V95/><F82/><AGARI ba="0,1" hai="82,84,89,124,127" m="61599,42025,45111" machi="82" ten="30,3900,0" yaku="14,1,34,2" doraHai="88" who="0" fromWho="2" sc="357,49,210,0,223,-39,200,0" /><INIT seed="2,0,0,0,3,21" ten="406,210,184,200" oya="2" hai0="50,93,36,58,27,22,74,76,54,52,120,17,66" hai1="60,124,106,130,82,72,134,51,32,59,122,80,110" hai2="57,34,133,68,100,55,118,117,48,131,30,62,109" hai3="49,132,24,125,85,39,9,87,63,97,71,23,119"/><V83/><F133/><W88/><G119/><T45/><D120/><U4/><E4/><V101/><F131/><W3/><G39/><T47/><D36/><U102/><E102/><V11/><F109/><W8/><G132/><T2/><D2/><U61/><E82/><V37/><F11/><W14/><G3/><T65/><D47/><U92/><E92/><V26/><F83/><W25/><G71/><T56/><D56/><U128/><E80/><V42/><F101/><W15/><G63/><T126/><D126/><U103/><E103/><V46/><F100/><W18/><G125/><T53/><D76/><U81/><E81/><V123/><F123/><W114/><G114/><T98/><D74/><U70/><E51/><V113/><F113/><W64/><G64/><AGARI ba="0,0" hai="26,30,34,37,42,46,48,55,57,62,64,68,117,118" machi="64" ten="40,7700,0" yaku="24,2,52,1" doraHai="21" who="2" fromWho="3" sc="406,0,210,0,184,77,200,-77" /><INIT seed="2,1,0,1,3,106" ten="406,210,261,123" oya="2" hai0="26,39,32,128,100,63,108,1,49,90,132,8,70" hai1="94,3,57,14,122,107,7,85,52,133,79,45,33" hai2="54,113,27,58,67,80,22,92,2,31,126,131,84" hai3="69,37,13,75,68,9,78,99,38,35,5,112,40"/><V130/><F113/><W56/><G56/><T105/><D90/><U55/><E107/><V95/><F2/><W121/><G121/><T21/><D49/><U93/><E33/><V46/><F67/><W65/><G99/><N who="0" m="61599" /><D21/><U0/><E122/><V125/><F46/><W74/><G35/><T81/><D81/><U134/><E14/><V18/><F31/><W129/><G78/><T120/><D120/><U25/><E25/><V29/><F29/><W44/><G112/><T11/><D11/><U101/><E45/><V111/><F95/><W23/><G38/><T12/><D12/><U72/><E101/><V4/><F92/><W61/><G69/><T86/><D86/><U135/><E55/><V41/><F41/><W88/><G129/><N who="2" m="49161" /><F4/><W24/><REACH who="3" step="1"/><G88/><REACH who="3" ten="406,210,261,113" step="2"/><T117/><D32/><U71/><E71/><V73/><F84/><W82/><G82/><T119/><D70/><U28/><E85/><V124/><F111/><W60/><G60/><T118/><D63/><U66/><E79/><N who="2" m="44143" /><F58/><W115/><G115/><T15/><D108/><U48/><E57/><V64/><F64/><W16/><AGARI ba="1,1" hai="5,9,13,16,23,24,37,40,44,61,65,68,74,75" machi="16" ten="20,12000,2" yaku="1,1,0,1,7,1,52,2,54,1,53,1" doraHai="106" doraHaiUra="62" who="3" fromWho="3" sc="406,-31,210,-31,261,-61,113,133" /><INIT seed="3,0,0,3,4,42" ten="375,179,200,246" oya="3" hai0="97,71,88,98,2,101,116,75,48,92,129,60,124" hai1="5,7,133,33,47,114,79,61,11,56,78,54,70" hai2="89,59,17,29,18,86,73,119,106,128,83,45,135" hai3="87,38,10,125,81,52,134,67,3,0,99,36,66"/><W58/><G125/><T111/><D124/><U8/><E114/><V9/><F119/><W68/><G134/><T27/><D111/><U55/><E33/><V72/><F106/><W95/><G38/><T19/><D129/><U122/><E122/><V115/><F115/><W30/><G36/><T15/><D2/><U43/><E70/><V85/><F128/><W93/><G30/><T84/><D75/><U39/><E133/><V118/><F118/><W64/><G68/><T96/><D27/><U123/><E123/><V20/><F135/><W26/><G26/><T22/><D48/><U120/><E120/><V69/><F69/><W65/><N who="3" m="16384" /><DORA hai="32" /><W63/><G10/><T25/><D60/><U100/><E100/><V132/><F73/><W12/><G12/><T14/><D71/><U41/><E41/><V110/><F72/><W112/><G112/><T23/><D14/><U34/><E34/><V4/><F110/><W31/><G31/><N who="0" m="17847" /><D116/><U91/><E55/><V82/><F59/><W1/><REACH who="3" step="1"/><G99/><REACH who="3" ten="375,179,200,236" step="2"/><T105/><D105/><U94/><E11/><V16/><F132/><W44/><G44/><T90/><D101/><U50/><E39/><V74/><F29/><W46/><G46/><T35/><D35/><U108/><E108/><V127/><F45/><W130/><G130/><T117/><D117/><U62/><E8/><V37/><F37/><W113/><G113/><T121/><D121/><U104/><E104/><V76/><F127/><W51/><G51/><T80/><AGARI ba="0,1" hai="15,19,23,80,84,88,90,92,96,97,98" m="17847" machi="80" ten="30,2000,0" yaku="8,1,54,1" doraHai="42,32" who="0" fromWho="0" sc="375,30,179,-5,200,-5,236,-10" /><INIT seed="4,0,0,3,5,29" ten="405,174,195,226" oya="0" hai0="1,81,103,64,71,96,84,5,108,15,41,104,88" hai1="8,14,70,16,119,36,34,23,40,93,24,31,73" hai2="122,55,60,80,115,62,113,65,4,49,30,76,22" hai3="53,87,20,98,48,117,44,50,92,121,27,75,28"/><T9/><D108/><U124/><E119/><V66/><F122/><W118/><G121/><T58/><D41/><U57/><E70/><V106/><F106/><W127/><G75/><T2/><REACH who="0" step="1"/><D58/><REACH who="0" ten="395,174,195,226" step="2"/><U51/><E57/><N who="2" m="33007" /><F66/><W116/><G116/><T25/><D25/><U130/><E130/><V126/><F65/><W101/><G127/><T133/><D133/><U45/><E124/><V54/><F126/><W112/><G112/><T17/><D17/><U123/><E123/><V99/><F115/><W135/><G135/><T63/><AGARI ba="0,1" hai="1,2,5,9,15,63,64,71,81,84,88,96,103,104" machi="63" ten="30,6000,0" yaku="1,1,0,1,54,1,53,0" doraHai="29" doraHaiUra="131" who="0" fromWho="0" sc="395,70,174,-20,195,-20,226,-20" /><INIT seed="4,1,0,0,0,130" ten="465,154,175,206" oya="0" hai0="72,51,95,129,89,135,133,57,40,88,101,66,14" hai1="117,107,82,60,2,64,123,104,1,19,7,5,68" hai2="85,75,83,29,110,39,112,43,108,80,0,76,79" hai3="47,52,67,73,9,115,100,111,65,46,49,12,128"/><T86/><D129/><U55/><E117/><V91/><F0/><W38/><G111/><N who="2" m="42537" /><F29/><W31/><G115/><T26/><D72/><U13/><E123/><V4/><F4/><W93/><G73/><T10/><D101/><U105/><E5/><V81/><F43/><W54/><G128/><T58/><D66/><U127/><E127/><V131/><F39/><W114/><G114/><T118/><D118/><U36/><E36/><V24/><F24/><W41/><G31/><T45/><D26/><U44/><E7/><V33/><F33/><W126/><G126/><T62/><D62/><U121/><E121/><V113/><F131/><W77/><G77/><N who="2" m="29769" /><F75/><W11/><G54/><T42/><D42/><U71/><E71/><V21/><F21/><W116/><G116/><T69/><D69/><U8/><E82/><AGARI ba="1,0" hai="80,81,82,83,85,91,112,113" m="29769,42537" machi="82" ten="40,2600,0" yaku="34,2" doraHai="130" who="2" fromWho="1" sc="465,0,154,-29,175,29,206,0" /><INIT seed="5,0,0,4,0,65" ten="465,125,204,206" oya="1" hai0="23,105,7,27,122,21,132,73,32,9,53,6,90" hai1="61,44,13,25,71,115,116,86,109,100,28,57,64" hai2="45,58,35,98,104,131,111,30,33,22,55,50,10" hai3="77,103,85,135,31,80,3,34,38,26,94,15,120"/><U75/><E75/><V8/><F111/><W88/><G120/><T1/><D105/><U118/><E109/><V68/><F68/><W99/><G135/><T121/><D73/><U11/><E115/><V79/><F33/><W97/><G3/><T2/><D90/><U126/><E126/><V36/><F35/><W0/><G0/><T54/><D132/><U56/><E100/><V72/><F72/><W67/><G67/><T20/><D54/><U5/><E44/><V133/><F36/><W66/><G66/><T60/><D53/><U107/><E107/><V110/><F110/><W108/><G108/><T91/><D91/><U101/><E101/><V119/><F104/><W48/><G38/><T84/><D84/><U92/><E92/><V17/><F30/><W78/><G48/><T18/><D60/><U93/><E93/><V70/><F70/><W130/><G130/><T74/><D74/><U95/><E95/><V87/><F119/><W128/><G128/><T81/><D81/><U52/><E86/><V24/><F98/><W102/><G15/><T63/><D63/><U76/><E76/><V41/><F131/><W47/><G47/><T29/><D18/><U69/><E57/><V112/><F112/><W83/><G99/><T49/><D49/><U96/><E96/><V19/><F19/><W134/><G134/><T114/><D114/><U42/><E42/><V62/><F133/><W127/><G127/><T59/><D59/><U12/><E12/><V123/><F123/><W124/><G124/><T51/><D51/><N who="1" m="30751" /><E71/><V43/><F43/><W39/><G39/><RYUUKYOKU ba="0,0" sc="465,0,125,0,204,0,206,0" hai0="1,2,6,7,9,20,21,23,27,29,32,121,122" hai1="5,11,13,25,28,61,64,69,116,118" hai2="8,10,17,22,24,41,45,50,55,58,62,79,87" hai3="26,31,34,77,78,80,83,85,88,94,97,102,103" /><INIT seed="5,1,0,0,4,1" ten="465,125,204,206" oya="1" hai0="60,67,83,85,69,130,118,51,10,12,47,37,90" hai1="128,57,52,106,22,59,114,31,70,11,132,4,9" hai2="92,46,129,54,109,72,56,82,55,53,7,25,119" hai3="5,58,0,100,84,120,18,97,29,40,96,80,20"/><U16/><E70/><V38/><F109/><W39/><G120/><T108/><D130/><U3/><E128/><V89/><F119/><W42/><G39/><T123/><D108/><U81/><E106/><V71/><F71/><W28/><G0/><T32/><D32/><U113/><E132/><V36/><F129/><W74/><G74/><T104/><D104/><U77/><E31/><N who="3" m="11850" /><G5/><T133/><D133/><U98/><E98/><N who="3" m="37994" /><G58/><T73/><D73/><U116/><E9/><V101/><F101/><W21/><G100/><T34/><D34/><U48/><E57/><V111/><F111/><W66/><G66/><T122/><D37/><U75/><REACH who="1" step="1"/><E116/><REACH who="1" ten="465,115,204,206" step="2"/><V105/><F105/><W135/><G135/><T50/><D118/><U65/><E65/><V124/><F56/><W86/><G21/><T13/><D123/><U125/><E125/><V102/><F124/><W27/><G84/><T91/><D122/><U131/><E131/><V63/><F72/><W45/><G45/><T19/><D47/><U23/><E23/><V33/><F46/><W126/><G126/><T87/><D10/><U15/><AGARI ba="1,1" hai="3,4,11,15,16,22,48,52,59,75,77,81,113,114" machi="15" ten="30,12000,1" yaku="1,1,0,1,52,1,54,2,53,0" doraHai="1" doraHaiUra="127" who="1" fromWho="1" sc="465,-41,115,133,204,-41,206,-41" /><INIT seed="5,2,0,5,2,110" ten="424,248,163,165" oya="1" hai0="121,11,32,63,36,39,7,64,22,50,91,44,126" hai1="85,80,115,103,55,76,27,13,82,15,33,16,30" hai2="77,56,122,9,102,17,84,124,69,81,87,12,26" hai3="123,133,90,112,28,54,119,95,65,10,14,52,25"/><U120/><E120/><V2/><F69/><W128/><G123/><T132/><D126/><U24/><E115/><V94/><F122/><W35/><G128/><T38/><D132/><U40/><E40/><V111/><F111/><W79/><G133/><T19/><D32/><U57/><E103/><V43/><F2/><W53/><G65/><T101/><D101/><U41/><E41/><V60/><F124/><W0/><G119/><T66/><D91/><U1/><E1/><V5/><F43/><W97/><G0/><T72/><D72/><U45/><E45/><V88/><F102/><W70/><G70/><T117/><D117/><U108/><E108/><V74/><F26/><W106/><G79/><T114/><D114/><U21/><REACH who="1" step="1"/><E82/><REACH who="1" ten="424,238,163,165" step="2"/><V48/><F74/><W130/><G112/><T58/><D121/><U116/><E116/><V118/><F118/><W125/><G125/><T18/><D44/><U49/><AGARI ba="2,1" hai="13,15,16,21,24,27,30,33,49,55,57,76,80,85" machi="49" ten="20,7800,0" yaku="1,1,0,1,7,1,54,1,53,0" doraHai="110" doraHaiUra="104" who="1" fromWho="1" sc="424,-28,238,94,163,-28,165,-28" /><INIT seed="5,3,0,1,4,61" ten="396,332,135,137" oya="1" hai0="109,55,42,71,126,24,33,18,57,130,50,11,9" hai1="16,43,13,36,95,73,135,128,118,65,76,32,92" hai2="105,93,25,38,102,5,52,27,28,62,66,122,23" hai3="70,72,54,117,85,84,115,44,116,124,80,60,19"/><U0/><E118/><V131/><F122/><W96/><G72/><T3/><D109/><U132/><E32/><V39/><F105/><W59/><G124/><T10/><D126/><U106/><E106/><V89/><F131/><W127/><G127/><T74/><D74/><U29/><E29/><V45/><F5/><W119/><G115/><T48/><D71/><U100/><E0/><V37/><F102/><W20/><G96/><T123/><D130/><U17/><E17/><V87/><F25/><W4/><G4/><T86/><D3/><U49/><E36/><V110/><F110/><W12/><G70/><T113/><D113/><U82/><E100/><V120/><F120/><W56/><G44/><N who="0" m="25623" /><D33/><U99/><E99/><V8/><F8/><W26/><G80/><T125/><D125/><U53/><E65/><V114/><F114/><W67/><REACH who="3" step="1"/><G26/><REACH who="3" ten="396,332,135,127" step="2"/><T97/><D97/><U21/><E128/><V77/><F45/><W101/><G101/><T81/><D123/><U83/><E83/><V121/><F121/><W15/><G15/><N who="0" m="7535" /><D24/><U30/><E82/><V91/><F27/><W34/><G34/><T90/><AGARI ba="3,1" hai="10,11,50,55,57,81,86,90" m="7535,25623" machi="90" ten="30,1100,0" yaku="8,1" doraHai="61" who="0" fromWho="0" sc="396,30,332,-8,135,-6,127,-6" /><INIT seed="6,0,0,1,0,15" ten="426,324,129,121" oya="2" hai0="2,84,22,55,21,71,72,6,41,124,100,31,83" hai1="65,62,49,103,59,45,26,87,52,125,5,121,93" hai2="37,111,116,19,28,66,69,7,25,34,106,57,33" hai3="76,107,23,67,133,74,18,43,98,14,128,115,1"/><V8/><F116/><W58/><G128/><T13/><D72/><U117/><E125/><V105/><F37/><W92/><G107/><T95/><D71/><U9/><E117/><V130/><F33/><W97/><G1/><T90/><D2/><U3/><E121/><V16/><F130/><W38/><G133/><T47/><D31/><U134/><E134/><V64/><F69/><W68/><G68/><T113/><D113/><U32/><E87/><V122/><F122/><W118/><G118/><T108/><D108/><U60/><E60/><V114/><F114/><W75/><G115/><T102/><D41/><U82/><E82/><V89/><F106/><W48/><G38/><T104/><D104/><U86/><E86/><V24/><F105/><W63/><G76/><T132/><D124/><U20/><E32/><V40/><F40/><W70/><G98/><T129/><D132/><U4/><E4/><V79/><F79/><W35/><G35/><T77/><D102/><U88/><E103/><V54/><F89/><W96/><G96/><T91/><D90/><U29/><E88/><V61/><F111/><W44/><G70/><T42/><D42/><U131/><E131/><V81/><F81/><W94/><G94/><T12/><D100/><AGARI ba="0,0" hai="14,18,23,43,44,48,58,63,67,74,75,92,97,100" machi="100" ten="30,2000,0" yaku="7,1,52,1" doraHai="15" who="3" fromWho="0" sc="426,-20,324,0,129,0,121,20" /><INIT seed="7,0,0,5,4,131" ten="406,324,129,141" oya="3" hai0="44,123,33,42,112,26,74,107,46,6,43,30,31" hai1="13,128,24,2,23,60,95,122,91,100,54,118,78" hai2="124,28,105,68,79,0,70,3,127,66,16,25,75" hai3="88,90,34,96,45,21,36,55,82,104,1,120,125"/><W49/><G120/><T57/><D74/><U114/><E122/><V77/><F105/><W58/><G34/><T86/><D107/><U15/><E2/><N who="2" m="555" /><F66/><W4/><G125/><N who="2" m="48201" /><F75/><W94/><G104/><T115/><D6/><U89/><E114/><N who="0" m="43561" /><D31/><U8/><E128/><V41/><F41/><N who="0" m="15370" /><D57/><U103/><E78/><N who="2" m="29707" /><F16/><W27/><G36/><T109/><D109/><U73/><E118/><V5/><F5/><W108/><G108/><T50/><D50/><U12/><E8/><V35/><AGARI ba="0,0" hai="25,28,35,68,70" m="29707,48201,555" machi="35" ten="40,1500,0" yaku="18,1" doraHai="131" who="2" fromWho="2" sc="406,-4,324,-4,129,15,141,-7" owari="402,51.0,320,12.0,144,-26.0,134,-37.0" /></mjloggm>