<mjloggm ver="2.3"><GO type="185" lobby="0"/><UN n0="%6B%6F%75%37%37%37" n1="%77%61%77%61%33%30%33%30" n2="%E8%90%AC%E6%81%8B%E6%AC%A1%E9%83%8E" n3="" dan="17,16,17,0" rate="2291.48,2169.50,2259.40,1500.00" sx="M,M,M,C"/><TAIKYOKU oya="0"/><INIT seed="0,0,0,0,0,32" ten="350,350,350,0" oya="0" hai0="68,54,36,62,39,69,73,87,117,75,66,122,120" hai1="105,35,40,37,89,123,114,118,34,42,81,107,108" hai2="51,38,131,82,125,96,128,111,48,129,33,2,94" hai3=""/><T56/><N who="0" m="30752" /><T130/><N who="0" m="31264" /><T49/><D117/><U77/><N who="1" m="31520" /><U124/><E118/><V102/><F33/><T72/><D130/><U98/><E114/><V115/><F115/><T74/><N who="0" m="18432" /><DORA hai="93" /><T134/><D134/><U133/><E89/><V103/><F125/><T43/><D69/><U95/><E95/><V47/><F111/><T101/><D101/><U59/><E59/><V97/><F82/><T52/><D43/><U61/><E81/><V79/><F79/><T58/><REACH who="0" step="1"/><D87/><REACH who="0" ten="340,350,350,0" step="2"/><U64/><E42/><V126/><F129/><T76/><D76/><U92/><E40/><V0/><F128/><T65/><D65/><U135/><E77/><V1/><F131/><T86/><D86/><U80/><E64/><V132/><F132/><T116/><D116/><U60/><E135/><V71/><F71/><T85/><D85/><U127/><E133/><V50/><F126/><T121/><N who="0" m="31008" /><T110/><D110/><U91/><E108/><V83/><F0/><T104/><D104/><U55/><E107/><V88/><F1/><T46/><D46/><U119/><E105/><V53/><F2/><T45/><D45/><U78/><E127/><V106/><F106/><T99/><D99/><U100/><E124/><RYUUKYOKU ba="0,1" sc="340,20,350,-10,350,-10,0,0" hai0="36,39,49,52,54,56,58,62,66,68" /><INIT seed="0,1,1,5,2,124" ten="360,340,340,0" oya="0" hai0="37,0,131,43,108,57,119,55,100,35,104,66,46" hai1="114,135,125,3,129,95,89,102,88,1,111,98,134" hai2="74,123,72,118,126,109,96,50,58,54,51,81,73" hai3=""/><T82/><D119/><U85/><E125/><V60/><N who="2" m="31520" /><V56/><F118/><T106/><D0/><U93/><E111/><V130/><F126/><T94/><D35/><U38/><E38/><V101/><F109/><T62/><D108/><U90/><E114/><V128/><F81/><T132/><D132/><N who="1" m="50731" /><E129/><N who="2" m="49771" /><F58/><T65/><D131/><U49/><E49/><V52/><F54/><T34/><D34/><U41/><E41/><V115/><F115/><T91/><D82/><U84/><E90/><V97/><F97/><T117/><D117/><U99/><E98/><V45/><F45/><T122/><N who="0" m="31264" /><T71/><D100/><U79/><E79/><V48/><F48/><T78/><D78/><U120/><N who="1" m="30752" /><U61/><E61/><V103/><F103/><T121/><N who="0" m="31008" /><T36/><D37/><U76/><E76/><V44/><F44/><T75/><D36/><U133/><N who="1" m="50739" /><U92/><AGARI ba="1,1" hai="1,3,84,85,88,89,92,93,95,99,102" m="30752,50739" machi="92" ten="40,6000,1" yaku="4,1,20,1,52,1,54,1" doraHai="124" who="1" fromWho="1" sc="360,-41,340,72,340,-21,0,0" /><INIT seed="1,0,0,3,4,131" ten="319,412,319,0" oya="1" hai0="134,122,49,117,118,46,110,79,48,34,32,129,106" hai1="99,62,109,53,67,77,52,100,120,112,119,63,111" hai2="85,113,130,61,93,37,101,76,60,125,126,91,133" hai3=""/><U35/><N who="1" m="30752" /><U94/><E119/><N who="0" m="45577" /><D129/><U95/><E112/><V58/><F130/><T47/><N who="0" m="31264" /><T107/><D79/><U90/><E77/><V70/><F113/><T80/><D80/><U96/><E35/><N who="0" m="13353" /><D110/><N who="1" m="41995" /><E63/><V114/><F114/><T115/><D115/><U43/><E43/><V127/><F127/><T41/><D134/><U116/><E116/><V97/><F133/><T92/><D92/><U87/><E87/><V38/><F125/><T69/><D69/><AGARI ba="0,0" hai="52,53,62,67,69,90,94,95,96,99,100" m="41995,30752" machi="69" ten="30,11600,0" yaku="14,1,10,1,52,1,54,1" doraHai="131" who="1" fromWho="0" sc="319,-116,412,116,319,0,0,0" /><INIT seed="1,1,0,5,5,3" ten="203,528,319,0" oya="1" hai0="44,104,120,59,68,78,121,112,117,34,131,105,62" hai1="81,48,96,84,126,130,86,60,45,52,70,101,42" hai2="61,53,128,69,133,98,125,77,122,72,49,54,71" hai3=""/><U39/><E130/><V116/><N who="2" m="31264" /><V110/><F116/><T115/><N who="0" m="30752" /><T88/><N who="0" m="31008" /><T93/><D34/><U57/><E126/><V32/><F128/><T127/><D131/><U63/><E70/><V100/><F125/><T91/><D127/><U123/><N who="1" m="31520" /><U41/><E41/><V119/><F119/><T111/><D117/><U90/><REACH who="1" step="1"/><E86/><REACH who="1" ten="203,518,319,0" step="2"/><V80/><F71/><T114/><D68/><U36/><E36/><V55/><F69/><T132/><D112/><U103/><E103/><V102/><F100/><T113/><D114/><U109/><E109/><V107/><F110/><T85/><D111/><U89/><E89/><V75/><F75/><T33/><D113/><U82/><E82/><V95/><F72/><T51/><D115/><U135/><E135/><V47/><F133/><T40/><D132/><U46/><E46/><V0/><F47/><T106/><D91/><U124/><E124/><V35/><F102/><T37/><D37/><U2/><E2/><V108/><F0/><T118/><D118/><U79/><E79/><V66/><F108/><T74/><D78/><U1/><E1/><V97/><F77/><T64/><D74/><U99/><E99/><V73/><F97/><T129/><D129/><RYUUKYOKU ba="1,1" sc="203,10,518,10,319,-20,0,0" hai0="33,40,44,51,59,62,64,85,88,93,104,105,106" hai1="39,42,45,48,52,57,60,63,81,84,90,96,101" /><INIT seed="1,2,1,0,0,41" ten="213,528,299,0" oya="1" hai0="60,83,117,78,116,43,103,58,82,86,54,118,113" hai1="75,50,0,119,1,92,79,65,127,66,77,46,91" hai2="52,55,56,33,105,110,89,2,122,42,93,71,39" hai3=""/><U132/><E119/><V61/><N who="2" m="31264" /><V73/><F2/><T49/><D113/><U68/><E132/><V40/><F33/><T67/><D103/><U57/><E68/><V135/><F135/><T133/><D133/><U81/><E127/><V101/><F110/><T104/><D104/><U97/><E79/><V94/><F73/><T70/><D43/><U74/><E75/><V102/><F71/><T96/><D96/><U123/><N who="1" m="31520" /><U106/><E106/><V131/><F131/><T128/><REACH who="0" step="1"/><D82/><REACH who="0" ten="203,528,299,0" step="2"/><U129/><E129/><AGARI ba="2,2" hai="49,54,58,60,67,70,78,83,86,116,117,118,128,129" machi="129" ten="50,6400,0" yaku="1,1,2,1,12,1,53,0" doraHai="41" doraHaiUra="109" who="0" fromWho="1" sc="203,88,528,-68,299,0,0,0" /><INIT seed="2,0,0,4,3,109" ten="291,460,299,0" oya="2" hai0="33,34,93,83,129,82,79,91,40,102,111,44,94" hai1="78,53,134,56,84,128,92,124,105,119,47,73,76" hai2="127,87,115,125,2,58,95,32,122,75,35,120,50" hai3=""/><V86/><N who="2" m="30752" /><V67/><N who="2" m="31264" /><V114/><F2/><T99/><D111/><U68/><E105/><V135/><F75/><T37/><D129/><U133/><E68/><V43/><F135/><T131/><D131/><U41/><E73/><V49/><F67/><T118/><D118/><U66/><E66/><V104/><F104/><T55/><D55/><U110/><E110/><V106/><F106/><T1/><D1/><U39/><E124/><N who="2" m="47691" /><F95/><T60/><D60/><U132/><E119/><V85/><F43/><T57/><D93/><U98/><E128/><V130/><F130/><T97/><D94/><U38/><E84/><V63/><F63/><T36/><D40/><U81/><E92/><V71/><F71/><T77/><D99/><U52/><E98/><V51/><F58/><T113/><D57/><U88/><E56/><V42/><F42/><T70/><D70/><U117/><E117/><V107/><F107/><T89/><D97/><U3/><E3/><V90/><F90/><T101/><D44/><U116/><E116/><V54/><F54/><N who="1" m="21097" /><E47/><V126/><N who="2" m="47699" /><V46/><DORA hai="69" /><F46/><T121/><D121/><U64/><E41/><V65/><F65/><T61/><D61/><U123/><N who="1" m="31520" /><U62/><E62/><RYUUKYOKU ba="0,0" sc="291,10,460,-20,299,10,0,0" hai0="33,34,36,37,77,79,82,83,89,91,101,102,113" hai2="32,35,49,50,51,85,86,87,114,115" /><INIT seed="2,1,0,0,3,93" ten="301,440,309,0" oya="2" hai0="52,67,129,81,38,2,104,121,82,119,39,95,74" hai1="1,134,43,112,111,37,68,0,3,124,133,85,113" hai2="98,59,122,123,36,102,56,100,61,53,91,69,76" hai3=""/><V109/><N who="2" m="31264" /><V44/><N who="2" m="31520" /><V63/><F109/><T79/><N who="0" m="31008" /><T51/><D119/><U75/><E75/><V40/><F76/><T50/><D2/><U117/><E117/><V33/><F33/><T116/><D116/><U72/><E72/><V130/><F130/><T65/><D104/><U41/><E111/><V94/><F69/><T127/><D129/><U128/><E128/><V96/><F96/><T118/><D118/><U73/><E73/><V88/><F102/><T35/><D35/><U47/><E43/><V125/><F125/><T92/><D74/><U54/><E124/><V99/><F99/><T106/><D127/><U80/><E54/><AGARI ba="1,0" hai="36,40,44,53,54,56,59,61,63,88,91,94,98,100" m="31520,31264" machi="54" ten="30,18000,2" yaku="7,1,9,1,52,3,54,1" doraHai="93" who="2" fromWho="1" sc="301,0,440,-182,309,182,0,0" /><INIT seed="2,2,0,4,1,89" ten="301,258,491,0" oya="2" hai0="35,112,84,116,87,0,58,44,54,134,132,130,78" hai1="115,105,93,51,83,125,66,36,119,97,61,128,81" hai2="33,123,102,1,111,85,57,118,86,74,79,82,133" hai3=""/><V39/><N who="2" m="31520" /><V60/><F1/><T77/><D0/><U73/><E36/><V117/><F33/><T37/><D35/><U108/><E115/><V100/><F133/><N who="0" m="51306" /><D116/><U69/><E119/><V62/><F111/><T48/><D130/><U95/><E108/><V107/><F39/><T127/><D127/><U63/><E81/><V104/><F57/><T120/><N who="0" m="30752" /><T71/><D71/><U129/><E63/><V122/><N who="2" m="31264" /><V121/><N who="2" m="31008" /><V2/><F2/><T90/><D112/><U40/><E125/><V38/><F38/><T114/><D87/><U72/><E72/><V113/><F113/><T124/><D124/><U65/><E65/><V101/><F101/><T56/><D114/><U75/><E75/><V41/><F74/><T67/><D67/><U88/><E73/><V3/><F3/><T47/><D58/><U32/><E32/><V50/><F82/><T110/><D110/><U126/><E83/><V103/><F103/><T96/><D56/><U46/><E126/><V34/><F34/><T55/><D37/><U98/><REACH who="1" step="1"/><E105/><REACH who="1" ten="301,248,491,0" step="2"/><V76/><F50/><T59/><D48/><U68/><E68/><V53/><F53/><T109/><D55/><U52/><E52/><V45/><F41/><RYUUKYOKU ba="2,1" sc="301,-20,248,10,491,10,0,0" hai1="40,46,51,61,66,69,88,93,95,97,98,128,129" hai2="45,60,62,76,79,85,86,100,102,104,107,117,118" /><INIT seed="2,3,1,4,2,112" ten="281,258,501,0" oya="2" hai0="133,125,45,99,132,63,66,32,97,81,87,96,108" hai1="73,65,77,50,120,55,102,40,49,76,70,86,128" hai2="88,118,3,43,82,106,101,41,94,98,134,0,59" hai3=""/><V39/><F134/><T107/><D32/><U72/><N who="1" m="30752" /><U38/><E128/><V44/><F43/><T115/><D108/><U53/><E102/><V67/><F118/><T113/><D45/><U74/><E40/><V80/><F67/><T95/><D95/><U79/><E38/><V100/><F59/><T111/><D111/><U61/><REACH who="1" step="1"/><E86/><REACH who="1" ten="281,248,501,0" step="2"/><V75/><F101/><T51/><D87/><U83/><E83/><V114/><F114/><T122/><D81/><U36/><E36/><V33/><F33/><T129/><D129/><U110/><E110/><V46/><F46/><T68/><D115/><U127/><E127/><V104/><F82/><T93/><D125/><U34/><E34/><V117/><F100/><T121/><D113/><U131/><E131/><V78/><F44/><T47/><D47/><U56/><E56/><V71/><F41/><T90/><D122/><U35/><E35/><V123/><F39/><T64/><D121/><U89/><E89/><V135/><F88/><T109/><D90/><U58/><E58/><V42/><F42/><T60/><D109/><U119/><E119/><V116/><F117/><T37/><D37/><U48/><AGARI ba="3,2" hai="48,49,50,53,55,61,65,70,72,73,74,76,77,79" m="30752" machi="48" ten="40,6000,1" yaku="1,1,0,1,29,2,52,1,53,0" doraHai="112" doraHaiUra="103" who="1" fromWho="1" sc="281,-23,248,86,501,-43,0,0" /><INIT seed="4,0,0,0,2,101" ten="258,334,458,0" oya="0" hai0="108,42,111,69,100,129,120,78,64,41,106,1,74" hai1="44,121,57,50,47,62,91,125,98,52,35,40,45" hai2="59,73,33,94,119,70,81,61,86,53,122,110,126" hai3=""/><T105/><N who="0" m="30752" /><T90/><D1/><U130/><N who="1" m="31008" /><U60/><E35/><V123/><N who="2" m="31264" /><V49/><N who="2" m="31520" /><V84/><F33/><T32/><D32/><U66/><E130/><V103/><F110/><N who="0" m="42026" /><D129/><U67/><E125/><V51/><F126/><T34/><D34/><U38/><E98/><V117/><F73/><T63/><D90/><U75/><E75/><V133/><F133/><T56/><D100/><U3/><E91/><V36/><F36/><T109/><N who="0" m="42034" /><T65/><DORA hai="114" /><D64/><N who="1" m="24619" /><E3/><V96/><F84/><T55/><D78/><U131/><E131/><V39/><F39/><T116/><D116/><N who="2" m="44618" /><F70/><T113/><D113/><U54/><E47/><V99/><F99/><T112/><D112/><U58/><E45/><V0/><F0/><T124/><D124/><U118/><E118/><V104/><F94/><T128/><D128/><U127/><E127/><V93/><F93/><T48/><D74/><U132/><E132/><V43/><F43/><AGARI ba="0,0" hai="41,42,43,48,55,56,63,65,69,105,106" m="42034,30752" machi="43" ten="40,12000,1" yaku="10,1,52,3" doraHai="101,114" who="0" fromWho="2" sc="258,120,334,0,458,-120,0,0" /><INIT seed="4,1,0,0,0,35" ten="378,334,338,0" oya="0" hai0="46,59,99,114,61,70,36,108,127,67,119,39,68" hai1="113,92,80,132,58,78,122,135,60,106,104,1,44" hai2="55,62,73,107,126,109,43,41,53,64,77,123,134" hai3=""/><T79/><D119/><U38/><N who="1" m="31264" /><U75/><E92/><V48/><N who="2" m="31520" /><V66/><F107/><T112/><D79/><U101/><E113/><N who="0" m="43625" /><D99/><U124/><E124/><V103/><F77/><T133/><D127/><U49/><E38/><N who="0" m="14377" /><D133/><N who="1" m="51275" /><E1/><V32/><F134/><T89/><D89/><U57/><E60/><V65/><F62/><T54/><D108/><U87/><E87/><V98/><F109/><T82/><D82/><U81/><E81/><V95/><F126/><T42/><D67/><U45/><E101/><V2/><F103/><T72/><D72/><U93/><E93/><V100/><F95/><T128/><D128/><U96/><E96/><V94/><F98/><T84/><D84/><U86/><E75/><V90/><F73/><T47/><D42/><U52/><E104/><V74/><F74/><T115/><N who="0" m="43633" /><T34/><DORA hai="118" /><D34/><U110/><E106/><V91/><F32/><T116/><D116/><U40/><E110/><V85/><F91/><T102/><D102/><U63/><E40/><N who="2" m="15435" /><F100/><T83/><D83/><U97/><E97/><V88/><F90/><T117/><D117/><U76/><E78/><V111/><F111/><T120/><N who="0" m="30752" /><T33/><D33/><U105/><E105/><V69/><F85/><RYUUKYOKU ba="1,0" sc="378,10,334,10,338,-20,0,0" hai0="46,47,54,59,61,68,70" hai1="44,45,49,52,57,58,63,76,80,86" /><INIT seed="4,2,0,3,1,60" ten="388,344,318,0" oya="0" hai0="99,112,135,134,101,122,127,123,130,59,61,114,2" hai1="57,87,95,92,47,44,63,52,111,93,55,46,78" hai2="113,105,65,126,0,41,69,58,72,133,66,94,40" hai3=""/><T32/><N who="0" m="31264" /><T79/><N who="0" m="31520" /><T106/><D2/><U96/><E111/><V128/><F0/><T70/><D32/><U43/><E43/><V108/><F105/><T103/><D130/><U81/><REACH who="1" step="1"/><E96/><REACH who="1" ten="388,334,318,0" step="2"/><V91/><F108/><T1/><D1/><U115/><E115/><N who="0" m="44073" /><D127/><U121/><N who="1" m="31008" /><U34/><E34/><V49/><F113/><T82/><D70/><U33/><E33/><V56/><F126/><T36/><D36/><U119/><E119/><V71/><F69/><T104/><D104/><U50/><AGARI ba="2,1" hai="44,46,47,50,52,55,57,63,78,81,87,92,93,95" m="31008" machi="50" ten="30,9000,2" yaku="1,1,0,1,8,1,52,1,54,1,53,1" doraHai="60" doraHaiUra="75" who="1" fromWho="1" sc="388,-62,334,104,318,-32,0,0" /><INIT seed="5,0,0,1,4,100" ten="326,438,286,0" oya="1" hai0="79,52,63,69,115,101,39,50,132,82,59,55,87" hai1="71,73,93,1,113,134,126,53,125,114,33,46,96" hai2="99,2,98,104,110,105,70,107,86,106,90,42,91" hai3=""/><U62/><E1/><V111/><F2/><T118/><D115/><N who="1" m="44043" /><E33/><V0/><F0/><T67/><D132/><U117/><E73/><V133/><F70/><T120/><N who="0" m="30752" /><T32/><D32/><U65/><E117/><V47/><F133/><T77/><D118/><U102/><E134/><V60/><F60/><T122/><N who="0" m="31264" /><T54/><D39/><U124/><E46/><V92/><N who="2" m="26624" /><DORA hai="57" /><V78/><F78/><T131/><D101/><U64/><E53/><V112/><F112/><T58/><D131/><U80/><E80/><V128/><F128/><T109/><D109/><U89/><E65/><V35/><F35/><T85/><D69/><U3/><E3/><V81/><REACH who="2" step="1"/><F99/><REACH who="2" ten="326,438,276,0" step="2"/><T95/><D79/><U116/><E116/><V135/><F135/><T74/><D74/><U88/><AGARI ba="0,1" hai="62,64,71,88,89,93,96,102,124,125,126" m="44043" machi="88" ten="40,8000,1" yaku="18,1,15,1,52,1,54,1" doraHai="100,57" who="1" fromWho="1" sc="326,-40,438,90,276,-40,0,0" /><INIT seed="5,1,0,5,0,79" ten="286,528,236,0" oya="1" hai0="81,118,56,103,130,75,102,112,65,58,131,111,3" hai1="126,50,60,73,127,114,120,55,64,1,36,45,110" hai2="71,87,104,39,129,61,43,42,92,69,40,132,84" hai3=""/><U108/><N who="1" m="30752" /><U94/><E1/><V91/><F132/><T46/><D111/><N who="1" m="42539" /><E73/><V122/><N who="2" m="31264" /><V123/><N who="2" m="31520" /><V97/><F129/><T99/><D112/><U80/><E94/><V53/><F39/><T133/><D133/><U117/><E80/><V88/><F104/><T78/><D3/><U82/><E82/><V34/><F34/><T68/><D118/><U100/><E100/><V49/><F61/><T119/><D103/><U62/><E117/><V124/><F124/><N who="1" m="47657" /><E114/><V134/><F134/><T54/><D119/><U32/><E32/><V90/><F71/><T105/><D130/><U113/><E113/><V2/><F69/><T59/><D68/><U135/><E135/><V35/><F2/><T41/><D131/><U72/><E72/><V121/><N who="2" m="31008" /><V48/><F48/><T74/><D74/><U70/><E62/><V125/><F125/><T93/><D75/><U38/><AGARI ba="1,0" hai="36,38,45,50,55,60,64,70" m="47657,42539,30752" machi="38" ten="40,8000,1" yaku="10,1,18,1,34,2,52,1" doraHai="79" who="1" fromWho="1" sc="286,-41,528,82,236,-41,0,0" /><INIT seed="5,2,0,2,3,113" ten="245,610,195,0" oya="1" hai0="110,105,41,55,46,49,101,130,92,1,90,111,97" hai1="47,72,131,63,124,91,69,56,104,67,116,43,40" hai2="50,79,37,106,87,62,44,58,99,78,77,82,135" hai3=""/><U133/><E104/><V85/><F135/><T60/><D1/><U126/><E72/><V2/><F2/><T100/><D130/><U36/><E133/><V86/><F37/><T108/><D105/><U57/><E91/><V122/><N who="2" m="31264" /><V38/><F38/><T39/><REACH who="0" step="1"/><D60/><REACH who="0" ten="235,610,195,0" step="2"/><U70/><E131/><V53/><F106/><T71/><D71/><U74/><E69/><V112/><F112/><T73/><D73/><U109/><E74/><V94/><F82/><T45/><AGARI ba="2,1" hai="39,41,45,46,49,55,90,92,97,100,101,108,110,111" machi="45" ten="40,3900,0" yaku="1,1,0,1,53,1" doraHai="113" doraHaiUra="51" who="0" fromWho="0" sc="235,53,610,-28,195,-15,0,0" /><INIT seed="6,0,0,3,1,33" ten="288,582,180,0" oya="2" hai0="58,62,56,78,84,124,102,131,71,39,42,95,47" hai1="111,44,34,75,72,123,91,94,90,65,126,96,87" hai2="105,121,76,77,128,54,133,66,109,99,57,67,41" hai3=""/><V36/><N who="2" m="31008" /><V64/><F109/><T122/><N who="0" m="31264" /><T1/><D1/><U81/><N who="1" m="31520" /><U60/><E34/><V88/><F128/><T135/><D131/><U69/><E111/><V70/><F133/><T104/><D104/><U68/><E68/><V92/><F70/><T80/><D135/><U83/><E126/><V2/><F2/><T98/><REACH who="0" step="1"/><D124/><REACH who="0" ten="278,582,180,0" step="2"/><U74/><REACH who="1" step="1"/><E44/><REACH who="1" ten="278,572,180,0" step="2"/><V49/><REACH who="2" step="1"/><F105/><REACH who="2" ten="278,572,170,0" step="2"/><T43/><D43/><U73/><E73/><V114/><F114/><T85/><D85/><U129/><E129/><V63/><F63/><T82/><D82/><AGARI ba="0,3" hai="60,65,69,72,74,75,81,82,83,87,90,91,94,96" m="31520" machi="82" ten="40,2600,0" yaku="1,1,52,1,53,0" doraHai="33" doraHaiUra="53" who="1" fromWho="0" sc="278,-26,572,56,170,0,0,0" owari="252,-15.0,628,58.0,170,-43.0,0,0.0" /></mjloggm>