<mjloggm ver="2.3"><GO type="169" lobby="0"/><UN n0="%E6%B2%B3%E5%B6%8B%4B%4B" n1="%64%61%7A%61%69" n2="%E5%81%BD%E5%96%84%E8%80%85%E9%AB%98%E6%A9%8B%E3%81%BF%E3%81%AA%E3%81%BF" n3="%E7%94%98%E5%A4%8F%E3%81%BF%E3%81%8B%E3%82%93" dan="17,16,17,17" rate="2188.58,2144.49,2191.14,2163.93" sx="M,M,F,M"/><TAIKYOKU oya="0"/><INIT seed="0,0,0,1,1,118" ten="250,250,250,250" oya="0" hai0="46,67,26,37,71,113,84,116,135,49,99,129,36" hai1="96,128,10,94,85,76,13,7,9,19,18,35,132" hai2="83,22,131,68,91,32,119,133,121,60,38,63,95" hai3="105,77,52,107,41,45,54,65,86,103,101,110,55"/><T11/><BYE who="3" /><D116/><U98/><E132/><V79/><F119/><W70/><G70/><T82/><D113/><U127/><E127/><V23/><F32/><UN n3="%E7%94%98%E5%A4%8F%E3%81%BF%E3%81%8B%E3%82%93" /><W64/><G107/><T31/><D135/><U39/><E128/><V72/><F133/><W28/><G28/><T57/><D71/><U12/><E39/><V25/><F38/><W109/><G77/><T89/><D129/><U16/><E35/><V30/><F131/><W48/><G86/><T111/><D111/><N who="3" m="42505" /><G105/><T17/><D99/><U115/><E115/><V73/><F73/><W59/><G59/><T40/><D67/><AGARI ba="0,0" hai="41,45,48,52,54,55,64,65,67,101,103" m="42505" machi="67" ten="30,2000,0" yaku="14,1,54,1" doraHai="118" who="3" fromWho="0" sc="250,-20,250,0,250,0,250,20" /><INIT seed="1,0,0,0,1,126" ten="230,250,250,270" oya="1" hai0="92,4,0,53,67,104,127,3,88,13,85,97,44" hai1="17,50,5,8,49,10,31,114,1,51,7,43,37" hai2="103,117,48,123,107,134,96,130,72,90,82,122,79" hai3="111,16,91,93,113,33,66,2,118,38,80,71,73"/><U55/><E114/><V102/><F117/><W108/><G113/><T52/><D127/><U115/><E115/><V112/><F112/><W25/><G38/><T87/><D67/><U110/><E110/><V68/><F68/><W29/><G2/><T69/><D69/><U19/><E31/><V135/><F48/><W119/><G73/><T81/><D104/><U63/><E55/><V42/><F42/><W56/><G71/><T59/><D87/><U89/><E63/><V86/><F102/><W58/><G80/><T27/><D27/><U45/><REACH who="1" step="1"/><E89/><REACH who="1" ten="230,240,250,270" step="2"/><V11/><F123/><W124/><G111/><T34/><D53/><U21/><E21/><V74/><F11/><W77/><G29/><T75/><D34/><U30/><E30/><V105/><F122/><W128/><G33/><T24/><D52/><U129/><E129/><V120/><F130/><W28/><G28/><T54/><D54/><U116/><E116/><V20/><F20/><N who="3" m="13447" /><G128/><T40/><D88/><U60/><E60/><V106/><F120/><W57/><G108/><T23/><D23/><U99/><E99/><V121/><F121/><W109/><G109/><T9/><D97/><U47/><E47/><V36/><F90/><W76/><G124/><T62/><D62/><U12/><AGARI ba="0,1" hai="1,5,7,8,10,12,17,19,37,43,45,49,50,51" machi="12" ten="30,6000,0" yaku="1,1,0,1,53,1" doraHai="126" doraHaiUra="32" who="1" fromWho="1" sc="230,-20,240,70,250,-20,270,-20" /><INIT seed="1,1,0,0,0,4" ten="210,310,230,250" oya="1" hai0="125,58,71,45,24,38,106,60,69,109,98,15,86" hai1="103,8,46,121,59,78,129,81,92,10,48,87,6" hai2="72,74,51,17,83,23,95,66,47,31,62,102,119" hai3="36,21,67,34,93,35,11,113,26,107,116,55,114"/><U22/><E121/><V70/><F119/><W112/><G107/><T32/><D109/><U20/><E129/><V25/><F83/><W108/><G108/><T28/><D125/><U2/><E59/><V105/><F105/><W9/><G36/><T122/><D122/><U16/><E103/><V90/><F31/><W135/><G67/><T88/><D38/><U29/><E29/><V61/><F61/><W19/><G116/><T13/><D45/><U41/><REACH who="1" step="1"/><E92/><REACH who="1" ten="210,300,230,250" step="2"/><V128/><F102/><W118/><G118/><T124/><D28/><U123/><E123/><V132/><F128/><W134/><G93/><T96/><D58/><U94/><E94/><V63/><F63/><W75/><G35/><T1/><D60/><U99/><E99/><V64/><F64/><W40/><G34/><T89/><D98/><U80/><E80/><V110/><F110/><W42/><G114/><T49/><D96/><U37/><E37/><V115/><F115/><W104/><G113/><T73/><D32/><U133/><E133/><V27/><F132/><W91/><G104/><T43/><D106/><U56/><E56/><V126/><F62/><W3/><G112/><T100/><D100/><U65/><E65/><V33/><F66/><W0/><G134/><T39/><D39/><U52/><E52/><V44/><F95/><W97/><G55/><T7/><D71/><U101/><E101/><V127/><F70/><W12/><G135/><T76/><D69/><U57/><E57/><V120/><F120/><W84/><G97/><T53/><D53/><U18/><E18/><V117/><F17/><RYUUKYOKU ba="1,1" sc="210,-10,300,30,230,-10,250,-10" hai1="2,6,8,10,16,20,22,41,46,48,78,81,87" /><INIT seed="1,2,1,4,0,120" ten="200,330,220,240" oya="1" hai0="88,25,108,130,70,107,124,34,10,98,118,104,93" hai1="115,112,128,67,116,99,79,13,12,59,111,85,6" hai2="66,81,33,7,68,109,9,55,80,89,117,37,114" hai3="97,91,26,46,92,94,131,41,132,84,36,121,87"/><U5/><E116/><V75/><F117/><W23/><G121/><T30/><D118/><U17/><E128/><V69/><F33/><W95/><G131/><T49/><D130/><U43/><E43/><V24/><F37/><W77/><G132/><T51/><D70/><U1/><E1/><V16/><F66/><W96/><G77/><T83/><D124/><U134/><E134/><V135/><F135/><W2/><G2/><T11/><D107/><U74/><E74/><V72/><F55/><W73/><G73/><T20/><D104/><U127/><E127/><V15/><F114/><W19/><REACH who="3" step="1"/><G95/><REACH who="3" ten="200,330,220,230" step="2"/><T122/><D122/><U56/><E79/><V86/><F75/><W27/><G27/><T18/><D83/><U119/><E112/><V38/><F80/><W8/><G8/><T29/><D11/><U106/><E115/><V133/><F72/><W31/><G31/><T82/><D10/><U53/><E119/><V105/><F105/><W0/><G0/><T64/><D30/><U90/><E106/><V21/><F133/><W126/><G126/><T100/><D29/><U40/><E5/><V63/><F24/><W58/><G58/><T60/><D25/><U42/><E56/><V50/><F9/><W14/><G14/><T48/><D93/><U101/><E13/><V129/><F15/><W22/><G22/><T65/><D20/><U3/><E12/><V123/><F7/><W102/><AGARI ba="2,2" hai="19,23,26,36,41,46,84,87,91,92,94,96,97,102" machi="102" ten="20,2700,0" yaku="1,1,0,1,7,1,53,0" doraHai="120" doraHaiUra="52" who="3" fromWho="3" sc="200,-9,330,-15,220,-9,230,53" /><INIT seed="2,0,0,4,3,90" ten="191,315,211,283" oya="2" hai0="24,21,8,31,11,125,129,93,88,30,59,65,87" hai1="0,117,128,27,132,84,111,131,19,9,77,133,49" hai2="69,62,2,123,102,32,56,55,114,64,109,120,72" hai3="45,75,46,71,103,22,78,17,7,86,113,79,13"/><V44/><F2/><W81/><G71/><T54/><D129/><N who="1" m="49739" /><E49/><V99/><F32/><W73/><G113/><T16/><D65/><U34/><E84/><V6/><F114/><W40/><G46/><T135/><D135/><N who="1" m="51787" /><E77/><V60/><F72/><W3/><G103/><T25/><D125/><U110/><E117/><V41/><F6/><W15/><G3/><T39/><D39/><U67/><E67/><V122/><F109/><N who="1" m="41481" /><E0/><V130/><F130/><W37/><G79/><T107/><D107/><U23/><E9/><N who="0" m="3657" /><D25/><U127/><E34/><V58/><F69/><W106/><G106/><T98/><D87/><U63/><E63/><AGARI ba="0,0" hai="16,21,24,30,31,54,59,63,88,93,98" m="3657" machi="63" ten="30,8000,1" yaku="25,1,8,1,52,1,54,2" doraHai="90" who="0" fromWho="1" sc="191,80,315,-80,211,0,283,0" /><INIT seed="3,0,0,4,5,106" ten="271,235,211,283" oya="3" hai0="0,122,121,14,109,88,3,18,59,52,97,5,61" hai1="29,26,95,16,67,4,54,113,102,56,62,105,80" hai2="83,32,116,37,123,51,30,63,77,120,34,57,112" hai3="19,133,117,58,104,55,75,72,53,110,129,79,7"/><W98/><G117/><T84/><D109/><U71/><E113/><V86/><F37/><W27/><G7/><T108/><D108/><U66/><E4/><V10/><F112/><W9/><G110/><T44/><D97/><U39/><E39/><V124/><F116/><W38/><G38/><T115/><D115/><U135/><E135/><V31/><F10/><W128/><G79/><T134/><D134/><U8/><E105/><V43/><F124/><W93/><G104/><T92/><D5/><U111/><E111/><V41/><F30/><W82/><G82/><T17/><D17/><U70/><E70/><V2/><F2/><W126/><G55/><T107/><D107/><U99/><E80/><V42/><F51/><W48/><G126/><T87/><D87/><U103/><E71/><V46/><F46/><W21/><G9/><T100/><D100/><U90/><E29/><V50/><F50/><W25/><G25/><T22/><REACH who="0" step="1"/><D44/><REACH who="0" ten="261,235,211,283" step="2"/><U131/><E102/><V49/><F31/><W85/><G85/><T11/><D11/><U96/><E8/><V73/><F86/><W68/><G133/><T60/><D60/><U24/><E16/><V35/><F63/><W118/><G118/><T130/><D130/><N who="3" m="50281" /><G68/><T119/><D119/><U114/><E131/><V28/><F28/><W15/><G27/><N who="1" m="10282" /><E114/><V89/><F89/><AGARI ba="0,1" hai="15,19,21,48,53,58,72,75,89,93,98" m="50281" machi="89" ten="30,5800,0" yaku="19,1,52,2" doraHai="106" who="3" fromWho="2" sc="261,0,235,0,211,-58,283,68" /><INIT seed="3,1,0,5,5,85" ten="261,235,153,351" oya="3" hai0="71,99,36,96,56,124,117,17,26,67,31,114,50" hai1="51,52,106,22,35,18,39,126,40,43,131,15,48" hai2="112,6,64,3,113,69,73,12,10,129,16,103,53" hai3="118,14,38,63,2,55,105,21,72,79,108,82,42"/><W89/><G118/><T127/><D117/><U25/><E106/><V109/><F73/><W32/><G32/><T44/><D71/><U83/><E126/><V100/><F109/><W132/><G105/><T92/><D114/><U80/><E131/><V13/><F129/><W98/><G108/><T94/><D36/><U86/><E39/><V24/><F24/><W34/><G34/><T81/><D17/><U87/><E35/><V91/><F3/><W5/><G63/><T121/><D81/><U76/><E48/><V111/><F111/><W97/><G55/><T77/><D77/><U116/><E25/><V37/><F37/><W135/><G21/><T95/><D56/><U66/><E66/><V110/><F110/><W119/><G14/><T8/><D8/><U60/><E60/><V125/><F125/><N who="0" m="48202" /><D121/><U11/><E22/><V68/><F68/><W20/><G20/><N who="0" m="15815" /><D67/><U61/><E61/><V57/><F64/><W7/><G119/><T23/><D23/><U46/><E116/><V59/><F59/><W1/><G5/><T88/><D99/><U49/><E49/><N who="2" m="30895" /><F69/><W101/><G97/><T30/><D30/><U41/><E41/><AGARI ba="1,0" hai="41,44,50,88,92,94,95,96" m="15815,48202" machi="41" ten="30,3900,0" yaku="18,1,52,1,54,1" doraHai="85" who="0" fromWho="1" sc="261,42,235,-42,153,0,351,0" /><INIT seed="4,0,0,5,1,63" ten="303,193,153,351" oya="0" hai0="20,125,86,101,39,37,127,34,70,131,110,84,56" hai1="64,18,100,77,99,112,43,114,102,72,55,115,51" hai2="98,54,41,59,26,49,80,74,130,126,29,12,122" hai3="46,5,30,45,16,48,109,53,135,132,118,134,2"/><T27/><D70/><U123/><E123/><V76/><F122/><W97/><G109/><T105/><D34/><U73/><E43/><V40/><F130/><W32/><G118/><T8/><D8/><U24/><E64/><V113/><F113/><W23/><G30/><T111/><D56/><U25/><E77/><V71/><F71/><W82/><G32/><T129/><D20/><N who="1" m="13335" /><E25/><V124/><F98/><W117/><G117/><T133/><D27/><U81/><E81/><V93/><F93/><W11/><G97/><N who="0" m="61615" /><D37/><U35/><E35/><V10/><F26/><N who="3" m="14695" /><G82/><T28/><D39/><U90/><E90/><V4/><REACH who="2" step="1"/><F29/><REACH who="2" ten="303,193,143,351" step="2"/><W57/><AGARI ba="0,1" hai="2,5,11,45,46,48,53,57,132,134,135" m="14695" machi="57" ten="30,2000,0" yaku="20,1,54,1" doraHai="63" who="3" fromWho="3" sc="303,-10,193,-5,143,-5,351,30" /><INIT seed="5,0,0,1,0,15" ten="293,188,138,381" oya="1" hai0="114,109,8,37,90,104,106,82,98,125,135,33,81" hai1="62,93,42,2,20,16,22,96,21,56,87,48,95" hai2="121,105,35,25,119,38,103,122,110,18,64,1,28" hai3="47,77,108,130,57,52,43,54,113,30,46,101,97"/><U41/><E2/><V50/><F38/><W80/><G108/><T83/><D33/><U133/><E133/><V120/><F110/><W74/><G30/><T23/><D8/><U53/><E87/><V127/><F119/><W70/><G70/><T29/><D29/><U63/><E95/><V44/><F127/><W102/><G47/><T123/><D23/><U94/><E94/><V59/><F1/><W124/><G124/><T76/><D37/><U6/><E6/><V34/><F34/><W4/><G4/><T27/><D27/><U40/><REACH who="1" step="1"/><E16/><REACH who="1" ten="293,178,138,381" step="2"/><V132/><F132/><W79/><G74/><T49/><D135/><U85/><E85/><V73/><F73/><W31/><G97/><T45/><D98/><U118/><E118/><V58/><F18/><W75/><G75/><T36/><D125/><U128/><E128/><V10/><F10/><W117/><G130/><T134/><D134/><U3/><E3/><V111/><F111/><W129/><G129/><T91/><D109/><U61/><E61/><V112/><F122/><W65/><G117/><T86/><D86/><U26/><E26/><V51/><F121/><W39/><G102/><AGARI ba="0,1" hai="20,21,22,40,41,42,48,53,56,62,63,93,96,102" machi="102" ten="40,7700,0" yaku="1,1,8,1,53,1" doraHai="15" doraHaiUra="55" who="1" fromWho="3" sc="293,0,178,87,138,0,381,-77" /><INIT seed="5,1,0,5,0,133" ten="293,265,138,304" oya="1" hai0="45,125,77,83,85,134,115,93,82,66,116,30,21" hai1="99,79,33,131,8,123,55,81,103,58,89,32,42" hai2="61,4,3,96,22,15,25,69,27,34,5,47,94" hai3="112,129,7,113,121,40,60,110,88,39,108,128,24"/><U46/><E123/><V59/><F69/><W16/><G121/><T100/><D116/><U57/><E131/><N who="3" m="50250" /><G7/><T87/><D134/><U72/><E89/><V52/><F3/><W105/><G105/><T98/><D115/><N who="3" m="44105" /><G60/><T28/><D66/><U23/><E58/><V18/><F47/><N who="3" m="23967" /><G88/><T38/><D38/><U37/><E23/><AGARI ba="1,0" hai="16,23,24,108,110" m="23967,44105,50250" machi="23" ten="30,3900,0" yaku="19,1,15,1,54,1" doraHai="133" who="3" fromWho="1" sc="293,0,265,-42,138,0,304,42" /><INIT seed="6,0,0,2,3,92" ten="293,223,138,346" oya="2" hai0="65,18,102,87,73,42,72,107,88,32,127,16,94" hai1="134,105,76,68,61,106,104,83,27,12,2,62,17" hai2="130,133,100,121,119,37,81,112,49,56,22,5,126" hai3="51,34,31,4,129,77,23,14,103,43,71,90,7"/><V108/><F112/><W40/><G71/><T122/><D122/><U13/><E134/><V26/><F121/><W91/><G34/><T0/><D0/><U78/><E2/><V99/><F119/><W85/><G103/><T70/><D42/><U97/><E68/><V33/><F37/><W124/><G77/><T50/><D50/><U45/><E45/><V101/><F133/><W74/><G74/><T19/><D32/><U113/><E113/><V20/><F130/><W44/><G91/><T116/><D116/><U114/><E114/><V53/><F126/><W93/><G129/><T131/><D131/><U128/><E128/><V75/><F108/><W1/><G1/><T57/><D57/><U123/><E123/><V69/><F69/><W24/><G40/><T47/><D47/><U135/><E135/><V125/><F125/><W41/><G43/><T120/><D120/><U10/><E27/><V25/><F5/><W28/><G28/><T84/><D84/><U21/><E97/><V59/><F33/><W9/><G124/><T110/><D110/><U35/><E35/><V15/><F15/><W79/><G79/><T11/><D11/><U8/><E21/><N who="2" m="8299" /><F56/><W115/><G115/><T6/><D6/><AGARI ba="0,0" hai="4,6,7,9,14,23,24,31,41,44,51,85,90,93" machi="6" ten="30,2000,0" yaku="7,1,8,1" doraHai="92" who="3" fromWho="0" sc="293,-20,223,0,138,0,346,20" /><INIT seed="7,0,0,3,1,133" ten="273,223,138,366" oya="3" hai0="48,29,132,13,72,22,28,46,34,38,17,60,90" hai1="105,18,14,112,83,68,119,49,1,70,40,94,118" hai2="123,91,10,63,129,55,109,59,7,85,93,77,2" hai3="100,44,127,61,114,107,33,98,26,130,21,3,39"/><W80/><G114/><T52/><D72/><U135/><E112/><V134/><F129/><W82/><G3/><T113/><D113/><U56/><E105/><V20/><F134/><W64/><G21/><T84/><D38/><U12/><E1/><V131/><F131/><W96/><G96/><T47/><D34/><U75/><E135/><V104/><F109/><W16/><G16/><T51/><D60/><U45/><E12/><V8/><F104/><W88/><G88/><T115/><D115/><U57/><E94/><V73/><F123/><W50/><G39/><T106/><D106/><U74/><E83/><V116/><F116/><N who="1" m="44585" /><E57/><V11/><F73/><N who="1" m="27657" /><E56/><V41/><F77/><W86/><G82/><N who="0" m="49431" /><D132/><U125/><E125/><V78/><F78/><W30/><G127/><T67/><D67/><U81/><E81/><V65/><F41/><AGARI ba="0,0" hai="13,17,22,28,29,41,46,47,48,51,52" m="49431" machi="41" ten="30,2000,0" yaku="8,1,54,1" doraHai="133" who="0" fromWho="2" sc="273,20,223,0,138,-20,366,0" owari="293,9.0,223,-18.0,118,-38.0,366,47.0" /></mjloggm>