<mjloggm ver="2.3"><GO type="185" lobby="0"/><UN n0="%E8%97%A4%E4%BA%95%E8%81%A1%E5%A4%AA" n1="%6E%6F%70%72%6F%70%73" n2="%E7%9C%81%E5%AE%9F" n3="" dan="20,16,17,0" rate="2405.53,2189.38,2208.00,1500.00" sx="M,F,F,C"/><TAIKYOKU oya="0"/><INIT seed="0,0,0,1,1,2" ten="350,350,350,0" oya="0" hai0="86,96,52,106,71,51,114,44,113,89,81,97,43" hai1="119,37,131,45,108,64,72,75,91,79,133,76,120" hai2="66,78,40,125,129,128,112,58,73,92,70,84,62" hai3=""/><T130/><D130/><U109/><N who="1" m="30752" /><U74/><E64/><V94/><F112/><T41/><D71/><U77/><E45/><V116/><F125/><T53/><D53/><U124/><E37/><V69/><F116/><T111/><D111/><N who="1" m="42571" /><E119/><V42/><F73/><N who="1" m="28265" /><E124/><V50/><F78/><N who="1" m="30313" /><E131/><N who="2" m="50251" /><F40/><T100/><D41/><U83/><E91/><V126/><F126/><T95/><REACH who="0" step="1"/><D43/><REACH who="0" ten="340,350,350,0" step="2"/><U36/><E36/><V132/><F69/><T60/><D60/><U33/><E33/><V104/><F70/><T54/><D54/><U46/><E46/><V32/><F42/><T90/><AGARI ba="0,1" hai="44,51,52,81,86,89,90,95,96,97,100,106,113,114" machi="90" ten="20,5200,0" yaku="1,1,0,1,7,1,54,1,53,0" doraHai="2" doraHaiUra="67" who="0" fromWho="0" sc="340,62,350,-26,350,-26,0,0" /><INIT seed="0,1,0,0,0,49" ten="402,324,324,0" oya="0" hai0="104,105,34,116,91,119,87,90,80,50,59,109,58" hai1="33,76,56,70,130,127,41,93,113,1,78,2,55" hai2="37,99,64,75,74,117,96,114,135,71,121,67,84" hai3=""/><T39/><D39/><U98/><E33/><V38/><N who="2" m="31008" /><V43/><F114/><T89/><D34/><U63/><E113/><V131/><F135/><T46/><D109/><U101/><E130/><V108/><F108/><T57/><D105/><U51/><E127/><V72/><F131/><T132/><D104/><U61/><E61/><V53/><F117/><T60/><D132/><U110/><E110/><V83/><F71/><T3/><D3/><U97/><E97/><V122/><N who="2" m="31264" /><V54/><F43/><T86/><D60/><U68/><E68/><V66/><F84/><T77/><REACH who="0" step="1"/><D86/><REACH who="0" ten="392,324,324,0" step="2"/><U88/><E2/><V129/><F129/><T120/><N who="0" m="30752" /><T100/><D100/><U128/><E1/><V94/><F83/><T65/><D65/><U92/><E128/><V124/><F124/><T69/><D69/><U107/><E70/><V36/><F96/><T111/><D111/><U42/><E107/><V125/><F125/><T52/><AGARI ba="1,1" hai="46,50,52,57,58,59,77,80,87,89,90,91,116,119" m="30752" machi="52" ten="30,8000,1" yaku="1,1,0,1,52,2,54,1,53,0" doraHai="49" doraHaiUra="123" who="0" fromWho="0" sc="392,92,324,-41,324,-41,0,0" /><INIT seed="0,2,0,2,3,103" ten="484,283,283,0" oya="0" hai0="91,94,98,126,37,43,33,39,65,83,104,64,60" hai1="80,116,81,76,48,130,2,52,44,122,87,50,47" hai2="61,101,88,32,86,131,41,69,118,109,53,108,128" hai3=""/><T117/><D117/><U62/><N who="1" m="31264" /><U78/><E2/><V42/><F32/><T74/><D33/><U95/><E116/><V102/><F118/><T107/><D126/><U123/><N who="1" m="31520" /><U133/><E133/><V55/><F69/><T45/><D37/><U79/><E130/><V92/><F61/><T85/><D74/><U113/><E62/><V114/><F114/><T82/><D82/><U134/><E134/><V112/><F112/><T38/><D38/><U77/><E95/><V96/><F53/><T124/><D124/><U89/><E113/><V1/><F55/><T93/><D93/><U58/><REACH who="1" step="1"/><E50/><REACH who="1" ten="484,273,283,0" step="2"/><V106/><F1/><T57/><REACH who="0" step="1"/><D64/><REACH who="0" ten="474,273,283,0" step="2"/><U99/><E99/><V72/><F131/><T119/><D119/><U129/><E129/><V36/><F128/><T110/><D110/><U59/><E59/><V120/><F109/><T49/><D49/><U67/><E67/><V125/><F108/><T68/><D68/><U40/><E40/><V46/><F42/><T127/><D127/><U90/><E90/><AGARI ba="2,2" hai="39,43,45,57,60,65,83,85,90,91,94,98,104,107" machi="90" ten="30,12000,1" yaku="1,1,7,1,52,2,53,1" doraHai="103" doraHaiUra="71" who="0" fromWho="1" sc="474,144,273,-124,283,0,0,0" /><INIT seed="0,3,0,5,1,128" ten="618,149,283,0" oya="0" hai0="120,68,52,33,103,69,0,61,94,71,121,132,80" hai1="126,32,90,43,107,76,113,125,123,67,118,111,122" hai2="65,86,105,112,102,44,3,115,37,104,88,135,53" hai3=""/><T134/><N who="0" m="30752" /><T35/><N who="0" m="31008" /><T34/><D0/><U106/><N who="1" m="31264" /><U55/><N who="1" m="31520" /><U66/><E32/><V36/><F3/><T79/><D103/><U92/><E43/><V63/><F135/><N who="0" m="51754" /><D94/><U91/><E55/><V93/><F112/><T2/><D2/><U74/><E118/><V83/><F115/><T101/><D101/><U62/><E113/><V1/><F1/><T110/><D110/><U70/><E111/><V87/><F102/><T95/><D95/><U38/><E67/><V99/><F105/><T116/><D116/><U59/><E92/><V127/><F104/><T131/><D131/><U45/><E106/><V64/><F93/><T117/><D117/><U56/><E107/><V41/><F83/><T72/><D52/><U57/><E126/><V81/><F127/><T75/><D72/><U124/><E124/><V46/><F53/><T98/><D98/><U49/><E125/><V114/><F99/><T109/><D109/><U48/><E74/><V82/><F114/><T78/><D78/><U129/><E129/><V47/><F86/><T77/><D77/><U42/><E76/><V133/><F87/><T89/><D89/><U40/><E91/><V54/><F133/><T39/><D61/><RYUUKYOKU ba="3,0" sc="618,20,149,-10,283,-10,0,0" hai0="33,34,35,39,68,69,71,75,79,80" /><INIT seed="0,4,0,1,0,134" ten="638,139,273,0" oya="0" hai0="122,54,97,63,33,107,67,104,119,90,98,2,47" hai1="88,72,37,58,32,129,70,1,125,108,35,57,36" hai2="115,114,102,89,69,121,100,68,120,0,39,75,64" hai3=""/><T113/><N who="0" m="31264" /><T130/><D113/><U50/><E1/><V109/><N who="2" m="30752" /><V93/><N who="2" m="31008" /><V83/><F0/><T43/><D2/><U131/><E72/><V80/><F39/><T85/><D119/><U118/><E50/><V116/><F116/><T74/><D74/><U56/><E118/><V62/><F69/><T112/><D33/><N who="1" m="12875" /><E70/><V42/><F42/><T51/><D112/><U128/><E108/><V66/><F109/><T59/><D130/><U3/><E3/><V41/><F41/><T126/><D126/><U86/><E125/><V55/><F114/><T111/><D111/><U94/><AGARI ba="4,0" hai="36,37,56,57,58,86,88,94,128,129,131" m="12875" machi="94" ten="40,2000,0" yaku="19,1,54,1" doraHai="134" who="1" fromWho="1" sc="638,-17,139,28,273,-11,0,0" /><INIT seed="1,0,0,0,0,46" ten="621,167,262,0" oya="1" hai0="42,125,84,110,64,65,120,60,50,112,47,94,70" hai1="61,62,130,79,101,43,124,104,56,105,2,57,45" hai2="106,131,40,83,100,126,59,63,73,80,37,123,78" hai3=""/><U39/><E2/><V116/><N who="2" m="31520" /><V103/><F116/><T85/><N who="0" m="30752" /><T114/><D110/><U3/><E3/><V122/><N who="2" m="31264" /><V99/><F131/><T55/><D125/><U95/><E130/><V98/><F126/><T93/><D64/><U44/><E124/><V38/><F80/><T51/><D93/><U91/><E79/><V75/><F40/><T92/><D94/><U89/><E101/><V48/><F48/><T54/><D42/><U77/><E77/><V117/><F75/><T52/><D54/><U119/><E119/><V115/><F115/><T118/><D118/><U133/><E133/><V36/><F117/><T81/><D92/><U67/><E45/><V107/><F36/><T1/><D1/><U128/><E128/><V86/><F73/><T33/><D33/><U134/><E134/><V69/><F69/><T88/><D85/><U49/><E39/><V111/><F111/><T96/><D96/><U129/><E129/><V108/><F108/><T102/><D102/><U76/><E76/><V127/><F127/><T53/><D53/><AGARI ba="0,0" hai="37,38,53,59,63,78,83,86,98,99,100,103,106,107" m="31264,31520" machi="53" ten="30,7700,0" yaku="7,1,9,1,52,2" doraHai="46" who="2" fromWho="0" sc="621,-77,167,0,262,77,0,0" /><INIT seed="2,0,0,5,0,73" ten="544,167,339,0" oya="2" hai0="60,71,50,2,84,122,86,129,77,107,101,96,75" hai1="125,70,118,76,39,65,68,97,61,85,90,116,78" hai2="132,128,88,35,46,49,104,42,67,91,44,64,102" hai3=""/><V3/><F35/><T126/><N who="0" m="31264" /><T127/><D2/><U36/><E97/><V95/><F3/><T51/><D75/><U98/><E98/><V55/><F132/><T130/><D50/><U87/><E61/><V120/><N who="2" m="30752" /><V131/><F104/><T81/><D51/><U83/><E83/><V69/><F102/><T111/><D111/><U41/><E90/><V62/><F67/><T34/><D84/><U59/><E59/><V105/><F105/><T37/><D37/><U113/><E65/><V93/><F93/><T43/><D43/><U99/><E99/><V1/><F1/><T117/><D117/><U110/><E41/><V63/><F63/><T66/><D34/><U52/><E52/><V133/><F133/><T48/><D48/><U32/><E32/><V80/><F44/><T58/><D58/><U106/><E106/><V72/><F42/><T33/><D33/><U103/><E110/><V123/><N who="2" m="31520" /><V54/><F55/><T109/><D109/><U82/><E82/><V56/><F56/><T112/><D112/><U135/><E135/><V119/><F49/><T40/><D40/><U108/><E108/><V92/><F46/><T89/><D89/><U124/><E113/><V45/><F91/><RYUUKYOKU ba="0,0" sc="544,10,167,10,339,-20,0,0" hai0="60,66,71,77,81,86,96,101,107,126,127,129,130" hai1="36,39,68,70,76,78,85,87,103,116,118,124,125" /><INIT seed="4,1,0,1,3,84" ten="554,177,319,0" oya="0" hai0="130,38,2,91,69,40,58,46,55,75,51,60,86" hai1="37,118,113,100,80,88,96,53,131,121,36,42,133" hai2="54,90,89,82,41,116,98,111,105,73,95,47,33" hai3=""/><T124/><D2/><U119/><N who="1" m="31008" /><U109/><E109/><V78/><F111/><T128/><D75/><U0/><E0/><V67/><F33/><T61/><D124/><U3/><E3/><V57/><F67/><T64/><REACH who="0" step="1"/><D61/><REACH who="0" ten="544,177,319,0" step="2"/><U71/><E119/><V44/><F116/><T97/><D97/><U72/><E96/><V76/><F73/><T94/><AGARI ba="1,1" hai="38,40,46,51,55,58,60,64,69,86,91,94,128,130" machi="94" ten="30,12000,2" yaku="1,1,0,1,24,2,52,1,53,1" doraHai="84" doraHaiUra="39" who="0" fromWho="0" sc="544,132,177,-61,319,-61,0,0" /><INIT seed="4,2,0,3,4,82" ten="676,116,258,0" oya="0" hai0="72,79,33,80,122,65,127,117,62,76,42,84,71" hai1="135,116,64,2,134,40,90,58,88,101,0,54,87" hai2="78,68,128,55,52,132,91,118,93,92,107,59,98" hai3=""/><T49/><N who="0" m="31264" /><T36/><D117/><U125/><E116/><V44/><F118/><T1/><D1/><U35/><E35/><V85/><F107/><T111/><D33/><U109/><E109/><V113/><F68/><T120/><N who="0" m="30752" /><T61/><D127/><U105/><E125/><V131/><F113/><T97/><D111/><U104/><E64/><V103/><F132/><N who="1" m="50729" /><E40/><V53/><F78/><T51/><D62/><U119/><E119/><V124/><F124/><T56/><D79/><U110/><E110/><V73/><F73/><T47/><D97/><U46/><E46/><V115/><F115/><T37/><REACH who="0" step="1"/><D72/><REACH who="0" ten="666,116,258,0" step="2"/><U96/><E96/><V129/><F129/><T43/><D43/><U94/><E0/><V81/><F131/><T57/><D57/><U89/><E2/><V66/><F128/><T126/><D126/><U108/><E108/><V50/><F59/><T41/><D41/><U114/><E58/><V70/><F98/><T112/><D112/><U74/><E74/><V83/><F85/><T77/><D77/><U69/><E114/><V34/><F34/><T99/><D99/><U106/><E69/><V130/><F70/><T48/><D48/><U67/><E106/><V86/><F130/><T75/><D75/><RYUUKYOKU ba="2,1" sc="666,20,116,-10,258,-10,0,0" hai0="36,37,42,47,49,51,56,61,65,71,76,80,84" /><INIT seed="4,3,1,1,4,61" ten="686,106,248,0" oya="0" hai0="72,96,41,109,100,67,56,37,83,79,64,65,88" hai1="69,120,33,63,132,98,127,87,57,34,118,103,90" hai2="52,55,66,58,128,119,124,114,54,78,126,102,84" hai3=""/><T115/><D115/><U110/><N who="1" m="30752" /><U35/><E110/><V77/><F102/><T0/><D0/><U85/><E118/><V122/><N who="2" m="31264" /><V106/><F106/><T47/><D109/><U39/><E132/><V111/><F111/><T68/><D56/><U135/><E135/><V99/><F119/><T49/><D88/><U75/><E127/><V92/><F114/><T130/><D130/><U116/><E116/><V95/><F128/><T108/><D108/><U81/><E39/><V82/><F78/><T97/><D97/><U89/><E75/><V1/><F1/><T131/><D131/><U44/><E44/><V71/><F71/><T104/><REACH who="0" step="1"/><D37/><REACH who="0" ten="676,106,248,0" step="2"/><U60/><E57/><V123/><N who="2" m="31520" /><V86/><F99/><T112/><D112/><U46/><E69/><AGARI ba="3,2" hai="41,47,49,64,65,67,68,69,72,79,83,96,100,104" machi="69" ten="40,12000,1" yaku="1,1,52,3,53,0" doraHai="61" doraHaiUra="121" who="0" fromWho="1" sc="676,146,106,-126,248,0,0,0" owari="822,77.0,-20,-62.0,248,-15.0,0,0.0" /></mjloggm>