<mjloggm ver="2.3"><GO type="169" lobby="0"/><UN n0="%E3%82%AD%E3%83%8E%E3%83%83%E3%82%AF%E8%80%81%E5%B8%AB" n1="%E3%81%AF%E3%81%BF%E3%82%82%E3%82%93" n2="%E7%99%BD%E3%81%AE%E7%A9%BA" n3="%E3%81%B8%E3%82%80%E3%81%B8%E3%82%80%EF%BC%92%E5%8F%B7" dan="16,18,16,17" rate="2113.73,2223.85,2092.74,2162.34" sx="M,M,M,M"/><TAIKYOKU oya="0"/><INIT seed="0,0,0,1,5,102" ten="250,250,250,250" oya="0" hai0="31,21,117,85,96,108,13,111,97,46,45,60,32" hai1="105,80,114,7,55,56,99,79,64,131,92,103,86" hai2="101,40,18,63,58,9,43,135,24,3,71,69,91" hai3="118,70,37,72,30,54,0,95,133,74,20,126,19"/><T88/><D117/><U57/><E131/><V109/><F109/><N who="0" m="42058" /><D32/><U116/><E116/><V48/><F135/><W81/><G118/><T73/><D73/><U2/><E114/><V22/><F101/><W134/><G0/><T25/><D60/><U23/><E64/><V67/><F91/><W112/><G112/><T76/><D76/><U52/><E2/><V36/><F36/><W78/><G126/><T106/><D13/><U6/><E23/><V90/><F90/><W50/><G37/><T51/><D106/><U115/><E105/><V75/><F75/><W82/><G70/><T89/><D89/><U124/><E124/><V130/><F130/><W129/><G129/><T123/><D123/><U61/><REACH who="1" step="1"/><E115/><REACH who="1" ten="250,240,250,250" step="2"/><V8/><F3/><W35/><G133/><T5/><D21/><U120/><E120/><V128/><F128/><W59/><G20/><T44/><D31/><U10/><E10/><V84/><F8/><W65/><G30/><T113/><D113/><U87/><E87/><V66/><F9/><W34/><G74/><T39/><D85/><U93/><E93/><V28/><F84/><W49/><G72/><T16/><D97/><U62/><AGARI ba="0,1" hai="6,7,52,55,56,57,61,62,79,80,86,92,99,103" machi="62" ten="20,12000,2" yaku="1,1,0,1,7,1,9,1,8,1,54,1,53,0" doraHai="102" doraHaiUra="132" who="1" fromWho="1" sc="250,-60,240,130,250,-30,250,-30" /><INIT seed="1,0,0,4,2,131" ten="190,370,220,220" oya="1" hai0="133,41,40,71,22,105,66,83,69,94,23,49,26" hai1="19,17,37,43,84,106,1,97,53,108,122,31,124" hai2="54,70,62,24,27,102,111,100,47,82,61,81,30" hai3="110,9,20,87,126,29,134,90,132,127,38,45,52"/><U123/><E1/><V5/><F5/><W76/><G76/><T32/><D105/><U13/><E31/><V88/><F111/><W36/><G110/><T79/><D32/><U104/><E108/><V44/><F70/><W99/><G99/><T64/><D94/><U14/><E43/><V68/><F68/><W56/><G9/><T116/><D49/><U129/><E37/><N who="3" m="14442" /><G45/><T121/><D79/><U15/><E129/><V78/><F78/><W8/><G8/><T7/><D7/><U114/><E114/><V92/><F92/><N who="3" m="54367" /><G20/><T21/><D83/><U63/><E84/><V34/><F34/><W25/><G25/><T73/><D73/><U91/><E97/><V80/><F88/><W113/><G29/><T65/><D121/><U93/><E91/><V101/><F30/><W128/><G128/><T130/><D130/><U10/><E93/><V48/><F47/><W98/><G98/><T2/><D2/><U118/><E10/><V115/><F115/><W103/><G103/><T0/><D0/><U75/><E75/><V72/><F72/><W77/><G77/><T16/><D16/><U60/><E15/><V96/><F96/><W6/><G6/><T119/><D26/><AGARI ba="0,0" hai="24,26,27,44,48,54,61,62,80,81,82,100,101,102" machi="26" ten="40,1300,0" yaku="8,1" doraHai="131" who="2" fromWho="0" sc="190,-13,370,0,220,13,220,0" /><INIT seed="2,0,0,5,4,63" ten="177,370,233,220" oya="2" hai0="96,109,81,55,120,132,113,117,19,134,49,6,43" hai1="38,116,121,57,104,88,65,16,47,114,18,124,106" hai2="129,86,7,22,125,91,14,135,101,98,128,75,32" hai3="26,93,37,61,50,102,34,35,20,97,70,122,62"/><V66/><F32/><W100/><G122/><T95/><D120/><U59/><E116/><V42/><F125/><W60/><G70/><T89/><D113/><U90/><E114/><V0/><F75/><W112/><G112/><T68/><D6/><U29/><E121/><V28/><F135/><W103/><G37/><T130/><D109/><U94/><E29/><V21/><F42/><W4/><G4/><T3/><D3/><U5/><E5/><V118/><F118/><W25/><G50/><T64/><D19/><U71/><E71/><V107/><F0/><W52/><G52/><T24/><D24/><U15/><E38/><V77/><F77/><W56/><G56/><T9/><D9/><U33/><E47/><V74/><F74/><W46/><G46/><T31/><D31/><U73/><E73/><V82/><F66/><W72/><G72/><T41/><D81/><U10/><E65/><V2/><F2/><W84/><G84/><T131/><D117/><U54/><E54/><V99/><F99/><W40/><G40/><N who="0" m="15435" /><D55/><U8/><E33/><V23/><REACH who="2" step="1"/><F28/><REACH who="2" ten="177,370,223,220" step="2"/><W92/><G97/><T36/><D36/><U108/><E124/><V39/><F39/><W79/><G34/><T58/><D58/><U126/><E126/><V1/><F1/><W119/><G35/><T80/><D132/><U13/><E59/><V17/><F17/><N who="3" m="12431" /><G119/><T30/><D134/><U51/><E57/><V78/><F78/><W87/><G79/><T127/><D127/><U48/><E18/><V133/><F133/><W83/><G87/><T67/><D30/><U27/><E16/><RYUUKYOKU ba="0,1" sc="177,-10,370,-10,223,30,220,-10" hai2="7,14,21,22,23,82,86,91,98,101,107,128,129" /><INIT seed="2,1,1,2,0,89" ten="167,360,253,210" oya="2" hai0="42,91,9,25,21,57,106,48,94,19,84,107,122" hai1="108,2,32,101,46,131,80,121,39,59,12,112,111" hai2="63,3,105,29,78,41,6,135,54,28,100,86,118" hai3="55,17,130,34,22,98,15,74,126,26,110,10,85"/><V0/><F118/><W82/><G110/><N who="1" m="42026" /><E2/><V83/><F135/><W31/><G126/><T93/><D122/><U125/><E32/><V70/><F41/><W11/><G130/><T16/><D107/><U73/><E112/><V115/><F115/><W102/><G74/><T95/><D106/><U44/><E39/><V7/><F3/><W77/><REACH who="3" step="1"/><G55/><REACH who="3" ten="167,360,253,200" step="2"/><N who="0" m="31975" /><D42/><U71/><E73/><V123/><F54/><W52/><G52/><T50/><D50/><U88/><E131/><V51/><F51/><W90/><G90/><T61/><D61/><U97/><E88/><V37/><F63/><W38/><G38/><T33/><D33/><U109/><E125/><V20/><F37/><W72/><G72/><T99/><D99/><U117/><E97/><V30/><F123/><W27/><G27/><T36/><D36/><U76/><E121/><V53/><F53/><W120/><G120/><T96/><D96/><U69/><E109/><V103/><F103/><W127/><G127/><T24/><D24/><U124/><E101/><V23/><F100/><W129/><G129/><T60/><D60/><U87/><E124/><V67/><F78/><W75/><G75/><T114/><D114/><U14/><E46/><V4/><F0/><W45/><G45/><T62/><D62/><U8/><E44/><V58/><F67/><W35/><G35/><T47/><D47/><U5/><E76/><V119/><F70/><W13/><G13/><AGARI ba="1,2" hai="9,13,16,19,21,25,84,91,93,94,95" m="31975" machi="13" ten="30,8000,1" yaku="8,1,52,3,54,1" doraHai="89" who="0" fromWho="3" sc="167,103,360,0,253,0,200,-83" /><INIT seed="3,0,0,2,0,64" ten="270,360,253,117" oya="3" hai0="0,50,46,84,75,19,10,70,58,22,56,52,33" hai1="100,2,78,129,82,41,115,11,26,127,124,14,134" hai2="117,35,23,89,30,42,68,40,83,94,7,24,81" hai3="133,54,118,59,32,80,69,51,135,113,76,114,29"/><W43/><G118/><T67/><D75/><U95/><E129/><V57/><F117/><W15/><G43/><T101/><D33/><U96/><E134/><N who="3" m="51210" /><G15/><T126/><D126/><N who="1" m="48171" /><E26/><V108/><F108/><W13/><G13/><T16/><D70/><U88/><E2/><V12/><F68/><W62/><G29/><T28/><D0/><U125/><E41/><V65/><F65/><N who="3" m="41143" /><G32/><T107/><D28/><U90/><E115/><N who="3" m="44042" /><G80/><T4/><D4/><N who="1" m="3431" /><E125/><V1/><F1/><W130/><G76/><T102/><D10/><U93/><E93/><V44/><F42/><W106/><G106/><T39/><D39/><U37/><E37/><V36/><F83/><W86/><G86/><AGARI ba="0,0" hai="78,82,86,88,90,95,96,100" m="3431,48171" machi="86" ten="30,2000,0" yaku="18,1,54,1" doraHai="64" who="1" fromWho="3" sc="270,0,360,20,253,0,117,-20" /><INIT seed="4,0,0,3,2,20" ten="270,380,253,97" oya="0" hai0="16,9,24,100,66,65,114,90,56,109,122,73,84" hai1="28,110,43,62,120,78,57,106,72,115,19,83,69" hai2="119,112,1,25,48,3,102,37,92,76,10,47,61" hai3="18,50,34,55,39,67,12,6,38,2,29,87,64"/><T108/><D122/><U128/><E110/><N who="0" m="42601" /><D73/><U36/><E128/><V126/><F126/><W127/><G127/><T51/><D114/><U15/><E106/><V63/><F112/><W40/><G40/><T80/><D100/><U42/><E69/><V26/><F37/><W33/><G2/><T125/><D125/><U123/><E115/><V41/><F119/><W32/><G29/><T30/><D51/><U31/><E36/><V8/><F76/><W103/><G6/><T93/><D93/><U132/><E132/><V91/><F102/><W77/><G103/><T17/><D56/><U0/><E0/><V75/><F75/><W98/><G98/><T27/><D9/><N who="2" m="3690" /><F1/><W111/><G111/><T60/><D66/><U74/><E74/><V35/><F35/><W135/><G135/><T21/><D27/><N who="2" m="10250" /><F3/><W130/><G130/><T97/><D30/><U46/><E31/><V124/><F124/><W94/><G39/><T117/><D117/><U89/><E28/><V99/><AGARI ba="0,0" hai="41,47,48,61,63,91,92,99" m="10250,3690" machi="99" ten="30,7900,0" yaku="8,1,52,3" doraHai="20" who="2" fromWho="2" sc="270,-39,380,-20,253,79,97,-20" /><INIT seed="5,0,0,4,0,38" ten="231,360,332,77" oya="1" hai0="110,82,77,23,65,8,126,20,50,10,57,37,60" hai1="25,134,63,3,45,123,53,30,58,105,122,130,59" hai2="109,85,135,94,16,33,54,107,15,24,27,104,18" hai3="133,62,52,40,44,0,117,19,116,102,93,67,114"/><U39/><E105/><V97/><F109/><W43/><G0/><T9/><D110/><U103/><E3/><V124/><F124/><W127/><G114/><T118/><D37/><U100/><E100/><V128/><F128/><W35/><G35/><T115/><D115/><U88/><E103/><V17/><F135/><W120/><G120/><T86/><D118/><N who="3" m="45673" /><G127/><T89/><D126/><U71/><E71/><V129/><F129/><W34/><G34/><T51/><D89/><U48/><E130/><V22/><F104/><W13/><G133/><T132/><D132/><U96/><E39/><V5/><F107/><W31/><G31/><T26/><REACH who="0" step="1"/><D20/><REACH who="0" ten="221,360,332,77" step="2"/><U131/><E131/><V83/><F22/><N who="3" m="11631" /><G102/><T28/><AGARI ba="0,1" hai="8,9,10,23,26,28,50,51,57,60,65,77,82,86" machi="28" ten="30,4000,0" yaku="1,1,0,1,8,1,53,0" doraHai="38" doraHaiUra="84" who="0" fromWho="0" sc="221,50,360,-20,332,-10,77,-10" /><INIT seed="6,0,0,2,0,39" ten="271,340,322,67" oya="2" hai0="45,98,83,90,92,67,42,129,112,24,73,38,120" hai1="63,134,7,3,2,48,131,19,97,22,47,91,36" hai2="32,57,135,31,94,50,23,56,12,133,132,4,76" hai3="35,99,21,82,111,14,77,87,79,96,80,86,16"/><V26/><F76/><W118/><G111/><T8/><D120/><U30/><E36/><V117/><F117/><W43/><G118/><T75/><D112/><U119/><E30/><V20/><F94/><W64/><G35/><T59/><D129/><U9/><E134/><V103/><F103/><W55/><G64/><T85/><D24/><U15/><E131/><V114/><F114/><W46/><REACH who="3" step="1"/><G55/><REACH who="3" ten="271,340,322,57" step="2"/><T44/><D67/><U5/><E119/><V68/><F68/><W116/><G116/><T107/><D73/><U102/><E3/><V122/><F122/><W121/><G121/><T70/><D75/><U41/><E2/><V52/><REACH who="2" step="1"/><F57/><REACH who="2" ten="271,340,312,57" step="2"/><W84/><G84/><T128/><D59/><U65/><E97/><V106/><F106/><W27/><G27/><T13/><D70/><U89/><E102/><V95/><F95/><W113/><G113/><T40/><D107/><U115/><E115/><V105/><F105/><W126/><G126/><T69/><D69/><U37/><E91/><V54/><F54/><W74/><G74/><T61/><D98/><U81/><E89/><V28/><F28/><W11/><G11/><AGARI ba="0,2" hai="4,11,12,20,23,26,31,32,50,52,56,132,133,135" machi="11" ten="40,12000,1" yaku="1,1,20,1,54,1,53,1" doraHai="39" doraHaiUra="25" who="2" fromWho="3" sc="271,0,340,0,312,140,57,-120" owari="271,-13.0,340,14.0,452,55.0,-63,-56.0" /></mjloggm>