<mjloggm ver="2.3"><GO type="169" lobby="0"/><UN n0="%E7%BE%A4%E9%9D%92%E6%97%A5%E5%92%8C%EF%BC%A0" n1="%E3%82%82%E3%81%BF%E3%81%95%E3%81%92" n2="%4B%2E%47%2E%4C" n3="%E7%B7%91%E3%81%AE%E3%83%A9%E3%83%B3%E3%83%97" dan="17,16,18,16" rate="2150.88,2056.61,2221.38,2155.08" sx="F,M,M,M"/><TAIKYOKU oya="0"/><INIT seed="0,0,0,0,2,78" ten="250,250,250,250" oya="0" hai0="133,87,80,125,41,120,14,51,34,2,89,16,114" hai1="69,64,45,103,104,62,65,44,20,94,42,107,26" hai2="10,86,98,57,22,135,99,129,59,101,84,15,47" hai3="124,49,32,88,18,4,35,91,31,68,82,33,12"/><T48/><D114/><U126/><E126/><V127/><F127/><W132/><G124/><T71/><D125/><U60/><E94/><V106/><F135/><W121/><G132/><T23/><D120/><U46/><E42/><V123/><F129/><W81/><G68/><T53/><D71/><U79/><E79/><V0/><F123/><W108/><G4/><T92/><D34/><U83/><E103/><V95/><F22/><W96/><G31/><T97/><D2/><U5/><E5/><V36/><F47/><W52/><G121/><T111/><D111/><U105/><E83/><V50/><F50/><W110/><G12/><T21/><D133/><U70/><REACH who="1" step="1"/><E107/><REACH who="1" ten="250,240,250,250" step="2"/><V130/><F95/><N who="3" m="56423" /><G91/><T73/><D73/><U54/><E54/><V24/><F101/><W75/><G75/><T29/><D41/><U37/><E37/><V1/><F36/><W11/><G11/><T116/><D116/><U118/><E118/><V3/><F10/><W113/><G113/><T56/><D51/><U115/><E115/><V39/><F106/><W25/><G52/><T85/><D80/><U93/><E93/><V128/><F39/><W13/><G49/><T117/><D117/><U55/><E55/><V134/><F134/><W38/><G38/><T17/><D29/><AGARI ba="0,1" hai="20,26,29,44,45,46,60,62,64,65,69,70,104,105" machi="29" ten="40,2600,0" yaku="1,1,9,1,53,0" doraHai="78" doraHaiUra="28" who="1" fromWho="0" sc="250,-26,240,36,250,0,250,0" /><INIT seed="1,0,0,3,4,26" ten="224,276,250,250" oya="1" hai0="54,120,9,128,48,131,99,102,110,19,37,69,35" hai1="30,75,78,65,135,90,2,32,0,133,12,24,68" hai2="98,122,20,101,108,59,113,50,23,38,96,105,84" hai3="5,82,4,6,129,60,11,100,106,92,15,103,28"/><U33/><E12/><V83/><F108/><W41/><G106/><T17/><D110/><U62/><E90/><V81/><F38/><W51/><G129/><N who="0" m="49739" /><D37/><U1/><REACH who="1" step="1"/><E33/><REACH who="1" ten="224,266,250,250" step="2"/><V116/><F101/><W85/><G103/><T118/><D35/><U112/><E112/><V52/><F113/><W95/><G100/><T56/><D118/><U130/><E130/><V89/><F116/><W63/><G15/><T25/><D120/><U29/><E29/><V36/><F122/><W79/><G28/><T74/><D74/><U31/><E31/><V64/><F89/><W94/><G11/><T91/><D9/><U126/><E126/><V119/><F119/><W16/><G63/><T70/><D91/><U46/><E46/><V134/><F20/><W55/><G60/><T53/><D19/><U10/><E10/><V124/><F23/><W49/><G49/><N who="0" m="30767" /><D17/><U66/><E66/><V88/><F64/><W117/><G16/><T18/><D18/><U104/><E104/><V87/><F124/><W27/><G117/><T45/><D25/><U86/><E86/><V127/><F127/><W44/><REACH who="3" step="1"/><G27/><REACH who="3" ten="224,266,250,240" step="2"/><T109/><D109/><U40/><E40/><AGARI ba="0,2" hai="4,5,6,40,41,44,51,55,79,82,85,92,94,95" machi="40" ten="40,12000,2" yaku="1,1,2,1,8,1,53,3" doraHai="26" doraHaiUra="3" who="3" fromWho="1" sc="224,0,266,-120,250,0,240,140" /><INIT seed="2,0,0,3,4,130" ten="224,146,250,380" oya="2" hai0="104,2,102,22,21,53,43,50,123,125,127,52,49" hai1="77,112,29,24,45,8,38,75,133,37,58,48,16" hai2="84,109,60,31,71,42,41,69,96,56,3,99,80" hai3="110,68,97,86,0,61,126,118,74,55,114,44,93"/><V105/><F3/><W23/><G74/><T92/><D123/><U94/><E112/><V66/><F105/><W6/><G86/><T135/><D104/><U107/><E107/><V33/><F109/><W26/><G118/><T47/><D2/><U19/><E94/><V121/><F121/><W65/><G126/><N who="0" m="48139" /><D135/><U18/><E8/><V32/><F71/><W120/><G110/><T131/><D131/><U7/><E7/><V15/><F69/><W46/><G114/><T129/><D129/><U17/><N who="1" m="4096" /><DORA hai="116" /><U79/><E133/><V11/><F31/><W91/><G120/><T54/><D50/><U124/><E58/><V67/><F67/><W78/><G0/><T134/><D134/><U5/><E5/><N who="2" m="3567" /><F32/><W25/><G6/><T111/><D111/><U115/><E115/><V88/><F33/><W73/><G23/><T85/><D102/><U82/><E79/><V64/><F64/><W12/><G12/><T108/><D108/><U35/><REACH who="1" step="1"/><E124/><REACH who="1" ten="224,136,250,380" step="2"/><V103/><F103/><W119/><G119/><T70/><D70/><U20/><E20/><V117/><F117/><W128/><G128/><T36/><D22/><U57/><E57/><V87/><F99/><W113/><G113/><T100/><D21/><U81/><E81/><N who="2" m="49167" /><F96/><W122/><G122/><T28/><D100/><U39/><E39/><V101/><F101/><W40/><G68/><T13/><D36/><U27/><E27/><V34/><F34/><W4/><G25/><T63/><D28/><U89/><E89/><AGARI ba="0,1" hai="41,42,56,60,66,80,87,89" m="49167,3567" machi="89" ten="30,2900,0" yaku="8,1,54,1" doraHai="130,116" who="2" fromWho="1" sc="224,0,136,-29,250,39,380,0" /><INIT seed="2,1,0,4,2,101" ten="224,107,289,380" oya="2" hai0="133,25,98,87,115,109,117,32,65,80,102,18,62" hai1="66,51,123,58,59,42,112,43,73,124,24,118,75" hai2="79,130,46,44,33,40,116,129,39,86,68,0,20" hai3="35,55,7,76,37,132,134,91,107,108,31,110,34"/><V74/><F33/><N who="3" m="12299" /><G37/><T69/><D115/><U26/><E112/><V50/><F116/><W56/><G76/><T14/><D109/><N who="3" m="42089" /><G31/><T41/><D133/><N who="3" m="51305" /><G7/><T13/><D41/><U85/><E118/><V22/><F79/><W21/><G91/><T38/><D38/><U122/><E124/><V9/><F74/><W105/><G21/><T48/><D117/><U29/><E85/><V114/><F20/><W95/><G95/><T93/><D48/><AGARI ba="1,0" hai="48,55,56,105,107" m="51305,42089,12299" machi="48" ten="40,8000,1" yaku="14,1,20,1,52,2" doraHai="101" who="3" fromWho="0" sc="224,-83,107,0,289,0,380,83" /><INIT seed="3,0,0,1,0,62" ten="141,107,289,463" oya="3" hai0="54,17,30,105,119,85,108,74,92,27,114,99,35" hai1="100,124,12,3,79,133,101,89,1,26,15,43,51" hai2="57,70,84,96,126,38,34,102,21,31,33,78,95" hai3="65,55,49,5,81,75,130,28,106,6,16,46,60"/><W117/><G106/><T115/><D119/><U104/><E124/><V64/><F70/><W67/><G117/><T128/><D128/><U56/><E133/><V52/><F38/><W111/><G28/><T123/><D123/><U113/><E113/><N who="0" m="43017" /><D74/><U29/><E79/><V120/><F126/><W10/><G130/><T77/><D108/><U122/><E122/><V20/><F34/><W112/><G111/><T69/><D69/><U109/><E109/><V61/><F120/><W37/><G37/><T88/><D17/><U47/><E89/><V107/><F33/><W25/><G75/><T73/><D73/><U2/><E56/><N who="2" m="36903" /><F107/><W11/><G81/><N who="0" m="47279" /><D54/><U8/><E104/><AGARI ba="0,0" hai="27,30,35,88,92,99,104,105" m="47279,43017" machi="104" ten="30,2000,0" yaku="11,1,54,1" doraHai="62" who="0" fromWho="1" sc="141,20,107,-20,289,0,463,0" /><INIT seed="4,0,0,1,5,108" ten="161,87,289,463" oya="0" hai0="103,25,33,121,118,38,76,128,68,75,92,11,3" hai1="125,29,105,65,60,122,19,34,57,116,49,74,69" hai2="94,39,50,67,115,133,47,43,48,51,71,10,6" hai3="78,86,7,93,1,72,64,20,22,90,73,2,77"/><T9/><D118/><U82/><E116/><V106/><F106/><W16/><G64/><T24/><D121/><U129/><E122/><V27/><F133/><W131/><G131/><T89/><D128/><U113/><E105/><V23/><F115/><W17/><G7/><T32/><D103/><U84/><E125/><V98/><F67/><W36/><G36/><T100/><D100/><U81/><E129/><V53/><F71/><W30/><G30/><T101/><D101/><U87/><E74/><V66/><F66/><W56/><G56/><T41/><D68/><U54/><E19/><V40/><F40/><W111/><G111/><T5/><D25/><U42/><E42/><V52/><F94/><W83/><G77/><T110/><D24/><U59/><E69/><V62/><F98/><W12/><G73/><T4/><D110/><U35/><E29/><V127/><F62/><W70/><G70/><T61/><D61/><U123/><E123/><V99/><F99/><W58/><G58/><T0/><D89/><U132/><E132/><V37/><F37/><W91/><G90/><T102/><D102/><U119/><E119/><V107/><F127/><W28/><G28/><T45/><D92/><U95/><E95/><V96/><F96/><W112/><G112/><T135/><D135/><U46/><E59/><V126/><F126/><W120/><G120/><T130/><D130/><U15/><E113/><V97/><F97/><W31/><G31/><T80/><AGARI ba="0,0" hai="0,3,4,5,9,11,32,33,38,41,45,75,76,80" machi="80" ten="30,18000,2" yaku="0,1,9,1,25,2,33,3" doraHai="108" who="0" fromWho="0" sc="161,180,87,-60,289,-60,463,-60" /><INIT seed="4,1,0,3,0,2" ten="341,27,229,403" oya="0" hai0="17,74,31,48,92,66,16,97,94,53,51,126,121" hai1="130,47,20,104,59,30,89,72,43,63,134,106,62" hai2="49,73,10,88,102,44,50,98,8,25,54,7,24" hai3="125,6,11,75,96,69,27,120,23,123,81,38,99"/><T22/><D126/><U124/><E124/><V42/><F73/><W1/><G125/><T119/><D119/><U90/><E72/><V101/><F10/><W58/><G69/><T114/><D114/><U37/><E130/><V36/><F36/><W60/><G38/><T68/><D121/><N who="3" m="46665" /><G81/><T111/><D74/><U13/><E134/><V46/><F102/><W100/><G100/><T29/><D111/><U0/><E0/><V39/><F39/><W93/><G93/><T132/><D132/><U79/><E79/><V55/><F42/><W12/><G12/><T65/><D94/><U86/><E63/><V71/><F88/><W82/><G82/><T32/><D32/><U56/><E56/><V109/><F71/><W87/><G87/><T95/><D68/><U117/><E117/><V113/><F109/><W5/><G5/><T57/><D51/><U122/><E122/><V128/><F128/><W78/><G78/><T35/><D35/><U115/><E115/><V67/><F67/><N who="0" m="25610" /><D95/><U127/><E127/><V103/><F103/><W80/><G80/><T61/><D48/><U9/><E104/><V26/><F113/><W129/><G129/><T85/><D85/><U105/><E86/><V45/><F45/><W34/><G34/><T91/><D17/><N who="1" m="8367" /><E106/><V14/><REACH who="2" step="1"/><F101/><REACH who="2" ten="341,27,219,403" step="2"/><W112/><G112/><T18/><D18/><U33/><E105/><V21/><F21/><W3/><G75/><T70/><D70/><U131/><E131/><V19/><F19/><N who="3" m="12799" /><G1/><T84/><D84/><U107/><E107/><V15/><F15/><AGARI ba="1,1" hai="15,16,22,29,31,53,57,61,91,92,97" m="25610" machi="15" ten="30,2900,0" yaku="8,1,54,1" doraHai="2" who="0" fromWho="2" sc="341,42,27,0,219,-32,403,0" /><INIT seed="4,2,0,4,4,114" ten="383,27,187,403" oya="0" hai0="35,92,122,107,40,76,119,106,115,65,46,14,95" hai1="79,48,124,39,44,7,75,89,103,111,17,19,64" hai2="50,100,62,45,109,12,47,88,72,110,118,125,102" hai3="30,25,83,56,9,69,15,33,99,91,130,81,78"/><T58/><D122/><U84/><E111/><N who="2" m="42507" /><F72/><W28/><G130/><T128/><D119/><U68/><E124/><V29/><F125/><W60/><G69/><T98/><D115/><U36/><E7/><V85/><F29/><W63/><G30/><T94/><D128/><U3/><E3/><V126/><F45/><W134/><G134/><T5/><D76/><U16/><E103/><V96/><F62/><W2/><G2/><T27/><D35/><U49/><E79/><V54/><F96/><W18/><G63/><N who="0" m="38135" /><D27/><U90/><E75/><V20/><F20/><W97/><G91/><T123/><D107/><U42/><E39/><V38/><F38/><W117/><G83/><T11/><D106/><U23/><E23/><V77/><F77/><W24/><G117/><T80/><D123/><U32/><E32/><V70/><F70/><W127/><G127/><T105/><D105/><U59/><E68/><V55/><F118/><W61/><G61/><T74/><D74/><U41/><E41/><V4/><F55/><W13/><G25/><T51/><D80/><U104/><E104/><V57/><F126/><W120/><G81/><T6/><D6/><U53/><E64/><V82/><F12/><W135/><G78/><T73/><D73/><U87/><REACH who="1" step="1"/><E36/><REACH who="1" ten="383,17,187,403" step="2"/><V93/><F4/><N who="3" m="3239" /><G120/><T26/><D26/><U67/><E67/><V66/><F66/><N who="3" m="39175" /><G135/><T31/><D31/><U1/><E1/><V86/><F102/><AGARI ba="2,1" hai="5,11,14,40,46,51,92,94,95,98,102" m="38135" machi="102" ten="30,1500,0" yaku="8,1" doraHai="114" who="0" fromWho="2" sc="383,31,17,0,187,-21,403,0" /><INIT seed="4,3,0,1,5,118" ten="414,17,166,403" oya="0" hai0="94,95,6,103,46,43,74,91,85,98,50,114,116" hai1="49,111,20,117,88,67,27,120,79,18,82,17,52" hai2="9,23,53,35,71,121,7,70,22,45,134,24,54" hai3="83,105,86,51,130,62,59,108,93,92,80,107,29"/><T39/><D114/><U3/><E111/><V21/><F121/><W30/><G108/><T125/><D125/><U60/><E117/><V126/><F126/><W12/><G130/><T127/><D127/><U47/><E3/><V133/><F35/><W110/><G110/><T81/><D116/><U113/><E113/><V40/><F24/><W104/><G51/><T2/><D74/><U13/><E120/><V75/><F75/><W34/><G12/><T56/><D2/><U31/><E13/><N who="2" m="5311" /><F53/><W115/><G115/><T11/><D11/><U78/><E78/><V90/><F90/><W10/><G10/><T68/><D6/><U112/><E112/><V66/><F54/><W44/><G44/><T33/><D33/><U124/><E124/><V8/><F66/><W4/><G4/><T37/><D68/><U96/><E79/><V89/><F89/><W97/><G34/><T5/><D5/><U102/><E82/><V69/><F8/><W73/><G73/><T0/><D0/><U84/><E84/><V1/><F1/><W28/><G86/><T101/><D56/><N who="1" m="37255" /><E102/><V41/><F45/><W131/><G131/><T16/><D16/><U100/><E100/><V76/><F76/><W58/><G97/><AGARI ba="3,0" hai="37,39,43,46,50,81,85,91,94,95,97,98,101,103" machi="97" ten="40,2000,0" yaku="9,1" doraHai="118" who="0" fromWho="3" sc="414,29,17,0,166,0,403,-29" /><INIT seed="4,4,0,2,0,79" ten="443,17,166,374" oya="0" hai0="24,85,122,123,115,134,3,16,127,125,52,84,13" hai1="28,94,81,2,96,62,71,67,7,107,135,116,101" hai2="34,10,83,36,74,68,76,97,120,114,129,109,87" hai3="64,26,17,49,126,30,108,32,41,35,46,89,40"/><T61/><D3/><U11/><E116/><V0/><RYUUKYOKU type="yao9" ba="4,0" sc="443,0,17,0,166,0,374,0" hai2="0,10,34,36,68,74,76,83,87,97,109,114,120,129" /><INIT seed="4,5,0,2,5,44" ten="443,17,166,374" oya="0" hai0="58,59,21,102,39,26,68,80,106,72,67,93,5" hai1="114,36,23,118,121,97,46,31,2,87,127,56,30" hai2="104,89,45,64,69,126,78,42,16,14,120,122,88" hai3="112,60,51,92,76,124,131,103,90,132,113,10,52"/><T134/><D134/><U53/><E121/><V123/><F104/><W49/><G132/><T95/><D39/><U86/><E118/><V17/><F126/><W108/><G108/><T66/><D5/><U105/><E2/><V43/><F78/><W109/><G109/><T6/><D6/><U18/><E127/><V82/><F42/><W129/><G103/><T29/><D106/><U50/><E114/><N who="3" m="44138" /><G10/><T128/><D128/><N who="3" m="49225" /><G76/><T94/><D102/><U65/><E105/><V48/><F17/><W81/><G81/><T57/><D68/><U8/><E97/><V74/><F69/><W130/><G130/><T37/><D37/><U20/><E36/><V111/><F111/><W79/><G79/><T63/><D63/><N who="1" m="38119" /><E8/><V35/><F82/><W22/><G22/><N who="1" m="8234" /><E18/><V34/><F74/><W54/><G124/><T40/><D72/><U135/><E135/><V91/><F34/><W98/><G60/><T71/><D71/><U28/><AGARI ba="5,0" hai="28,30,31,46,50,53,86,87" m="8234,38119" machi="28" ten="30,2000,0" yaku="8,1,52,1" doraHai="44" who="1" fromWho="1" sc="443,-15,17,35,166,-10,374,-10" /><INIT seed="5,0,0,1,2,130" ten="428,52,156,364" oya="1" hai0="8,115,42,111,2,74,35,41,29,114,54,49,110" hai1="97,82,68,102,52,47,39,81,129,17,48,64,5" hai2="0,1,131,135,22,12,61,45,16,63,94,128,87" hai3="27,83,70,119,50,53,84,46,69,121,19,79,123"/><U108/><E129/><N who="2" m="49739" /><F135/><W24/><G119/><T103/><D74/><U109/><E5/><V73/><F73/><W104/><G104/><T118/><D118/><U28/><E28/><V117/><F117/><W98/><G70/><T20/><D35/><U62/><E17/><V120/><F120/><W93/><G69/><T92/><D8/><U86/><E39/><V58/><F45/><W106/><G106/><T71/><D71/><U55/><E55/><N who="2" m="34015" /><F63/><W4/><G4/><T99/><D2/><N who="2" m="1130" /><F87/><W14/><G123/><T23/><D41/><U88/><REACH who="1" step="1"/><E82/><REACH who="1" ten="428,42,156,364" step="2"/><V60/><F60/><W26/><G121/><T127/><D29/><U66/><E66/><V124/><F94/><AGARI ba="0,1" hai="47,48,52,62,64,68,81,86,88,94,97,102,108,109" machi="94" ten="40,12000,1" yaku="1,1,54,2,53,1" doraHai="130" doraHaiUra="77" who="1" fromWho="2" sc="428,0,42,130,156,-120,364,0" /><INIT seed="5,1,0,2,3,63" ten="428,172,36,364" oya="1" hai0="16,23,50,24,17,51,92,102,35,71,118,76,106" hai1="58,2,84,64,91,113,36,89,32,39,57,37,109" hai2="33,117,10,62,67,29,79,112,82,54,43,97,93" hai3="75,13,132,70,131,135,52,111,15,85,73,87,0"/><U114/><E32/><V78/><F117/><W119/><G70/><T48/><D118/><U46/><E2/><V130/><F112/><N who="1" m="43113" /><E109/><V124/><F130/><W20/><G119/><T47/><D106/><U88/><E46/><V11/><F124/><W116/><G116/><T129/><D129/><U21/><E21/><V121/><F121/><W9/><G0/><T14/><D76/><U123/><E123/><V74/><F79/><W98/><G131/><T100/><D71/><U26/><E26/><V45/><F54/><W1/><G1/><T81/><D81/><N who="1" m="49295" /><E58/><V128/><F128/><W94/><G111/><T38/><D38/><U72/><E72/><V69/><F29/><W22/><G9/><N who="0" m="6223" /><D35/><U134/><E134/><V3/><F33/><W95/><REACH who="3" step="1"/><G98/><REACH who="3" ten="428,172,36,354" step="2"/><N who="0" m="59463" /><D102/><U66/><E57/><V61/><F3/><W105/><G105/><T83/><D83/><U107/><E107/><V103/><REACH who="2" step="1"/><F61/><REACH who="2" ten="428,172,26,354" step="2"/><W8/><G8/><T115/><D115/><U120/><E120/><V4/><F4/><W60/><G60/><T59/><D59/><U90/><AGARI ba="1,2" hai="36,37,39,64,66,88,90,91" m="49295,43113" machi="90" ten="40,12000,1" yaku="15,1,52,2,54,1" doraHai="63" who="1" fromWho="1" sc="428,-41,172,143,26,-41,354,-41" owari="387,49.0,315,12.0,-15,-52.0,313,-9.0" /></mjloggm>