<mjloggm ver="2.3"><GO type="169" lobby="0"/><UN n0="%66%69%63%74%69%6F%6E" n1="%E3%81%A1%E3%82%87%E3%82%8A%E3%81%8A" n2="%E3%83%95%E3%82%A1%E3%83%8B%E3%81%93%E3%82%8C%E5%90%9B%52" n3="%33%6E%6F%6D%79%5F%64%73" dan="16,16,16,17" rate="2025.88,2114.99,2104.89,2161.40" sx="M,M,M,M"/><TAIKYOKU oya="0"/><INIT seed="0,0,0,0,5,4" ten="250,250,250,250" oya="0" hai0="131,77,44,112,24,25,17,55,129,101,20,75,86" hai1="107,134,123,36,67,2,70,64,102,22,122,52,119" hai2="56,46,71,33,82,108,66,83,84,23,114,1,50" hai3="113,78,132,29,41,88,99,127,58,103,73,53,8"/><T60/><D112/><U59/><E2/><V128/><F33/><W115/><G132/><T10/><D75/><U31/><E119/><V0/><F128/><N who="0" m="49226" /><D101/><U11/><E36/><V68/><F108/><W90/><G127/><T118/><D118/><U93/><E107/><V106/><F106/><W89/><G41/><T72/><D72/><U61/><E134/><V30/><F114/><W13/><G29/><T117/><D117/><U7/><E122/><V9/><F82/><W91/><N who="3" m="22528" /><DORA hai="63" /><W39/><G39/><T79/><D25/><N who="1" m="16823" /><E70/><V48/><F84/><W62/><G78/><T28/><D86/><U37/><E37/><V97/><F83/><W15/><G15/><N who="0" m="7415" /><D44/><U116/><E123/><V32/><F46/><W3/><G3/><T40/><D40/><U95/><E116/><V5/><F0/><W19/><REACH who="3" step="1"/><G73/><REACH who="3" ten="250,250,250,240" step="2"/><T45/><D45/><U12/><E102/><V135/><F1/><W16/><G16/><T14/><D14/><U133/><E133/><V51/><F135/><W38/><G38/><T26/><D26/><U57/><E57/><AGARI ba="0,1" hai="20,24,28,55,57,60,77,79" m="7415,49226" machi="57" ten="30,2900,0" yaku="19,1,52,1" doraHai="4,63" who="0" fromWho="1" sc="250,39,250,-29,250,0,240,0" /><INIT seed="0,1,0,3,3,121" ten="289,221,250,240" oya="0" hai0="54,97,37,84,90,61,73,65,53,88,35,22,80" hai1="120,83,100,6,101,36,49,114,5,28,45,99,115" hai2="58,10,64,126,69,113,66,108,8,109,112,47,117" hai3="133,135,19,134,55,129,104,38,91,25,105,122,16"/><T95/><D35/><U81/><E36/><V1/><F117/><W59/><G38/><T102/><D37/><U57/><E120/><V98/><F126/><W23/><G122/><T96/><D73/><U124/><E124/><V118/><F118/><W40/><G40/><T78/><D22/><U92/><E101/><V30/><F47/><W7/><G129/><T71/><REACH who="0" step="1"/><D78/><REACH who="0" ten="279,221,250,240" step="2"/><U82/><E28/><V12/><F30/><W39/><G39/><T43/><D43/><U14/><E114/><V15/><F1/><W106/><G7/><T110/><D110/><U68/><E115/><V87/><F113/><W107/><G91/><T77/><D77/><U46/><E5/><V72/><F112/><W128/><G128/><T52/><D52/><N who="1" m="31887" /><E68/><V4/><F72/><W63/><N who="3" m="26624" /><DORA hai="60" /><W17/><AGARI ba="1,1" hai="16,17,19,23,25,55,59,63,133,134,135" m="26624" machi="17" ten="70,8000,1" yaku="4,1,0,1,20,1,54,1" doraHai="121,60" who="3" fromWho="3" sc="279,-41,221,-21,250,-21,240,93" /><INIT seed="1,0,0,0,3,98" ten="238,200,229,333" oya="1" hai0="46,65,15,59,106,49,13,102,75,26,14,10,53" hai1="1,18,48,30,33,129,6,76,7,111,16,118,0" hai2="55,56,95,44,104,114,38,28,87,101,86,125,94" hai3="52,107,64,83,109,5,74,2,89,27,24,113,20"/><U17/><E118/><V82/><F28/><W42/><G109/><T93/><D75/><U71/><E71/><V62/><F125/><W68/><G42/><T127/><D127/><U69/><E69/><V133/><F133/><W81/><G24/><T100/><D106/><U105/><E105/><V135/><F135/><W31/><G74/><T51/><D26/><N who="1" m="18647" /><E48/><V115/><F87/><W132/><G132/><T21/><D21/><U73/><E76/><V63/><F63/><W22/><G22/><T3/><D65/><U67/><E67/><V90/><F104/><W92/><G107/><T61/><D61/><U11/><E73/><V57/><F57/><W43/><G43/><T97/><D3/><N who="1" m="1099" /><E129/><V50/><F38/><W130/><G130/><T60/><D60/><U39/><E39/><V112/><REACH who="2" step="1"/><F101/><REACH who="2" ten="238,200,219,333" step="2"/><W29/><G68/><T131/><D131/><U134/><E134/><V77/><F77/><W54/><G31/><T41/><REACH who="0" step="1"/><D102/><REACH who="0" ten="228,200,219,333" step="2"/><U122/><E111/><V110/><F110/><W35/><G35/><T25/><D25/><U128/><E128/><V79/><F79/><W117/><G27/><T126/><D126/><U70/><E70/><V47/><F47/><W12/><G29/><T36/><D36/><U103/><E103/><V120/><F120/><W123/><G123/><T19/><AGARI ba="0,2" hai="10,13,14,15,19,41,46,49,51,53,59,93,97,100" machi="19" ten="20,12000,2" yaku="1,1,0,1,7,1,8,1,52,1,53,1" doraHai="98" doraHaiUra="88" who="0" fromWho="0" sc="228,140,200,-60,219,-30,333,-30" /><INIT seed="2,0,0,4,3,83" ten="368,140,189,303" oya="2" hai0="128,18,109,64,132,2,126,9,60,19,131,46,20" hai1="41,122,121,70,115,108,73,47,124,94,13,76,7" hai2="78,54,55,29,117,91,25,105,38,52,100,134,112" hai3="93,6,27,56,116,92,101,65,68,4,31,58,99"/><V22/><F117/><W129/><G129/><N who="0" m="49739" /><D109/><U33/><E70/><V86/><F38/><W104/><G116/><T102/><D132/><U3/><E33/><V125/><F134/><W123/><G123/><T98/><D126/><U127/><E115/><V130/><F112/><W35/><G58/><N who="0" m="36887" /><D46/><U43/><E94/><N who="3" m="36458" /><G56/><T30/><D2/><U135/><E135/><V62/><F130/><W96/><G96/><T87/><D9/><N who="1" m="4287" /><E3/><V89/><F100/><W106/><G106/><N who="0" m="63831" /><D87/><U69/><E69/><V1/><F105/><W5/><G5/><T24/><AGARI ba="0,0" hai="18,19,20,24,30" m="63831,36887,49739" machi="24" ten="30,1100,0" yaku="19,1" doraHai="83" who="0" fromWho="0" sc="368,11,140,-3,189,-5,303,-3" /><INIT seed="3,0,0,3,2,57" ten="379,137,184,300" oya="3" hai0="84,51,69,72,11,100,77,75,80,34,1,98,88" hai1="54,131,134,55,133,8,73,29,10,124,111,12,41" hai2="121,101,44,71,18,47,0,45,64,42,9,26,127" hai3="122,2,17,16,99,66,119,40,39,92,116,76,135"/><W67/><G135/><N who="1" m="51722" /><E73/><V56/><F121/><W60/><G2/><T58/><D34/><U126/><E111/><V52/><F127/><N who="1" m="48681" /><E41/><V103/><F0/><W118/><G122/><T27/><D69/><U28/><E12/><N who="2" m="7439" /><F71/><W35/><G35/><T96/><D27/><U37/><E37/><V23/><F64/><W65/><G76/><T89/><D77/><U5/><E5/><V36/><F42/><W90/><G66/><T104/><D72/><U87/><E87/><V21/><F36/><W49/><G67/><T110/><D75/><U61/><E61/><N who="2" m="35975" /><F21/><W63/><G39/><T106/><D110/><U7/><E7/><V62/><F62/><W123/><G123/><T81/><D51/><U53/><E131/><V13/><F13/><W31/><G63/><T14/><D14/><U95/><E95/><V46/><N who="2" m="11264" /><DORA hai="109" /><V129/><F129/><W108/><G60/><T24/><D1/><U30/><AGARI ba="0,0" hai="8,10,28,29,30,53,54,55" m="48681,51722" machi="30" ten="40,8000,1" yaku="28,2,20,1,18,1" doraHai="57,109" who="1" fromWho="1" sc="379,-20,137,80,184,-20,300,-40" /><INIT seed="4,0,0,0,2,118" ten="359,217,164,260" oya="0" hai0="39,55,22,40,95,34,125,120,16,63,88,121,5" hai1="69,30,90,3,124,85,89,94,110,99,18,27,14" hai2="12,21,102,93,6,42,77,43,128,97,46,10,83" hai3="109,115,105,28,129,135,104,82,67,68,13,31,36"/><T54/><D34/><U17/><E69/><V25/><F128/><W62/><G109/><T51/><D5/><U61/><E3/><V81/><F81/><W101/><G115/><T59/><D39/><U108/><E124/><V41/><F21/><W132/><G36/><T100/><D100/><U127/><E127/><V106/><F25/><W86/><G13/><T130/><D40/><U112/><E112/><V133/><F106/><N who="3" m="41067" /><G101/><T96/><D130/><U66/><E18/><V113/><F133/><N who="3" m="51275" /><G129/><T58/><D125/><U19/><E14/><AGARI ba="0,0" hai="14,16,22,51,54,55,58,59,63,88,95,96,120,121" machi="14" ten="30,12000,1" yaku="7,1,52,2,54,2" doraHai="118" who="0" fromWho="1" sc="359,120,217,-120,164,0,260,0" /><INIT seed="4,1,0,3,2,37" ten="479,97,164,260" oya="0" hai0="45,120,62,116,89,132,34,123,35,58,129,69,60" hai1="82,87,105,131,125,33,134,25,1,6,0,127,8" hai2="76,50,36,94,70,98,74,71,101,27,109,93,104" hai3="128,12,39,56,44,78,85,54,92,26,30,3,22"/><T99/><D116/><U110/><E110/><V40/><F36/><W126/><G3/><T63/><D132/><U67/><E105/><V42/><F109/><W5/><G126/><T106/><D129/><U4/><E67/><V17/><F94/><W53/><G128/><T52/><D45/><U118/><E131/><V10/><F50/><W21/><G22/><T48/><D69/><U135/><E87/><V13/><F104/><W41/><G56/><T72/><D72/><U55/><E55/><V84/><F74/><W31/><G31/><T61/><D61/><U107/><E82/><N who="2" m="47175" /><F71/><W38/><G38/><T65/><D65/><U32/><E107/><V2/><F2/><W64/><G64/><T79/><D79/><U103/><E103/><V102/><F70/><W86/><G86/><T90/><D90/><U80/><E80/><V15/><F27/><W117/><G117/><T88/><D89/><U14/><E118/><V119/><F102/><W7/><G78/><T91/><D91/><U108/><E108/><V43/><F119/><W24/><G24/><T100/><REACH who="0" step="1"/><D88/><REACH who="0" ten="469,97,164,260" step="2"/><U59/><E59/><V97/><F101/><W113/><G44/><T96/><D96/><U95/><E95/><V49/><F93/><W133/><G92/><T122/><AGARI ba="1,1" hai="34,35,48,52,58,60,62,63,99,100,106,120,122,123" machi="122" ten="40,12000,1" yaku="1,1,0,1,54,1,53,2" doraHai="37" doraHaiUra="29" who="0" fromWho="0" sc="469,133,97,-41,164,-41,260,-41" /><INIT seed="4,2,0,3,4,49" ten="602,56,123,219" oya="0" hai0="135,121,3,39,100,42,92,98,132,116,63,133,48" hai1="55,9,127,37,99,2,91,103,123,69,90,4,117" hai2="134,118,53,109,1,125,5,26,66,70,27,45,52" hai3="126,68,56,112,89,12,113,6,81,120,104,101,75"/><T50/><D3/><U58/><E123/><V40/><F109/><W73/><G68/><T46/><D121/><U94/><E117/><V59/><F118/><W43/><G43/><T38/><D116/><U7/><E37/><N who="2" m="21647" /><F27/><W25/><G120/><T24/><D63/><U78/><E69/><V76/><F26/><W33/><G126/><T20/><REACH who="0" step="1"/><D38/><REACH who="0" ten="592,56,123,219" step="2"/><U60/><E127/><V80/><F125/><W64/><G112/><T10/><D10/><U51/><E7/><V88/><F5/><W129/><G6/><T28/><AGARI ba="2,1" hai="20,24,28,39,42,46,48,50,92,98,100,132,133,135" machi="28" ten="30,11700,0" yaku="1,1,0,1,20,1,53,1" doraHai="49" doraHaiUra="17" who="0" fromWho="0" sc="592,133,56,-41,123,-41,219,-41" /><INIT seed="4,3,0,1,4,133" ten="725,15,82,178" oya="0" hai0="87,113,123,78,29,108,129,82,126,79,92,10,26" hai1="35,22,67,46,131,122,57,11,101,7,32,105,89" hai2="65,91,62,24,6,51,112,73,109,52,98,60,30" hai3="42,19,2,75,96,14,111,84,15,9,88,34,135"/><T3/><D123/><U72/><E122/><V106/><F73/><W127/><G111/><T81/><D108/><U39/><E72/><V0/><F109/><W93/><G75/><T21/><D129/><U13/><E131/><V1/><F6/><W74/><G74/><T61/><D113/><U40/><E105/><V104/><F62/><W117/><G117/><T86/><D126/><U134/><E134/><V54/><F106/><W114/><G135/><T50/><D61/><U99/><E89/><V25/><F25/><W43/><G2/><N who="2" m="1129" /><F51/><W59/><G127/><T45/><D92/><U70/><E70/><N who="2" m="42279" /><F91/><W71/><G71/><T63/><D63/><U28/><E67/><V76/><F76/><W27/><G59/><T38/><D38/><U23/><E57/><V58/><F58/><W68/><G68/><T90/><D90/><U33/><REACH who="1" step="1"/><E28/><REACH who="1" ten="725,5,82,178" step="2"/><V31/><F31/><W48/><G88/><T94/><D94/><U18/><E18/><V115/><F115/><W119/><G19/><T110/><D110/><U132/><E132/><V118/><F112/><W124/><G114/><T103/><D103/><U85/><E85/><V80/><F118/><W56/><G84/><T83/><D83/><U44/><E44/><V5/><F80/><W37/><G119/><T16/><D29/><U47/><E47/><V107/><F107/><W36/><G56/><T66/><D66/><U17/><E17/><V128/><F128/><W125/><G125/><T20/><D45/><U41/><E41/><V53/><F104/><W121/><G124/><T97/><D81/><U12/><E12/><RYUUKYOKU ba="3,1" sc="725,-10,5,30,82,-10,178,-10" hai1="7,11,13,22,23,32,33,35,39,40,46,99,101" /><INIT seed="5,4,1,2,2,76" ten="715,35,72,168" oya="1" hai0="104,110,73,7,130,44,30,103,24,18,58,75,4" hai1="125,106,54,19,39,86,64,116,129,97,74,94,20" hai2="102,87,96,21,56,99,10,14,70,121,93,13,36" hai3="123,117,127,60,78,134,31,15,2,66,90,122,79"/><U135/><E116/><V47/><F70/><W6/><G2/><T9/><D110/><U88/><E39/><V111/><F121/><W37/><G37/><T105/><D58/><U115/><E74/><V46/><F111/><W82/><G134/><T27/><D44/><U11/><E135/><V77/><F36/><W67/><G127/><T29/><D18/><U32/><E32/><V3/><F3/><W113/><G117/><T41/><D41/><U72/><E72/><V65/><F99/><W12/><G113/><T26/><D130/><U51/><E64/><V81/><F21/><W16/><G31/><T53/><D53/><U52/><E115/><V38/><F38/><W59/><G66/><T25/><D25/><U132/><E132/><V107/><F14/><W57/><G57/><T33/><D27/><N who="1" m="14751" /><E129/><V118/><F107/><W68/><G68/><T98/><D105/><U83/><E106/><V133/><F118/><W43/><G43/><T108/><D108/><U42/><E11/><V85/><F85/><N who="3" m="50487" /><G123/><T49/><D9/><U112/><E112/><V35/><F35/><W119/><G119/><T23/><D75/><U40/><E125/><V71/><F71/><W22/><G122/><T50/><D73/><U34/><E34/><V128/><F128/><W84/><G84/><T92/><D104/><U62/><E62/><N who="2" m="38087" /><F133/><W95/><G95/><T28/><D28/><U63/><E63/><V100/><F100/><W8/><AGARI ba="4,1" hai="6,8,12,15,16,22,59,60,67,78,79" m="50487" machi="8" ten="30,4000,0" yaku="8,1,52,1,54,1" doraHai="76" who="3" fromWho="3" sc="715,-14,35,-24,72,-14,168,62" /><INIT seed="6,0,0,5,3,73" ten="701,11,58,230" oya="2" hai0="6,32,48,57,12,80,14,82,4,111,84,97,39" hai1="31,99,88,37,20,30,5,35,53,70,98,110,27" hai2="28,68,44,83,122,90,38,118,91,107,58,64,18" hai3="59,1,66,16,50,100,89,65,101,102,77,93,104"/><V103/><F122/><W9/><G104/><T51/><D39/><U94/><E110/><V47/><F118/><W10/><G1/><T56/><D32/><U69/><E37/><V126/><F68/><W13/><G10/><T40/><D97/><U7/><E70/><V76/><F28/><W115/><G115/><T33/><D33/><U15/><E69/><V112/><F112/><W74/><G74/><T26/><D26/><U46/><E98/><V71/><F71/><W81/><G81/><T92/><D92/><U87/><E99/><V55/><F91/><W60/><G50/><N who="0" m="18987" /><D82/><U17/><E46/><V108/><F103/><W29/><G29/><T3/><D3/><U43/><E43/><V119/><F107/><W128/><G128/><T21/><D40/><U63/><REACH who="1" step="1"/><E31/><REACH who="1" ten="701,1,58,230" step="2"/><V61/><F47/><W62/><G102/><T130/><D111/><U121/><E121/><V41/><F108/><W106/><G101/><T22/><D130/><U52/><E52/><V116/><F55/><W42/><G100/><T135/><D135/><U96/><E96/><V8/><F90/><W67/><G42/><T2/><D2/><U24/><E24/><V132/><F132/><W95/><G66/><T34/><D34/><U54/><E54/><V75/><F126/><W117/><G65/><T120/><D120/><U133/><E133/><V11/><REACH who="2" step="1"/><F18/><REACH who="2" ten="701,1,48,230" step="2"/><W129/><G16/><N who="0" m="10375" /><D57/><AGARI ba="0,2" hai="5,7,15,17,20,27,30,35,53,57,63,87,88,94" machi="57" ten="40,2600,0" yaku="1,1,54,1,53,0" doraHai="73" doraHaiUra="131" who="1" fromWho="0" sc="701,-26,1,46,48,0,230,0" /><INIT seed="7,0,0,4,3,86" ten="675,47,48,230" oya="3" hai0="71,24,133,99,17,79,13,42,16,34,11,61,95" hai1="39,110,118,64,9,81,112,5,33,41,75,128,14" hai2="49,125,100,96,28,31,8,55,76,58,52,127,113" hai3="0,15,69,134,83,74,47,107,130,1,123,21,108"/><W89/><G47/><T26/><D79/><U129/><E110/><V77/><F113/><W101/><G21/><T97/><D42/><U106/><E112/><V25/><F8/><W84/><G15/><N who="0" m="7295" /><D71/><U93/><E106/><V109/><F109/><W10/><G10/><N who="0" m="6327" /><D34/><U45/><E33/><V6/><F55/><W53/><G53/><T90/><D133/><U102/><E64/><V132/><F6/><W88/><G69/><T80/><D80/><U27/><E27/><N who="0" m="10281" /><D61/><U54/><E118/><V70/><F70/><W50/><G1/><T131/><D131/><N who="1" m="50251" /><E54/><V20/><F31/><W38/><G0/><T2/><D2/><U87/><E75/><V48/><F132/><W98/><G38/><T115/><D115/><U56/><E56/><V94/><REACH who="2" step="1"/><F48/><REACH who="2" ten="675,47,38,230" step="2"/><W22/><G134/><T44/><D44/><U63/><E63/><V35/><F35/><W85/><G50/><T105/><D105/><U65/><E65/><V67/><F67/><W46/><G108/><T111/><D111/><U104/><E104/><V117/><F117/><W30/><G46/><T116/><D116/><U4/><E4/><V114/><F114/><W43/><G130/><T78/><D78/><AGARI ba="0,1" hai="20,25,28,49,52,58,76,77,78,94,96,100,125,127" machi="78" ten="40,2600,0" yaku="1,1,54,1,53,0" doraHai="86" doraHaiUra="124" who="2" fromWho="0" sc="675,-26,47,0,38,36,230,0" owari="649,75.0,47,-45.0,74,-33.0,230,3.0" /></mjloggm>