<mjloggm ver="2.3"><GO type="169" lobby="0"/><UN n0="%68%61%6A%6E%61%6C" n1="%E3%83%8F%E3%83%BC%E3%83%AD%E3%83%83%E3%83%88" n2="%E5%90%89%E7%B1%B3%E8%80%81%E5%B8%AB" n3="%E3%82%B5%E3%83%95%E3%82%A9%E3%83%BC%E3%82%AF%E3%81%AE%E7%94%BA" dan="16,16,16,17" rate="2079.13,2082.82,2068.48,2247.91" sx="M,M,M,M"/><TAIKYOKU oya="0"/><INIT seed="0,0,0,5,0,35" ten="250,250,250,250" oya="0" hai0="85,46,54,13,51,98,19,94,91,9,99,25,23" hai1="128,135,55,0,28,16,119,18,80,53,108,2,32" hai2="117,132,11,12,95,50,74,83,97,40,121,17,105" hai3="104,113,34,20,43,59,120,118,126,122,90,72,5"/><T88/><REACH who="0" step="1"/><D91/><REACH who="0" ten="240,250,250,250" step="2"/><U39/><E119/><V64/><F117/><W84/><G118/><T134/><D134/><U56/><E135/><V4/><F132/><W7/><G90/><T22/><D22/><U102/><E32/><V33/><F33/><W124/><G34/><T75/><D75/><U109/><E102/><V48/><F74/><W125/><G72/><T60/><D60/><U66/><E128/><V45/><F121/><W115/><G122/><T41/><D41/><U27/><E28/><AGARI ba="0,1" hai="9,13,19,23,25,28,46,51,54,85,88,94,98,99" machi="28" ten="30,12000,1" yaku="21,2,7,1,8,1,54,1,53,0" doraHai="35" doraHaiUra="38" who="0" fromWho="1" sc="240,130,250,-120,250,0,250,0" /><INIT seed="0,1,0,2,2,74" ten="370,130,250,250" oya="0" hai0="124,34,61,80,14,85,54,110,20,95,72,46,112" hai1="50,62,98,35,10,102,88,126,11,93,120,51,47" hai2="1,84,119,106,55,91,59,21,108,90,5,12,100" hai3="32,60,75,37,69,71,8,6,116,103,48,121,42"/><T36/><D112/><U67/><E126/><V131/><F108/><W57/><G116/><T83/><D34/><U19/><E35/><V132/><F119/><W9/><G32/><T96/><D124/><U58/><E120/><V99/><F132/><W130/><G121/><T38/><D72/><U63/><E19/><V135/><F135/><W97/><G75/><T22/><D83/><U44/><E63/><V133/><F133/><W117/><G130/><T109/><D46/><U87/><E44/><V128/><F1/><W41/><G37/><N who="0" m="14443" /><D14/><U123/><E123/><V115/><F115/><W15/><G117/><T28/><D54/><U30/><E30/><V17/><F5/><W73/><G73/><T107/><D61/><U52/><REACH who="1" step="1"/><E51/><REACH who="1" ten="370,120,250,250" step="2"/><N who="2" m="31231" /><F84/><W45/><G42/><T2/><D28/><U0/><E0/><V127/><F127/><W68/><G9/><T129/><D2/><U66/><E66/><V29/><F29/><W13/><G15/><T81/><D129/><AGARI ba="1,1" hai="12,17,21,90,91,99,100,106,128,129,131" m="31231" machi="129" ten="30,1000,0" yaku="19,1" doraHai="74" who="2" fromWho="0" sc="370,-13,120,0,250,23,250,0" /><INIT seed="1,0,0,5,3,68" ten="357,120,273,250" oya="1" hai0="34,78,3,90,113,2,102,81,18,64,126,66,94" hai1="89,124,74,49,73,87,104,25,30,48,131,28,130" hai2="11,55,112,59,13,20,10,51,96,53,7,31,56" hai3="17,35,39,88,76,98,36,116,118,85,67,100,12"/><U134/><E134/><V54/><F112/><W82/><G35/><T77/><D34/><U1/><E1/><V38/><F38/><W103/><G67/><T61/><D66/><U23/><E124/><V115/><F115/><W8/><G76/><T84/><D126/><U19/><E104/><V43/><F43/><W41/><G103/><T99/><D113/><U121/><E121/><V93/><F56/><W42/><G42/><T117/><D77/><U44/><E48/><V32/><F32/><W135/><G135/><T45/><D45/><U110/><E110/><V6/><F20/><W21/><G21/><T132/><D117/><N who="3" m="45161" /><G41/><T22/><D78/><U91/><E91/><V122/><F31/><W63/><G63/><T105/><D105/><AGARI ba="0,0" hai="8,12,17,36,39,82,85,88,98,100,105" m="45161" machi="105" ten="30,7700,0" yaku="12,1,52,2,54,1" doraHai="68" who="3" fromWho="0" sc="357,-77,120,0,273,0,250,77" /><INIT seed="2,0,0,0,3,93" ten="280,120,273,327" oya="2" hai0="101,4,115,7,32,67,128,55,24,125,0,100,8" hai1="54,38,47,19,9,68,84,37,119,126,65,99,51" hai2="26,39,18,58,63,89,127,104,14,2,57,70,50" hai3="81,134,90,75,79,43,69,60,59,5,135,29,118"/><V83/><F104/><W53/><G118/><T13/><D115/><U3/><E126/><V64/><F39/><W94/><G69/><T62/><D125/><U112/><E112/><V1/><F127/><W33/><G43/><T106/><D7/><U88/><E119/><V42/><F26/><W10/><G29/><T82/><D82/><U22/><E65/><V86/><F70/><W91/><G33/><T105/><D55/><U121/><E68/><V102/><F102/><W98/><REACH who="3" step="1"/><G91/><REACH who="3" ten="280,120,273,317" step="2"/><T34/><D34/><U52/><E121/><V49/><F42/><W111/><G111/><T87/><D32/><U113/><E113/><V131/><F131/><W97/><G97/><T15/><D128/><U76/><E99/><V96/><F96/><W116/><G116/><T130/><D130/><U56/><E76/><V6/><F58/><W61/><G61/><T122/><D62/><U78/><E78/><V114/><F114/><W11/><G11/><T16/><D8/><U95/><E9/><V20/><REACH who="2" step="1"/><F6/><REACH who="2" ten="280,120,263,317" step="2"/><W28/><G28/><T35/><D4/><U45/><E56/><V23/><F23/><W30/><G30/><T109/><D35/><U77/><E37/><V73/><F73/><W80/><G80/><T41/><D106/><U129/><E129/><V133/><F133/><W25/><G25/><T48/><D24/><N who="1" m="14431" /><E38/><V66/><F66/><W40/><G40/><T108/><D67/><U44/><E54/><V107/><F107/><W110/><G110/><T71/><D105/><U132/><E132/><V72/><F72/><W123/><G123/><T21/><D122/><RYUUKYOKU ba="0,2" sc="280,-15,120,-15,263,15,317,15" hai2="1,2,14,18,20,49,50,57,63,64,83,86,89" hai3="5,10,53,59,60,75,79,81,90,94,98,134,135" /><INIT seed="2,1,2,2,5,78" ten="265,105,278,332" oya="2" hai0="116,101,69,3,15,23,79,44,134,20,2,14,12" hai1="10,43,93,91,131,82,33,39,127,57,48,64,119" hai2="19,111,62,30,52,34,16,80,107,89,128,92,109" hai3="130,132,105,29,87,102,18,53,114,100,122,77,108"/><V72/><F107/><W88/><G122/><T98/><D69/><U68/><E119/><V46/><F128/><W126/><G130/><T54/><D116/><U84/><E131/><V113/><F113/><W45/><G114/><T86/><D134/><U106/><E127/><V17/><F30/><W99/><G132/><T5/><D5/><U32/><E106/><V95/><F34/><W104/><G126/><T7/><D7/><U110/><E110/><N who="2" m="41995" /><F46/><W13/><G29/><T4/><D4/><U85/><E39/><V28/><F28/><W47/><G77/><T41/><D3/><U6/><E68/><V118/><F118/><W40/><G108/><T0/><D2/><U74/><E74/><V67/><F52/><W8/><G53/><T26/><D54/><U112/><E112/><V21/><F21/><W125/><G125/><T61/><D0/><U94/><E64/><V38/><F38/><W27/><G40/><T70/><D23/><U36/><E36/><V135/><F135/><W121/><G47/><T22/><D20/><U83/><E32/><V120/><F120/><W35/><G45/><T65/><D44/><N who="1" m="25631" /><E33/><V9/><F9/><W11/><G11/><T60/><D41/><U56/><E10/><V42/><F42/><W123/><G35/><T37/><D37/><U50/><E6/><V59/><F72/><W51/><G123/><T81/><D22/><U97/><E50/><V58/><F58/><N who="1" m="22633" /><E97/><V1/><F1/><W129/><G121/><T133/><D133/><U103/><E103/><N who="3" m="39466" /><G129/><T76/><D101/><U66/><E66/><V24/><F24/><RYUUKYOKU ba="1,2" sc="265,-15,105,15,278,15,332,-15" hai1="82,83,84,85,91,93,94" hai2="16,17,19,59,62,67,80,89,92,95" /><INIT seed="2,2,2,2,1,43" ten="250,120,293,317" oya="2" hai0="103,93,116,78,59,86,117,64,90,134,12,49,68" hai1="23,7,69,17,47,119,133,34,114,92,95,5,76" hai2="132,37,28,54,8,30,123,41,128,122,67,84,75" hai3="135,56,0,127,111,9,14,35,112,40,4,120,85"/><V1/><F75/><W27/><G120/><T48/><D68/><U88/><E114/><V24/><F132/><W91/><G112/><T83/><D103/><U3/><E119/><N who="0" m="45641" /><D134/><U107/><E34/><V108/><F128/><W131/><G135/><T126/><D126/><U29/><E107/><V45/><F108/><W44/><G127/><T25/><D25/><U53/><E69/><V98/><F67/><W11/><G131/><T16/><D59/><U124/><E29/><V63/><F28/><W110/><G56/><T94/><D64/><U121/><E121/><V20/><F84/><W81/><G27/><T32/><D32/><U101/><E124/><V109/><F109/><W62/><G62/><T2/><D2/><U15/><E3/><V60/><F60/><W38/><REACH who="3" step="1"/><G35/><REACH who="3" ten="250,120,293,307" step="2"/><T39/><D39/><U89/><E133/><V33/><F33/><W19/><AGARI ba="2,3" hai="0,4,9,11,14,19,38,40,44,81,85,91,110,111" machi="19" ten="30,7900,0" yaku="1,1,2,1,0,1,52,1,53,0" doraHai="43" doraHaiUra="66" who="3" fromWho="3" sc="250,-22,120,-22,293,-41,307,115" /><INIT seed="3,0,0,0,4,11" ten="228,98,252,422" oya="3" hai0="96,2,38,36,86,118,82,3,20,22,25,18,101" hai1="13,12,109,114,84,56,88,89,37,15,134,104,61" hai2="29,135,92,132,9,31,93,10,44,119,30,48,98" hai3="69,115,57,94,77,14,83,111,75,97,74,103,1"/><W52/><G115/><T128/><D118/><U127/><E114/><V95/><F98/><W0/><G69/><T87/><D128/><U129/><E129/><V125/><F119/><W16/><G75/><T130/><D130/><U41/><E109/><V66/><F66/><W19/><G111/><T100/><D2/><U73/><E73/><V91/><F91/><W7/><G7/><T50/><D3/><U106/><E134/><N who="2" m="51243" /><F125/><W32/><G32/><T33/><D50/><U49/><E37/><V122/><F122/><W8/><G19/><T39/><D33/><U47/><E127/><V120/><F120/><W5/><G5/><T67/><D67/><U102/><E102/><V117/><F117/><W108/><G108/><T46/><D101/><U45/><E45/><V55/><AGARI ba="0,0" hai="9,10,29,30,31,44,48,55,92,93,95" m="51243" machi="55" ten="40,1500,0" yaku="20,1" doraHai="11" who="2" fromWho="2" sc="228,-4,98,-4,252,15,422,-7" /><INIT seed="4,0,0,2,5,33" ten="224,94,267,415" oya="0" hai0="70,80,9,7,22,89,116,64,111,20,114,86,34" hai1="61,51,32,55,123,26,50,56,117,113,122,68,4" hai2="102,90,79,81,21,37,40,10,95,132,104,128,72" hai3="60,103,75,120,73,96,63,29,82,85,35,101,77"/><T42/><D116/><U58/><E26/><V91/><F37/><W94/><G120/><N who="1" m="46122" /><E4/><V18/><F40/><W24/><G101/><T5/><D34/><U59/><E32/><V131/><F10/><W46/><G46/><T53/><D111/><U109/><E109/><V135/><F104/><W93/><G93/><T30/><D42/><U118/><E113/><V45/><F45/><W127/><G127/><T121/><D114/><U52/><E68/><V130/><F102/><W1/><G1/><T65/><D70/><U31/><E31/><V2/><F2/><W71/><G71/><T25/><D121/><U129/><E129/><V67/><F67/><AGARI ba="0,0" hai="50,51,52,55,56,58,59,61,67,117,118" m="46122" machi="67" ten="30,3900,0" yaku="34,2,54,1" doraHai="33" who="1" fromWho="2" sc="224,0,94,39,267,-39,415,0" /><INIT seed="5,0,0,0,2,7" ten="224,133,228,415" oya="1" hai0="41,68,90,16,53,36,112,48,87,73,109,66,96" hai1="37,0,15,44,82,116,21,23,2,62,126,100,74" hai2="92,9,97,28,117,133,111,45,47,127,84,98,106" hai3="91,25,120,121,102,132,77,75,124,42,78,105,32"/><U5/><E116/><V93/><F117/><W20/><G32/><T31/><D73/><U63/><E2/><V24/><F111/><W4/><G42/><T50/><D31/><U67/><E100/><V8/><F106/><W119/><G119/><T65/><D96/><N who="2" m="36970" /><F127/><W122/><G124/><T123/><D112/><U19/><E126/><V129/><F129/><W1/><G102/><T71/><D90/><U130/><E130/><V35/><F35/><W89/><G105/><T107/><D87/><U18/><E67/><N who="0" m="25609" /><D16/><U26/><E37/><V40/><F133/><W118/><G118/><T94/><D94/><N who="2" m="36458" /><F84/><W54/><G132/><T83/><D83/><U10/><REACH who="1" step="1"/><E44/><REACH who="1" ten="224,123,228,415" step="2"/><V57/><F47/><W113/><G1/><T49/><D109/><U27/><E27/><V56/><F45/><W55/><G121/><T29/><D123/><U6/><E6/><V99/><F24/><W108/><G108/><T81/><D107/><U80/><E80/><V60/><F57/><W17/><G4/><T38/><D81/><U70/><E70/><N who="0" m="26665" /><D29/><U43/><E43/><V34/><F40/><W39/><G122/><T95/><D95/><U76/><AGARI ba="0,1" hai="0,5,10,15,18,19,21,23,26,62,63,74,76,82" machi="76" ten="30,6000,0" yaku="1,1,0,1,52,1,53,0" doraHai="7" doraHaiUra="125" who="1" fromWho="1" sc="224,-20,123,70,228,-20,415,-20" /><INIT seed="5,1,0,4,0,49" ten="204,193,208,395" oya="1" hai0="29,69,44,106,75,34,88,10,59,74,109,22,28" hai1="62,13,115,125,121,1,78,3,61,84,101,12,16" hai2="17,38,58,68,107,81,110,51,73,9,15,116,71" hai3="52,53,102,41,2,97,134,128,93,35,8,127,122"/><U19/><E121/><V66/><F116/><W47/><G122/><T65/><D69/><U105/><E105/><V42/><F110/><W70/><G70/><T39/><D10/><U82/><E101/><V72/><F107/><W108/><G108/><T91/><D22/><U36/><E36/><V80/><F68/><W0/><G35/><T114/><D59/><U112/><E125/><V123/><F123/><W57/><G127/><T21/><D21/><U7/><E7/><V76/><F80/><W40/><G134/><T5/><D44/><U85/><E82/><V20/><F73/><W56/><G128/><T99/><D65/><U89/><REACH who="1" step="1"/><E78/><REACH who="1" ten="204,183,208,395" step="2"/><V46/><F81/><W55/><G2/><T64/><D5/><U4/><E4/><V33/><F76/><W25/><G0/><T133/><D39/><U86/><E86/><V60/><F38/><W132/><G132/><T111/><D133/><U77/><E77/><V83/><F83/><W124/><G124/><T11/><D106/><U37/><E37/><V119/><F72/><W54/><G8/><T135/><D11/><U117/><E117/><V98/><F9/><W27/><G57/><T92/><D135/><U87/><E87/><V32/><F58/><W130/><G130/><T63/><D111/><U31/><E31/><V43/><F119/><W30/><G30/><N who="0" m="11883" /><D109/><U67/><E67/><V50/><F32/><W24/><G47/><T14/><D34/><U48/><E48/><AGARI ba="1,1" hai="24,25,27,40,41,48,52,53,54,55,56,93,97,102" machi="48" ten="40,12000,2" yaku="8,1,52,4,54,1" doraHai="49" who="3" fromWho="1" sc="204,0,183,-123,208,0,395,133" /><INIT seed="6,0,0,4,4,48" ten="204,60,208,528" oya="2" hai0="74,23,133,31,51,110,47,92,106,28,95,98,59" hai1="66,76,17,93,67,124,132,61,111,87,119,116,64" hai2="63,122,71,9,41,94,84,21,24,30,80,11,91" hai3="45,1,103,85,86,0,127,125,72,134,112,135,34"/><V78/><F122/><W117/><G117/><T123/><D74/><U8/><E132/><V109/><F109/><W81/><G34/><T29/><D123/><U107/><E124/><V20/><F41/><W108/><G108/><T99/><D106/><U77/><E107/><V44/><F44/><W79/><G112/><T105/><D105/><U52/><E111/><V90/><F90/><W46/><G103/><T13/><D133/><N who="3" m="50697" /><G46/><T36/><D36/><U22/><E8/><V82/><F82/><W88/><G45/><T7/><D59/><U50/><E61/><V38/><F38/><W35/><G35/><T2/><D2/><N who="3" m="1129" /><G85/><T53/><D110/><U114/><E114/><V55/><F21/><W57/><G57/><T97/><D23/><U58/><E119/><V128/><F128/><W49/><G49/><T65/><D65/><U69/><E69/><V126/><F126/><W12/><G12/><T39/><D39/><U25/><REACH who="1" step="1"/><E116/><REACH who="1" ten="204,50,208,528" step="2"/><V129/><F129/><W26/><G26/><T43/><D43/><U56/><E56/><N who="2" m="35231" /><F71/><W42/><G42/><T18/><D18/><U27/><E27/><V83/><F9/><AGARI ba="0,1" hai="7,9,13,28,29,31,47,51,53,92,95,97,98,99" machi="9" ten="40,2600,0" yaku="8,1,52,1" doraHai="48" who="0" fromWho="2" sc="204,36,50,0,208,-26,528,0" /><INIT seed="7,0,0,0,3,106" ten="240,50,182,528" oya="3" hai0="55,101,62,38,105,36,8,0,112,70,10,61,83" hai1="72,19,22,42,16,82,57,113,95,5,99,52,43" hai2="40,118,14,47,3,97,104,73,9,91,111,90,67" hai3="13,65,78,81,15,130,29,102,17,119,23,94,121"/><W93/><G119/><T34/><D34/><U116/><E113/><V35/><F118/><W74/><G121/><T86/><D105/><U49/><E116/><V128/><F111/><W89/><G130/><T71/><D101/><U68/><E68/><N who="0" m="26153" /><D83/><U18/><E5/><V46/><F67/><W58/><G29/><T124/><D86/><U84/><E72/><V133/><F73/><W33/><G33/><T110/><D55/><U30/><E30/><V98/><F35/><W87/><G65/><T77/><D0/><U79/><REACH who="1" step="1"/><E22/><REACH who="1" ten="240,40,182,528" step="2"/><V96/><F128/><W26/><G58/><T28/><D28/><U31/><E31/><V60/><F104/><W48/><G48/><T76/><D112/><U53/><E53/><V108/><F108/><W103/><G103/><T11/><D110/><U135/><E135/><V126/><F133/><W20/><G20/><T7/><D7/><U2/><E2/><V51/><F3/><W69/><G69/><T63/><D124/><U21/><E21/><V12/><F126/><W129/><G129/><T45/><D8/><U107/><E107/><V109/><F109/><W25/><G25/><T80/><D10/><U50/><E50/><V123/><F51/><W131/><G131/><T59/><D11/><U75/><E75/><V92/><F9/><W24/><G24/><T132/><D132/><U64/><E64/><V134/><F134/><W54/><G54/><T100/><D63/><U115/><E115/><V39/><F60/><W37/><G37/><T125/><D38/><U4/><E4/><V1/><F39/><W85/><G102/><RYUUKYOKU ba="0,1" sc="240,-15,40,15,182,-15,528,15" hai1="16,18,19,42,43,49,52,57,79,82,84,95,99" hai3="13,15,17,23,26,74,78,81,85,87,89,93,94" owari="225,3.0,55,-44.0,167,-23.0,553,64.0" /></mjloggm>