<mjloggm ver="2.3"><GO type="169" lobby="0"/><UN n0="%E3%82%A6%E3%83%9E%E3%83%85%E3%83%A9%E3%83%8F%E3%82%B2" n1="%E3%81%AF%E3%81%84%E3%81%A6%E3%82%93%E3%81%BC%E3%83%BC" n2="%E3%81%82%E3%81%96%E3%83%BC%E3%82%8B" n3="%52%65%64%62%75%6C%6C" dan="16,17,16,18" rate="2096.78,2240.57,2052.71,2232.80" sx="F,M,M,F"/><TAIKYOKU oya="0"/><INIT seed="0,0,0,3,3,82" ten="250,250,250,250" oya="0" hai0="4,116,99,45,75,59,95,13,28,114,73,2,27" hai1="124,36,40,100,30,43,126,72,102,97,50,42,35" hai2="110,121,67,6,51,69,64,129,58,18,48,127,90" hai3="39,112,74,130,92,21,10,118,49,93,52,125,68"/><T7/><D114/><U76/><E36/><V16/><F121/><W46/><G118/><T84/><D116/><U11/><E72/><V111/><F6/><W29/><G74/><T135/><D135/><U123/><E76/><V14/><F69/><W70/><G130/><T19/><D75/><U120/><E50/><V61/><F127/><N who="1" m="48681" /><E11/><V109/><F129/><W83/><G112/><T79/><D2/><U66/><E66/><V38/><F38/><W119/><G39/><T77/><D59/><U25/><E102/><V12/><F90/><W106/><G70/><T88/><D45/><U57/><E57/><V108/><N who="2" m="28160" /><DORA hai="78" /><V85/><F67/><W33/><G119/><T1/><D73/><U98/><E98/><V26/><F26/><W20/><G106/><AGARI ba="0,0" hai="25,30,35,40,42,43,97,100,106,120,123" m="48681" machi="106" ten="30,1000,0" yaku="18,1" doraHai="82,78" who="1" fromWho="3" sc="250,0,250,10,250,0,250,-10" /><INIT seed="1,0,0,0,3,34" ten="250,260,250,240" oya="1" hai0="109,110,117,46,51,48,123,26,1,36,39,97,93" hai1="4,102,16,130,86,129,45,79,89,15,13,44,122" hai2="35,94,115,58,43,87,99,69,112,52,131,104,126" hai3="17,113,47,91,54,83,88,75,5,124,56,74,132"/><U114/><E122/><V22/><F35/><W21/><G113/><N who="2" m="43593" /><F69/><W119/><G132/><T66/><D117/><U19/><E102/><V40/><F126/><W73/><G124/><T134/><D26/><U31/><E31/><V65/><F65/><W84/><G119/><T24/><D24/><U90/><E4/><V6/><F6/><W28/><G28/><T106/><D106/><U62/><E62/><V80/><F22/><W111/><G111/><N who="0" m="42507" /><D93/><U85/><E114/><V32/><F131/><W108/><G47/><T30/><D97/><U72/><E79/><N who="2" m="46495" /><F32/><W76/><G5/><T14/><D14/><U77/><REACH who="1" step="1"/><E77/><REACH who="1" ten="250,250,250,240" step="2"/><V101/><F104/><W9/><G108/><T81/><D30/><U29/><E29/><V53/><F53/><W41/><G54/><T120/><D66/><U63/><E63/><AGARI ba="0,1" hai="40,43,52,58,63,94,99,101" m="46495,43593" machi="63" ten="30,2000,0" yaku="11,1,54,1" doraHai="34" who="2" fromWho="1" sc="250,0,250,-20,250,30,240,0" /><INIT seed="2,0,0,1,3,98" ten="250,230,280,240" oya="2" hai0="62,50,111,48,81,78,53,131,39,68,7,74,24" hai1="104,123,35,70,113,103,4,60,10,119,26,135,61" hai2="79,97,125,29,41,115,57,134,90,59,66,109,117" hai3="38,19,132,47,21,108,114,12,133,89,14,73,84"/><V105/><F115/><W92/><G73/><T32/><D39/><U118/><E113/><V23/><F117/><W2/><G2/><T128/><D111/><U87/><E87/><V55/><F41/><N who="3" m="22967" /><G114/><T120/><D120/><U69/><E61/><N who="2" m="38191" /><F105/><W86/><G108/><T28/><D7/><U34/><E135/><N who="3" m="51786" /><G86/><T107/><D107/><U94/><E94/><N who="2" m="56535" /><F109/><W116/><G116/><T13/><D13/><AGARI ba="0,0" hai="12,13,14,19,21,84,89,92" m="51786,22967" machi="13" ten="30,1000,0" yaku="20,1" doraHai="98" who="3" fromWho="0" sc="250,-10,230,0,280,0,240,10" /><INIT seed="3,0,0,4,0,30" ten="240,230,280,250" oya="3" hai0="111,67,87,13,47,5,28,135,133,64,110,37,49" hai1="31,88,66,95,119,101,84,117,35,75,51,130,128" hai2="21,124,20,129,85,131,109,120,80,82,48,125,107" hai3="24,132,10,90,53,121,23,0,56,57,68,65,11"/><W36/><G121/><T76/><D76/><U79/><E66/><N who="0" m="25129" /><D87/><U94/><E51/><V89/><F48/><W17/><G132/><N who="0" m="50763" /><D13/><U46/><E46/><V92/><F20/><W134/><G36/><T123/><D5/><U43/><E43/><V70/><F70/><W103/><G134/><T14/><D14/><U27/><E79/><V77/><F21/><W83/><G68/><T73/><D73/><U61/><E61/><V50/><F50/><W74/><G103/><T71/><D28/><U97/><REACH who="1" step="1"/><E75/><REACH who="1" ten="240,220,280,250" step="2"/><N who="2" m="43071" /><F120/><W127/><G74/><T72/><D72/><U62/><E62/><V81/><F109/><N who="0" m="41482" /><D123/><U86/><E86/><V18/><F107/><W41/><G65/><T2/><D2/><U7/><E7/><V8/><F82/><W108/><G0/><T39/><D71/><U60/><E60/><V3/><F81/><W63/><G83/><T93/><D93/><U44/><E44/><V15/><F3/><W104/><G104/><T113/><D113/><U12/><E12/><V19/><F15/><W16/><G108/><T42/><AGARI ba="0,1" hai="37,39,42,47,49" m="41482,50763,25129" machi="42" ten="40,8000,1" yaku="20,1,14,1,34,2" doraHai="30" who="0" fromWho="0" sc="240,90,220,-20,280,-20,250,-40" /><INIT seed="4,0,0,2,1,26" ten="330,200,260,210" oya="0" hai0="29,46,23,12,97,70,65,72,98,15,121,77,56" hai1="54,10,109,16,19,1,22,63,24,8,112,105,17" hai2="11,21,64,88,133,123,99,102,32,20,131,90,117" hai3="115,85,53,28,38,2,14,45,83,93,120,61,47"/><T36/><D121/><U71/><E105/><V37/><F37/><W103/><G2/><T59/><D70/><U51/><E109/><V44/><F32/><W80/><G115/><T111/><D111/><U106/><E106/><V6/><F123/><W30/><G120/><T110/><D110/><U86/><E112/><V100/><F64/><W62/><G38/><T82/><D36/><U67/><E86/><V119/><F44/><N who="3" m="16971" /><G14/><N who="0" m="5163" /><D72/><U87/><E87/><V124/><F124/><W39/><G39/><T74/><D74/><U107/><E107/><V81/><F131/><W9/><G9/><T92/><D98/><U94/><E94/><V40/><F40/><W27/><G27/><N who="0" m="16639" /><D65/><U84/><E84/><V78/><F99/><N who="3" m="59887" /><G83/><T4/><D82/><U122/><E122/><V25/><F81/><W76/><G53/><T13/><D46/><U126/><E126/><V48/><F11/><W41/><G41/><T43/><D77/><U134/><E134/><V0/><F133/><W5/><G5/><T7/><D43/><U101/><E101/><V135/><F135/><W125/><G125/><T31/><D7/><U73/><E73/><V129/><F6/><W55/><G55/><T127/><D127/><U89/><E1/><V116/><F0/><W50/><G50/><T49/><D4/><U60/><E51/><V42/><F78/><W35/><G35/><T96/><D49/><U130/><E71/><V18/><F48/><W91/><G76/><T113/><D113/><U3/><E3/><V108/><F42/><W69/><G69/><T104/><D104/><U75/><E75/><RYUUKYOKU ba="0,0" sc="330,-10,200,-10,260,-10,210,30" hai3="28,30,61,62,80,85,91" /><INIT seed="5,1,0,0,1,25" ten="320,190,250,240" oya="1" hai0="30,116,131,96,19,65,77,52,9,91,102,50,49" hai1="107,113,44,78,88,26,90,18,31,46,14,40,54" hai2="7,10,118,120,55,58,100,24,85,20,21,87,37" hai3="73,105,39,41,71,84,59,126,70,34,109,79,112"/><U117/><E117/><V133/><F120/><W123/><RYUUKYOKU type="yao9" ba="1,0" sc="320,0,190,0,250,0,240,0" hai3="34,39,41,59,70,71,73,79,84,105,109,112,123,126" /><INIT seed="5,2,0,4,0,89" ten="320,190,250,240" oya="1" hai0="97,120,115,40,134,30,78,54,66,6,25,52,119" hai1="19,100,24,69,48,47,131,4,76,11,28,109,114" hai2="18,124,95,132,105,88,111,37,79,55,51,59,64" hai3="112,87,67,126,12,118,106,75,102,113,101,129,57"/><U68/><E114/><N who="3" m="44138" /><G75/><T33/><D119/><U107/><E131/><V80/><F111/><W26/><G106/><T38/><D115/><U49/><E109/><V17/><F37/><W123/><G123/><T39/><D78/><U43/><E19/><V14/><F105/><W41/><G126/><T70/><D6/><U96/><E49/><V42/><F124/><W27/><G41/><T135/><D120/><U53/><E53/><N who="0" m="20585" /><D40/><U73/><E76/><V133/><F64/><W29/><G27/><T50/><D50/><U3/><REACH who="1" step="1"/><E73/><REACH who="1" ten="320,180,250,240" step="2"/><N who="2" m="43119" /><F42/><W35/><G129/><T65/><D39/><U22/><AGARI ba="2,1" hai="3,4,11,22,24,28,43,47,48,68,69,96,100,107" machi="22" ten="20,3900,0" yaku="1,1,0,1,7,1,53,0" doraHai="89" doraHaiUra="90" who="1" fromWho="1" sc="320,-15,180,55,250,-15,240,-15" /><INIT seed="5,3,0,2,0,124" ten="305,235,235,225" oya="1" hai0="34,122,12,105,65,28,0,40,82,51,127,30,97" hai1="78,106,43,69,66,35,112,99,102,113,53,131,83" hai2="117,135,115,47,85,61,119,4,42,87,81,88,76" hai3="54,29,38,64,14,45,9,111,110,128,56,2,121"/><U91/><E43/><V75/><F135/><W11/><G2/><T25/><D0/><U68/><E35/><V18/><F4/><W93/><G29/><T103/><D127/><U10/><E91/><V27/><F75/><W132/><G11/><T6/><D122/><U125/><E125/><V5/><F5/><W16/><G121/><T100/><D100/><U72/><E53/><V107/><F107/><W26/><G26/><T55/><D40/><U62/><E10/><V90/><F76/><W48/><G132/><T41/><D41/><U37/><E37/><V133/><F61/><W134/><G134/><T31/><D12/><U52/><E69/><V59/><F59/><W8/><G8/><T1/><D6/><U109/><E109/><V98/><F98/><W104/><G104/><T67/><D1/><U118/><E118/><V60/><F60/><N who="3" m="37895" /><G128/><T129/><D129/><U44/><REACH who="1" step="1"/><E131/><REACH who="1" ten="305,225,235,225" step="2"/><V21/><F133/><W49/><G38/><T96/><D55/><U63/><E63/><V17/><F117/><W57/><G110/><T80/><D51/><AGARI ba="3,1" hai="44,51,52,62,66,68,72,78,83,99,102,106,112,113" machi="51" ten="40,3900,0" yaku="1,1,54,1,53,0" doraHai="124" doraHaiUra="33" who="1" fromWho="0" sc="305,-48,225,58,235,0,225,0" /><INIT seed="5,4,0,1,4,131" ten="257,283,235,225" oya="1" hai0="80,103,71,68,18,94,27,45,85,75,66,4,16" hai1="61,48,55,125,105,31,39,32,119,129,132,108,13" hai2="51,0,20,79,83,102,123,5,11,19,21,47,58" hai3="34,53,46,10,89,15,124,37,50,100,96,65,82"/><U36/><E119/><V42/><F123/><W72/><G124/><T107/><D4/><U56/><E129/><V6/><F102/><W17/><G34/><T99/><D66/><U30/><E105/><V33/><F33/><W25/><G65/><T120/><D120/><U64/><E125/><V44/><F44/><W52/><G37/><T101/><D45/><U135/><E13/><V109/><F109/><W54/><G25/><T1/><D1/><U126/><E126/><V91/><F6/><W70/><G70/><T118/><D118/><U86/><E86/><V112/><F112/><W81/><G72/><T76/><D101/><U23/><E23/><V106/><F106/><W24/><G24/><T59/><D59/><U26/><E31/><V84/><F19/><N who="0" m="7210" /><D27/><U40/><E108/><V28/><F28/><W95/><REACH who="3" step="1"/><G100/><REACH who="3" ten="257,283,235,215" step="2"/><T97/><D97/><U114/><E114/><V63/><F79/><W110/><G110/><T22/><D22/><U41/><E39/><V29/><F29/><W115/><G115/><T73/><D73/><U116/><E116/><V87/><REACH who="2" step="1"/><F84/><REACH who="2" ten="257,283,225,215" step="2"/><W134/><G134/><N who="1" m="51242" /><E36/><V104/><F104/><W128/><G128/><T12/><D107/><U69/><AGARI ba="4,2" hai="26,30,32,40,41,48,55,56,61,64,69" m="51242" machi="69" ten="30,11700,0" yaku="20,1,52,3" doraHai="131" who="1" fromWho="1" sc="257,-43,283,149,225,-43,215,-43" /><INIT seed="5,5,0,5,4,79" ten="214,432,182,172" oya="1" hai0="104,81,33,43,40,20,95,17,108,42,51,19,89" hai1="80,101,2,65,100,76,78,8,35,44,22,9,71" hai2="47,130,16,21,85,34,23,69,129,92,10,74,131" hai3="50,59,120,124,102,82,84,70,97,87,118,86,96"/><U73/><E35/><V63/><F34/><W38/><G38/><T112/><D108/><U15/><E2/><V125/><F74/><W46/><G70/><T28/><D104/><U55/><E65/><N who="2" m="41151" /><F125/><W39/><G39/><T115/><D33/><U57/><E71/><V117/><F117/><W25/><G120/><T77/><D51/><U83/><E44/><V66/><F66/><W68/><G68/><T45/><D45/><U48/><E22/><V12/><F47/><W37/><G37/><T75/><D28/><U58/><E58/><V114/><F114/><N who="0" m="43562" /><D20/><U109/><E8/><V6/><F6/><W14/><G124/><T128/><D128/><U99/><E99/><AGARI ba="5,0" hai="17,19,40,42,43,75,77,81,89,95,99" m="43562" machi="99" ten="30,2000,0" yaku="15,1,52,1" doraHai="79" who="0" fromWho="1" sc="214,35,432,-35,182,0,172,0" /><INIT seed="6,0,0,5,0,24" ten="249,397,182,172" oya="2" hai0="104,117,81,77,50,38,91,101,116,54,69,85,21" hai1="46,7,96,67,103,9,14,2,120,90,11,13,22" hai2="82,4,118,34,129,130,94,66,119,61,35,36,100" hai3="89,122,33,107,28,26,70,25,92,63,133,80,5"/><V95/><F36/><W6/><G122/><T109/><D109/><U93/><E120/><V60/><F4/><W113/><G107/><T58/><D69/><U44/><E67/><V10/><F10/><W121/><G121/><T127/><D38/><U32/><E32/><N who="2" m="12331" /><F82/><W23/><G133/><T18/><D127/><U59/><E2/><V106/><F106/><W108/><G108/><T8/><D8/><U76/><E76/><V0/><F0/><W126/><G126/><T110/><D110/><U51/><E22/><V43/><F43/><W75/><G113/><T114/><D114/><U56/><E103/><V128/><F100/><W134/><G134/><T87/><D101/><U29/><E29/><V79/><F79/><W40/><G40/><T37/><D37/><U57/><E51/><V47/><F47/><W111/><G111/><T123/><D104/><U42/><E42/><V131/><N who="2" m="33280" /><DORA hai="73" /><V15/><F15/><W45/><G45/><T78/><D123/><U55/><E55/><V72/><F72/><W84/><G75/><T20/><D78/><U99/><E99/><V3/><F3/><W71/><G80/><T115/><D20/><U17/><AGARI ba="0,0" hai="7,9,11,13,14,17,44,46,56,57,59,90,93,96" machi="17" ten="30,2000,0" yaku="0,1,8,1" doraHai="24,73" who="1" fromWho="1" sc="249,-5,397,20,182,-10,172,-5" /><INIT seed="7,0,0,1,4,63" ten="244,417,172,167" oya="3" hai0="97,45,7,116,57,50,104,130,102,48,91,53,12" hai1="51,43,34,5,132,60,62,69,81,80,96,8,78" hai2="15,120,89,27,39,30,126,112,46,31,0,38,47" hai3="6,111,3,54,25,135,36,32,64,128,24,82,56"/><W61/><G36/><T55/><D116/><U75/><E34/><V70/><F0/><W14/><G3/><T106/><D130/><U67/><E132/><V115/><F126/><W98/><G128/><T113/><D113/><N who="2" m="43594" /><F70/><W33/><G135/><T41/><D91/><U107/><E62/><V37/><F120/><W105/><G111/><T94/><D7/><U22/><E81/><V118/><F118/><W119/><G119/><T66/><D66/><U9/><E22/><N who="2" m="15735" /><F31/><W133/><G133/><T73/><D73/><U65/><E65/><V129/><F129/><W17/><G6/><T26/><D12/><U86/><E86/><V10/><F89/><W100/><G82/><T71/><D71/><U114/><E114/><V52/><F52/><W99/><G99/><T35/><D35/><U29/><E29/><V79/><F79/><W84/><G84/><T77/><D106/><U121/><E121/><V72/><F72/><W85/><G33/><T123/><D48/><U40/><E9/><V13/><F15/><W110/><G110/><T108/><D102/><U11/><E11/><V122/><F122/><W83/><G32/><T58/><D45/><U68/><E68/><V134/><F134/><W93/><G105/><T131/><D108/><U88/><E107/><V109/><F109/><W101/><G101/><T74/><D123/><U4/><E4/><AGARI ba="0,0" hai="4,10,13,37,38,39,46,47" m="15735,43594" machi="4" ten="40,1300,0" yaku="15,1" doraHai="63" who="2" fromWho="1" sc="244,0,417,-13,172,13,167,0" owari="244,4.0,404,50.0,185,-21.0,167,-33.0" /></mjloggm>