<mjloggm ver="2.3"><GO type="169" lobby="0"/><UN n0="%7A%65%52%6F" n1="%E3%82%B5%E3%82%A6%E3%83%8A%E5%B0%8F%E5%83%A7" n2="%75%72%61%74%61%6D%61" n3="%69%63%61%6E%66%6C%79" dan="17,17,16,16" rate="2209.28,2147.83,2147.13,2136.99" sx="M,M,M,M"/><TAIKYOKU oya="0"/><INIT seed="0,0,0,4,3,0" ten="250,250,250,250" oya="0" hai0="128,86,114,101,55,36,52,110,6,115,49,63,72" hai1="83,20,80,77,40,124,106,126,19,11,34,94,56" hai2="81,100,111,84,31,73,127,78,90,66,120,23,27" hai3="95,50,107,58,65,103,74,12,57,51,37,28,121"/><T108/><D72/><U1/><E106/><V97/><F111/><N who="0" m="42538" /><D36/><U75/><E34/><V67/><F127/><W18/><G37/><T45/><D128/><U64/><E83/><V59/><F120/><W30/><G107/><T79/><D101/><U85/><E40/><V99/><F99/><N who="3" m="59903" /><G74/><T21/><D21/><U91/><E56/><N who="3" m="21610" /><G65/><T15/><D63/><U9/><E64/><V42/><F42/><W43/><G121/><T38/><D55/><U70/><E70/><V5/><F5/><W22/><G43/><T71/><D71/><U46/><E46/><V7/><F7/><W102/><G102/><T87/><D38/><U117/><E75/><V32/><F32/><W129/><G129/><T93/><D93/><U109/><E94/><V54/><F78/><W123/><G123/><T53/><D53/><U35/><E77/><V16/><F73/><W105/><G105/><T133/><D133/><U62/><E35/><V25/><F97/><W29/><AGARI ba="0,0" hai="12,18,22,28,29,30,50,51" m="21610,59903" machi="29" ten="30,1100,0" yaku="8,1" doraHai="0" who="3" fromWho="3" sc="250,-5,250,-3,250,-3,250,11" /><INIT seed="1,0,0,2,1,35" ten="245,247,247,261" oya="1" hai0="67,89,18,6,79,74,117,53,77,131,24,124,60" hai1="97,126,55,115,1,5,44,31,47,96,17,29,83" hai2="64,92,114,2,51,73,94,65,4,21,14,68,38" hai3="3,15,80,13,40,103,108,42,11,75,125,99,8"/><U10/><E115/><V123/><F38/><W12/><G108/><T82/><D117/><U70/><E126/><V52/><F73/><W0/><G125/><T63/><D124/><U133/><E133/><V36/><F36/><W135/><G135/><T107/><D107/><U129/><E129/><V32/><F32/><W30/><G30/><T112/><D112/><U111/><E70/><V128/><F123/><W45/><G11/><T102/><D102/><U25/><E111/><V59/><F128/><W120/><G8/><T34/><D6/><U58/><E17/><V81/><F2/><W110/><G110/><T122/><D122/><U113/><E31/><V91/><F68/><W84/><G75/><T127/><D127/><U78/><E47/><V109/><F109/><W62/><G62/><T130/><D79/><U72/><E44/><V88/><F81/><W86/><G86/><T28/><D89/><N who="2" m="34378" /><F114/><W101/><G101/><T50/><D18/><U7/><E7/><V46/><F4/><W85/><G85/><T23/><D60/><U41/><E41/><V118/><F118/><W119/><G120/><T76/><D76/><U19/><E19/><N who="2" m="10487" /><F46/><W95/><G119/><T57/><REACH who="0" step="1"/><D34/><REACH who="0" ten="235,247,247,261" step="2"/><N who="1" m="20783" /><E113/><V90/><F90/><W87/><G42/><T69/><AGARI ba="0,1" hai="23,24,28,50,53,57,63,67,69,74,77,82,130,131" machi="69" ten="30,2000,0" yaku="1,1,0,1,53,0" doraHai="35" doraHaiUra="71" who="0" fromWho="0" sc="235,30,247,-10,247,-5,261,-5" /><INIT seed="2,0,0,3,1,52" ten="265,237,242,256" oya="2" hai0="53,98,116,49,25,95,22,59,69,65,8,86,55" hai1="45,105,76,26,37,131,5,88,124,68,108,120,29" hai2="91,103,118,13,14,62,50,17,51,115,46,85,94" hai3="79,47,10,6,12,130,93,102,3,72,81,119,134"/><V35/><F115/><W39/><G134/><T71/><D116/><U70/><E105/><V78/><F118/><W73/><G130/><T113/><D113/><U20/><E131/><V122/><F35/><W57/><G119/><T48/><D86/><U117/><E117/><V41/><F122/><W83/><G83/><T40/><D8/><U121/><E108/><V42/><F78/><W9/><G72/><T32/><D40/><N who="1" m="22671" /><E76/><V18/><F103/><W82/><G82/><T4/><D4/><U61/><E5/><V84/><F62/><W135/><G135/><T74/><D65/><U43/><E43/><V28/><F28/><W11/><G12/><T31/><D74/><U63/><E124/><V80/><F14/><W112/><G112/><T44/><REACH who="0" step="1"/><D32/><REACH who="0" ten="255,237,242,256" step="2"/><U97/><E121/><V107/><F42/><W127/><G127/><T96/><D96/><U16/><E97/><V23/><F85/><W38/><G38/><T126/><D126/><U100/><E120/><V132/><F132/><W106/><G39/><T0/><D0/><U104/><E70/><V15/><F80/><W110/><G6/><T109/><D109/><U75/><E68/><V7/><F7/><W125/><G3/><T56/><D56/><U27/><E75/><V1/><F1/><W128/><G125/><T114/><D114/><U36/><E36/><V64/><F64/><W89/><G110/><T90/><AGARI ba="0,1" hai="22,25,31,44,48,49,53,55,59,69,71,90,95,98" machi="90" ten="20,5200,0" yaku="1,1,0,1,7,1,52,1,53,0" doraHai="52" doraHaiUra="34" who="0" fromWho="0" sc="255,62,237,-13,242,-26,256,-13" /><INIT seed="3,0,0,1,4,61" ten="317,224,216,243" oya="3" hai0="4,76,86,56,52,82,78,84,34,22,114,109,49" hai1="107,87,24,111,101,85,70,71,7,118,69,13,32" hai2="106,97,15,96,68,102,3,47,31,112,93,0,124" hai3="77,46,125,45,14,6,60,99,135,43,64,40,89"/><W37/><G125/><T75/><D109/><U35/><E111/><V53/><F124/><W81/><G135/><T26/><D114/><U2/><E2/><V132/><F132/><W38/><G6/><T42/><D34/><U48/><E118/><V122/><F112/><W11/><G11/><T108/><D108/><U50/><E101/><V103/><F122/><W9/><G9/><T29/><D4/><U67/><E107/><V54/><F68/><W58/><G14/><T130/><D130/><U57/><E13/><V129/><F15/><W134/><G134/><T55/><D42/><U65/><E7/><V5/><F5/><W21/><G21/><T94/><D78/><U74/><E71/><V36/><F31/><W62/><G62/><T110/><D110/><U19/><E57/><V10/><F10/><W117/><G117/><T113/><D113/><U8/><E8/><V73/><F73/><W126/><G126/><T28/><D28/><U59/><E59/><V12/><F12/><W105/><G105/><T121/><D121/><U25/><E74/><V27/><F106/><W115/><G115/><T127/><D127/><U116/><E116/><V95/><F129/><W88/><G99/><T33/><D33/><U41/><E41/><V44/><REACH who="2" step="1"/><F27/><REACH who="2" ten="317,224,206,243" step="2"/><W123/><G123/><T1/><D75/><AGARI ba="0,1" hai="37,38,40,43,45,46,58,60,64,75,77,81,88,89" machi="75" ten="30,11600,0" yaku="7,1,9,1,52,1,54,1" doraHai="61" who="3" fromWho="0" sc="317,-116,224,0,206,0,243,126" /><INIT seed="3,1,0,3,4,1" ten="201,224,206,369" oya="3" hai0="110,90,84,80,121,30,50,52,2,72,23,10,115" hai1="69,66,94,120,21,111,85,130,32,114,39,131,108" hai2="56,107,128,135,37,88,9,25,113,77,16,12,132" hai3="127,93,18,44,47,97,42,78,29,8,65,103,87"/><W105/><G127/><T55/><D121/><U51/><E39/><V17/><F37/><W62/><G29/><T45/><D110/><N who="1" m="42027" /><E32/><V86/><F107/><W41/><G41/><T6/><D115/><U38/><E38/><V13/><F128/><N who="1" m="49193" /><E120/><V34/><F56/><W53/><G53/><T63/><D72/><U70/><E114/><V98/><F98/><W83/><G42/><T125/><D125/><U15/><E66/><V31/><F77/><W27/><G105/><T95/><D95/><U64/><E64/><V43/><F43/><W101/><G101/><T109/><D109/><U24/><E15/><V74/><F74/><W122/><G122/><T46/><D63/><U48/><E85/><V49/><F49/><N who="1" m="19017" /><E94/><V79/><F79/><W61/><G61/><T119/><D55/><U28/><AGARI ba="1,0" hai="21,24,28,69,70" m="19017,49193,42027" machi="28" ten="40,2700,0" yaku="14,1,19,1" doraHai="1" who="1" fromWho="1" sc="201,-8,224,30,206,-8,369,-14" /><INIT seed="4,0,0,0,3,28" ten="193,254,198,355" oya="0" hai0="86,66,22,89,54,114,34,85,97,39,131,90,124" hai1="35,23,43,59,79,15,120,9,68,135,98,32,112" hai2="27,55,91,123,111,3,102,75,87,109,121,70,49" hai3="69,41,116,19,16,50,63,107,18,47,46,33,11"/><T38/><D114/><U48/><E68/><V82/><F70/><W2/><G116/><T134/><D66/><U99/><E120/><V92/><F27/><W74/><G74/><T78/><D124/><U31/><E112/><V30/><F30/><W65/><G107/><T103/><D78/><U100/><E79/><N who="2" m="44415" /><F49/><W76/><G76/><T106/><D134/><U57/><E135/><V129/><F55/><W132/><G132/><T64/><D64/><U73/><E73/><V101/><F3/><W118/><G118/><T93/><D131/><U52/><E99/><V29/><F29/><W77/><G77/><T125/><D125/><U1/><E43/><V8/><F8/><W122/><G122/><N who="2" m="46601" /><F129/><W37/><G33/><T133/><D133/><U10/><E59/><V6/><F6/><W36/><REACH who="3" step="1"/><G46/><REACH who="3" ten="193,254,198,345" step="2"/><T56/><D34/><U58/><E35/><V94/><F111/><W130/><G130/><T117/><D117/><U96/><E32/><V14/><F109/><W110/><G110/><T115/><D115/><U0/><E0/><V113/><F113/><W21/><G21/><T108/><D22/><U51/><E1/><V5/><F14/><W127/><G127/><T40/><D108/><U53/><E15/><V80/><F5/><AGARI ba="0,1" hai="2,5,11,16,18,19,36,37,41,47,50,63,65,69" machi="5" ten="40,2600,0" yaku="1,1,54,1,53,0" doraHai="28" doraHaiUra="24" who="3" fromWho="2" sc="193,0,254,0,198,-26,345,36" /><INIT seed="5,0,0,5,1,83" ten="193,254,172,381" oya="1" hai0="17,13,40,106,12,24,132,128,25,88,54,41,47" hai1="48,32,91,23,119,38,75,6,51,86,37,61,59" hai2="117,27,49,66,126,43,11,127,76,30,45,122,4" hai3="55,28,14,22,63,33,53,124,26,8,94,100,109"/><U62/><E119/><V69/><F122/><W18/><G109/><T70/><D106/><U110/><E32/><V42/><F117/><W135/><G124/><T118/><D70/><U2/><E75/><V19/><F19/><W99/><G135/><T73/><D73/><U39/><E110/><V1/><F43/><W125/><G125/><T60/><D128/><U65/><E23/><V3/><F3/><W105/><G105/><T102/><D102/><U7/><E62/><V72/><F66/><W34/><G34/><T16/><D132/><U44/><E2/><V81/><REACH who="2" step="1"/><F69/><REACH who="2" ten="193,254,162,381" step="2"/><W9/><G55/><T95/><D17/><U123/><E123/><V87/><F87/><W35/><G53/><T131/><D118/><U31/><E31/><V58/><F58/><W130/><G130/><T80/><D131/><U82/><REACH who="1" step="1"/><E51/><REACH who="1" ten="193,244,162,381" step="2"/><V96/><F96/><W5/><G63/><T56/><D60/><U129/><E129/><V97/><F97/><W121/><G121/><T36/><D36/><U107/><E107/><V71/><F71/><W10/><G99/><T46/><D13/><U114/><E114/><V89/><F89/><W103/><G14/><T84/><D12/><U112/><E112/><V134/><F134/><W15/><G15/><T113/><D113/><U57/><E57/><V115/><F115/><W68/><G68/><T116/><D56/><U21/><E21/><AGARI ba="0,2" hai="1,4,11,21,27,30,42,45,49,72,76,81,126,127" machi="21" ten="40,1300,0" yaku="1,1,53,0" doraHai="83" doraHaiUra="98" who="2" fromWho="1" sc="193,0,244,-13,162,33,381,0" /><INIT seed="6,0,0,5,0,132" ten="193,231,195,381" oya="2" hai0="74,34,65,71,134,24,85,12,61,131,69,96,112" hai1="46,76,90,21,33,113,102,101,108,121,118,93,39" hai2="84,19,126,122,41,9,109,75,16,1,72,38,14" hai3="53,48,25,18,83,77,50,128,31,22,123,28,111"/><V81/><F122/><W32/><G128/><T17/><D134/><U58/><E108/><V56/><F109/><W117/><G123/><T67/><D74/><U23/><E33/><V70/><F70/><W124/><G124/><T87/><D131/><U54/><E118/><V6/><F126/><W29/><G117/><T116/><D116/><U86/><E113/><V20/><F56/><W15/><G50/><T35/><D112/><U91/><E76/><V45/><REACH who="2" step="1"/><F19/><REACH who="2" ten="193,231,185,381" step="2"/><W3/><G111/><T7/><D71/><U105/><E58/><V52/><F52/><W27/><G18/><T60/><D67/><U10/><E54/><V104/><F104/><W37/><G53/><T57/><D17/><U51/><E105/><V92/><F92/><W98/><G83/><T44/><D65/><U13/><E93/><V127/><F127/><W130/><G130/><T2/><D69/><U80/><E80/><V89/><AGARI ba="0,1" hai="1,6,9,14,16,20,38,41,45,72,75,81,84,89" machi="89" ten="20,7800,0" yaku="1,1,0,1,7,1,54,1,53,0" doraHai="132" doraHaiUra="95" who="2" fromWho="2" sc="193,-26,231,-26,185,88,381,-26" /><INIT seed="6,1,0,2,0,52" ten="167,205,273,355" oya="2" hai0="12,19,7,108,1,115,70,129,94,4,37,35,9" hai1="91,105,33,75,74,6,121,15,48,39,80,118,128" hai2="11,69,21,13,59,134,78,126,61,27,30,117,87" hai3="58,125,38,83,106,45,50,86,135,40,95,31,18"/><V56/><F126/><W51/><G106/><T64/><D37/><U73/><E39/><V131/><F117/><W63/><G135/><T100/><D108/><U123/><E33/><V90/><F134/><W54/><G31/><T111/><D111/><U116/><E48/><V89/><F69/><W112/><G112/><T119/><D119/><N who="1" m="45611" /><E15/><V42/><F42/><W99/><G18/><T25/><D115/><U82/><E6/><V17/><F131/><W16/><G125/><T132/><D132/><U114/><E114/><V2/><F2/><W24/><G86/><T97/><D129/><U68/><E68/><V122/><F122/><N who="1" m="46601" /><E128/><V3/><F3/><W62/><G83/><N who="1" m="31786" /><E91/><N who="2" m="34827" /><F61/><N who="3" m="36055" /><G38/><T88/><D1/><U65/><E65/><V71/><F71/><W66/><G51/><T8/><D64/><U103/><E103/><V26/><F26/><W28/><G66/><T22/><D70/><U104/><AGARI ba="1,0" hai="73,74,75,104,105" m="31786,46601,45611" machi="104" ten="50,8000,1" yaku="28,2,13,1,34,2" doraHai="52" who="1" fromWho="1" sc="167,-21,205,83,273,-41,355,-21" /><INIT seed="7,0,0,2,2,69" ten="146,288,232,334" oya="3" hai0="106,110,38,118,78,28,62,127,39,91,35,70,23" hai1="16,33,60,73,100,80,55,121,12,5,85,2,48" hai2="90,63,46,99,4,40,107,10,88,104,3,26,1" hai3="64,6,41,15,31,42,83,134,24,36,56,17,95"/><W92/><G134/><T96/><D118/><U7/><E121/><V18/><F1/><W29/><G6/><T77/><D110/><U45/><E33/><V122/><F122/><W119/><G36/><T124/><D23/><U65/><E73/><V108/><F108/><W98/><G95/><T57/><D91/><U30/><E100/><V11/><F63/><N who="3" m="37991" /><G83/><T50/><D50/><U132/><E30/><N who="3" m="11274" /><G24/><N who="0" m="18823" /><D77/><U133/><E2/><V103/><F104/><W72/><G72/><T75/><D57/><N who="1" m="37007" /><E132/><V0/><F26/><W115/><G115/><T102/><D78/><N who="1" m="46231" /><E133/><V97/><F97/><W84/><G84/><T14/><D14/><U129/><E129/><V105/><F105/><W20/><G119/><T68/><D75/><U116/><E116/><V25/><F25/><W114/><G114/><T93/><D93/><U44/><E44/><V135/><F135/><W51/><G51/><T71/><D62/><U111/><E111/><V61/><F61/><W125/><G125/><AGARI ba="0,0" hai="38,39,68,70,71,96,102,106,124,125,127" m="18823" machi="125" ten="40,8000,1" yaku="18,1,23,1,52,2" doraHai="69" who="0" fromWho="3" sc="146,80,288,0,232,0,334,-80" /><INIT seed="8,0,0,5,4,15" ten="226,288,232,254" oya="0" hai0="112,17,20,22,63,46,35,107,131,94,109,28,7" hai1="74,25,81,57,6,110,132,47,23,126,32,84,76" hai2="4,53,41,79,134,129,77,62,31,71,38,108,95" hai3="117,100,66,92,130,86,14,73,69,24,30,9,67"/><T43/><D112/><U5/><E110/><V40/><F108/><W58/><G73/><T111/><D107/><U80/><E32/><V56/><F129/><W102/><G69/><T52/><D35/><U120/><E120/><V26/><F134/><W27/><G130/><T11/><D131/><U39/><E126/><V97/><F4/><W82/><G117/><T123/><D123/><U93/><E93/><V64/><F77/><W96/><G102/><T59/><D22/><U89/><E132/><V8/><F8/><W90/><G58/><T85/><D28/><U133/><E133/><V36/><F79/><W3/><G3/><T88/><D11/><U127/><E127/><V2/><F2/><W114/><G114/><T45/><D45/><U18/><REACH who="1" step="1"/><E57/><REACH who="1" ten="226,278,232,254" step="2"/><V101/><F71/><W104/><G92/><T33/><D33/><U106/><E106/><V83/><F95/><W55/><G104/><T10/><D111/><U122/><E122/><V51/><F56/><W118/><G118/><T99/><D109/><U98/><E98/><V0/><F97/><W37/><G96/><T87/><D46/><U91/><E91/><V21/><F101/><W50/><G100/><T16/><D43/><AGARI ba="0,1" hai="5,6,18,23,25,39,43,47,74,76,80,81,84,89" machi="43" ten="40,5200,0" yaku="1,1,52,1,53,1" doraHai="15" doraHaiUra="105" who="1" fromWho="0" sc="226,-52,278,62,232,0,254,0" owari="174,-33.0,340,45.0,232,-17.0,254,5.0" /></mjloggm>