<mjloggm ver="2.3"><GO type="169" lobby="0"/><UN n0="%E3%82%84%E3%81%AE%E3%81%A1" n1="%E3%82%B3%E3%81%98%E3%81%95%E3%82%93%EF%BC%9F" n2="%62%75%72%65%61%36" n3="%7A%65%52%6F" dan="17,18,17,17" rate="2153.30,2239.52,2136.98,2203.04" sx="M,M,M,M"/><TAIKYOKU oya="0"/><INIT seed="0,0,0,1,5,6" ten="250,250,250,250" oya="0" hai0="108,59,69,120,7,99,133,105,0,115,95,53,83" hai1="67,101,24,19,43,114,130,42,25,123,135,21,132" hai2="38,49,104,80,41,87,63,78,82,14,128,112,47" hai3="44,116,122,39,8,68,117,113,72,46,74,60,45"/><T37/><D120/><U58/><E123/><V110/><F112/><W1/><G113/><T50/><D115/><U48/><E114/><V20/><F104/><W97/><G122/><T131/><D69/><U91/><E130/><V90/><F128/><W96/><G39/><T134/><D131/><U124/><E124/><V32/><F32/><W75/><G60/><T27/><D105/><U54/><E101/><V86/><F110/><W56/><G56/><T77/><D37/><U102/><E102/><V61/><F38/><W70/><G8/><N who="0" m="2151" /><D27/><U121/><E121/><V40/><F40/><W55/><G55/><T126/><D126/><U85/><E67/><V89/><F78/><W93/><G1/><T62/><D62/><U9/><E25/><V81/><F81/><W33/><G33/><T66/><D66/><U29/><E29/><V18/><AGARI ba="0,0" hai="14,18,20,41,47,49,61,63,80,82,86,87,89,90" machi="18" ten="30,4000,0" yaku="0,1,9,1,8,1" doraHai="6" who="2" fromWho="2" sc="250,-20,250,-10,250,40,250,-10" /><INIT seed="1,0,0,0,5,72" ten="230,240,290,240" oya="1" hai0="127,135,18,50,122,6,32,91,108,66,88,24,117" hai1="52,99,38,131,42,5,103,120,56,75,124,101,128" hai2="110,28,54,31,97,53,112,15,60,94,74,41,71" hai3="2,100,86,61,118,134,87,58,45,11,27,65,12"/><U39/><E120/><V19/><F110/><W7/><G134/><T77/><D117/><U22/><E124/><V47/><F74/><W20/><G118/><T21/><D108/><U63/><E5/><V114/><F71/><W92/><G2/><T13/><D135/><U0/><E0/><V35/><F35/><W133/><G45/><T33/><D127/><U119/><E119/><V90/><F114/><W68/><G68/><T26/><D66/><U55/><E75/><V70/><F70/><W111/><G133/><T93/><D91/><U51/><E22/><V16/><F19/><W129/><G129/><N who="1" m="49738" /><E42/><V102/><F102/><N who="1" m="38921" /><E99/><V83/><F112/><W76/><G111/><T30/><D122/><U23/><E23/><V79/><F31/><W82/><G100/><T73/><D6/><U126/><E126/><V36/><F28/><W130/><G130/><T57/><D33/><U104/><E104/><V1/><F1/><W37/><G37/><T125/><D125/><U105/><E105/><V40/><F40/><W95/><REACH who="3" step="1"/><G87/><REACH who="3" ten="230,240,290,230" step="2"/><N who="0" m="52383" /><D73/><U96/><E96/><V46/><F36/><W123/><G123/><T89/><D32/><U17/><E17/><AGARI ba="0,1" hai="7,11,12,17,20,27,58,61,65,76,82,86,92,95" machi="17" ten="30,7700,0" yaku="1,1,7,1,8,1,52,1,53,0" doraHai="72" doraHaiUra="116" who="3" fromWho="1" sc="230,0,240,-77,290,0,230,87" /><INIT seed="2,0,0,5,1,106" ten="230,163,290,317" oya="2" hai0="21,47,99,128,10,89,94,35,19,95,72,133,98" hai1="62,87,85,39,90,132,29,124,15,122,64,81,109" hai2="117,134,46,54,111,8,0,130,58,24,9,96,59" hai3="17,28,103,125,12,75,4,97,50,78,44,32,119"/><V27/><F117/><W118/><G125/><T49/><D35/><U56/><E109/><V14/><F111/><W65/><G65/><T126/><D126/><U102/><E124/><V22/><F130/><W38/><G38/><T129/><D133/><U113/><E132/><V76/><F134/><W107/><G4/><T3/><D3/><U91/><E122/><V42/><F76/><W70/><G70/><T115/><D10/><U112/><E39/><V105/><F0/><W121/><G121/><T48/><D115/><U34/><E102/><V104/><F96/><W88/><G28/><T11/><D11/><U20/><E34/><V73/><F54/><W84/><G32/><T60/><D60/><U101/><E101/><V92/><F92/><W5/><G5/><T69/><D69/><U80/><REACH who="1" step="1"/><E15/><REACH who="1" ten="230,153,290,317" step="2"/><V120/><F14/><W52/><G118/><T1/><D1/><U43/><E43/><V45/><F42/><W108/><G119/><T31/><D129/><U2/><E2/><V53/><F120/><W82/><G108/><T36/><D36/><U67/><E67/><V114/><F53/><W93/><G12/><T41/><D128/><U127/><E127/><V116/><F116/><W7/><G7/><T51/><D41/><U100/><E100/><V13/><F13/><W110/><G110/><T18/><D47/><U86/><E86/><V71/><F46/><W37/><G37/><T66/><D66/><U6/><E6/><V33/><F45/><W63/><G63/><T131/><D131/><U16/><E16/><AGARI ba="0,1" hai="16,17,44,50,52,75,78,82,84,88,93,97,103,107" machi="16" ten="40,12000,2" yaku="24,2,52,1,54,3" doraHai="106" who="3" fromWho="1" sc="230,0,153,-120,290,0,317,130" /><INIT seed="3,0,0,4,1,15" ten="230,33,290,447" oya="3" hai0="30,93,28,63,75,78,96,123,77,60,95,85,36" hai1="1,35,5,34,131,124,70,56,126,116,72,44,128" hai2="130,59,115,29,71,54,19,45,111,109,4,133,69" hai3="55,58,0,31,86,26,81,120,41,113,10,88,125"/><W16/><G120/><T46/><D123/><U25/><E72/><V6/><F115/><W118/><G118/><T114/><D75/><U100/><E70/><N who="2" m="26635" /><F29/><W98/><G113/><T50/><D36/><U92/><E116/><V67/><F19/><W127/><G41/><T102/><D114/><U52/><E44/><V49/><F6/><W23/><G98/><N who="0" m="59727" /><D28/><U9/><E100/><V87/><F87/><W21/><G10/><T39/><D39/><U47/><E47/><V94/><F94/><W43/><G43/><N who="0" m="24927" /><D30/><U18/><E92/><V68/><F4/><W129/><G129/><N who="1" m="49738" /><E25/><V103/><N who="2" m="26643" /><V2/><DORA hai="64" /><F103/><W66/><G66/><T108/><D85/><U27/><E27/><V74/><F74/><W17/><G0/><T14/><D108/><N who="2" m="41546" /><F2/><W22/><G125/><N who="1" m="48234" /><E18/><N who="3" m="7274" /><G127/><T117/><D117/><U90/><E90/><V11/><F11/><W105/><G105/><T3/><D3/><U65/><E65/><V134/><F130/><W20/><G22/><T99/><D99/><U73/><E73/><V101/><F101/><W32/><G32/><T7/><D96/><U106/><E106/><V104/><F104/><W122/><G122/><T13/><D7/><U57/><E35/><V83/><F83/><W37/><G37/><T121/><D121/><U80/><E34/><V62/><AGARI ba="0,0" hai="45,49,54,59,62,67,133,134" m="41546,26643" machi="62" ten="50,12000,2" yaku="14,1,34,2,52,4" doraHai="15,64" who="2" fromWho="2" sc="230,-30,33,-30,290,120,447,-60" /><INIT seed="4,0,0,4,3,34" ten="200,3,410,387" oya="0" hai0="7,51,38,42,98,17,108,61,122,76,113,81,96" hai1="131,87,3,9,63,25,103,32,47,12,126,39,59" hai2="65,101,132,37,133,52,91,60,67,23,78,66,118" hai3="43,41,84,89,127,40,30,6,134,111,75,0,24"/><T80/><D108/><U90/><E103/><V21/><F37/><W71/><G111/><T13/><D113/><U57/><E126/><V85/><F118/><W95/><G127/><T135/><D122/><U26/><E131/><V112/><F112/><W5/><G134/><N who="2" m="51817" /><F78/><W70/><G75/><T68/><D81/><U79/><E32/><V55/><F101/><W121/><G121/><T102/><D102/><U62/><E3/><V48/><F60/><W115/><G115/><T114/><D114/><U93/><E39/><V92/><F55/><W22/><REACH who="3" step="1"/><G6/><REACH who="3" ten="200,3,410,377" step="2"/><T104/><D7/><N who="1" m="3135" /><E79/><V74/><F74/><W129/><G129/><T27/><D76/><U88/><E47/><AGARI ba="0,1" hai="21,23,47,48,52,65,66,67,85,91,92" m="51817" machi="47" ten="30,2000,0" yaku="20,1,54,1" doraHai="34" who="2" fromWho="1" sc="200,0,3,-20,410,30,377,0" owari="200,-20.0,-17,-52.0,440,54.0,377,18.0" /></mjloggm>