<mjloggm ver="2.3"><GO type="169" lobby="0"/><UN n0="%62%75%72%65%61%36" n1="%E3%81%B5%E3%81%98%E3%81%8B%E3%81%A4" n2="%41%53%41%4B%41%57%41" n3="%E8%A5%BF%E9%83%B7" dan="17,17,16,16" rate="2151.16,2159.11,2150.69,2090.09" sx="M,M,M,M"/><TAIKYOKU oya="0"/><INIT seed="0,0,0,3,4,28" ten="250,250,250,250" oya="0" hai0="69,118,129,106,61,18,34,4,127,120,41,91,14" hai1="57,52,73,5,130,68,53,35,2,39,33,83,107" hai2="95,113,11,102,19,30,1,21,48,75,126,56,80" hai3="63,85,15,76,90,40,98,17,131,105,3,97,128"/><T8/><D120/><U59/><E107/><V66/><F113/><W94/><G3/><T109/><D118/><U0/><E68/><V116/><F126/><W42/><G63/><T16/><D127/><U117/><E130/><V50/><F1/><W12/><G12/><T37/><D129/><N who="3" m="49737" /><G76/><T134/><D106/><U62/><E117/><V110/><F11/><N who="3" m="6399" /><G98/><T25/><D37/><U121/><E121/><V26/><F26/><W24/><G24/><T47/><D69/><U132/><E132/><V64/><F116/><W86/><G86/><T70/><D70/><U9/><E39/><V108/><F75/><W96/><G96/><T23/><D61/><U81/><E0/><V55/><F110/><W112/><G112/><T45/><D134/><U31/><E31/><V122/><F30/><W6/><G6/><T92/><D109/><U32/><REACH who="1" step="1"/><E73/><REACH who="1" ten="250,240,250,250" step="2"/><V49/><F108/><W74/><G74/><T93/><D93/><U7/><E7/><V100/><F95/><W44/><G105/><T111/><D111/><U87/><E87/><V119/><F119/><W13/><G85/><N who="0" m="52335" /><D4/><U10/><E10/><V123/><F122/><W46/><G94/><T115/><D115/><U125/><E125/><V133/><F123/><W124/><G124/><T20/><D8/><U135/><E135/><V77/><F133/><W54/><G97/><T82/><D82/><U29/><E29/><V99/><F99/><W72/><G72/><T71/><D71/><U67/><E67/><N who="2" m="25643" /><F80/><W22/><G22/><T27/><D41/><U36/><E36/><V114/><F114/><W88/><G40/><RYUUKYOKU ba="0,1" sc="250,15,240,15,250,-15,250,-15" hai0="14,16,18,20,23,25,27,34,45,47" hai1="2,5,9,32,33,35,52,53,57,59,62,81,83" /><INIT seed="0,1,1,5,3,135" ten="265,255,235,235" oya="0" hai0="110,41,0,13,68,87,121,3,47,105,98,91,51" hai1="4,69,84,26,32,10,134,86,20,5,76,108,90" hai2="29,46,63,116,52,93,75,119,54,60,77,115,7" hai3="112,118,23,49,12,80,24,56,44,114,111,79,92"/><T39/><D121/><U31/><E134/><V9/><F115/><W97/><G111/><T131/><D131/><U45/><E69/><V21/><F75/><W2/><G56/><T129/><D129/><U104/><E104/><V17/><F77/><W132/><G12/><T117/><D117/><N who="2" m="45130" /><F93/><W133/><G2/><T18/><D68/><U124/><E108/><V120/><F29/><W106/><G106/><T72/><D72/><U43/><E4/><V130/><F130/><W81/><G118/><T35/><D35/><U101/><E101/><V40/><F120/><W38/><G38/><T109/><D39/><U88/><E32/><V65/><F17/><W113/><G23/><T1/><D98/><U15/><E124/><V25/><F25/><W6/><G24/><T14/><D14/><U123/><E123/><V107/><F21/><W83/><G6/><T122/><D105/><U48/><E86/><V125/><F125/><W67/><G67/><T70/><D70/><U57/><E57/><N who="2" m="37007" /><F63/><W127/><G127/><T22/><REACH who="0" step="1"/><D122/><REACH who="0" ten="255,255,235,235" step="2"/><U62/><REACH who="1" step="1"/><E62/><REACH who="1" ten="255,245,235,235" step="2"/><V59/><F107/><W78/><G133/><T55/><D55/><U50/><E50/><N who="2" m="26951" /><F59/><W128/><G128/><T34/><D34/><U74/><E74/><V37/><F37/><W102/><REACH who="3" step="1"/><G132/><REACH who="3" ten="255,245,235,225" step="2"/><T66/><D66/><U19/><E19/><V73/><F73/><W27/><G27/><T103/><D103/><U53/><E53/><AGARI ba="1,4" hai="44,49,53,78,79,80,81,83,92,97,102,112,113,114" machi="53" ten="50,3200,0" yaku="1,1,53,1" doraHai="135" doraHaiUra="94" who="3" fromWho="1" sc="255,0,245,-35,235,0,225,75" /><INIT seed="1,0,0,1,2,51" ten="255,210,235,300" oya="1" hai0="13,80,84,125,113,112,92,30,49,12,40,64,109" hai1="86,71,104,132,47,32,117,129,135,20,94,106,133" hai2="111,28,8,85,83,27,69,134,57,101,124,108,59" hai3="88,63,43,131,74,33,122,127,75,79,73,6,11"/><U77/><E32/><V102/><F69/><W120/><G33/><T45/><D109/><N who="2" m="42058" /><F8/><W39/><G79/><T66/><D125/><U16/><E71/><V9/><F9/><W46/><G131/><T48/><D30/><U68/><E68/><V24/><F134/><W89/><G127/><T53/><D112/><U99/><E117/><V95/><F95/><W26/><G26/><N who="2" m="9769" /><F28/><W97/><G63/><T121/><D92/><U38/><E129/><V7/><F7/><W0/><REACH who="3" step="1"/><G97/><REACH who="3" ten="255,210,235,290" step="2"/><T78/><D113/><U110/><E110/><V21/><F124/><W15/><G15/><N who="0" m="5707" /><D121/><AGARI ba="0,1" hai="0,6,11,39,43,46,73,74,75,88,89,120,121,122" machi="121" ten="50,3200,0" yaku="1,1,54,1,53,0" doraHai="51" doraHaiUra="61" who="3" fromWho="0" sc="255,-32,210,0,235,0,290,42" /><INIT seed="2,0,0,3,5,30" ten="223,210,235,332" oya="2" hai0="61,76,117,4,94,114,128,43,74,34,70,133,59" hai1="101,106,88,24,78,33,45,110,62,84,8,17,12" hai2="73,25,89,52,49,27,57,79,116,63,122,111,134" hai3="119,69,35,91,81,40,55,31,54,21,13,92,83"/><V82/><F116/><W131/><G131/><T29/><D114/><U121/><E121/><V102/><F122/><W80/><G69/><T18/><D70/><U112/><E112/><V65/><F134/><W60/><G119/><T51/><D117/><U118/><E118/><V115/><F115/><W86/><G40/><T127/><D128/><U20/><E110/><V58/><F102/><W103/><G35/><T90/><D4/><U36/><E78/><V2/><F2/><W41/><G41/><T132/><D127/><U98/><E62/><V32/><F111/><W6/><G60/><T107/><D107/><U113/><E113/><V53/><F32/><W129/><G129/><T44/><D18/><U130/><E130/><V19/><F19/><W75/><G75/><T38/><D38/><U22/><E36/><V67/><REACH who="2" step="1"/><F89/><REACH who="2" ten="223,210,225,332" step="2"/><W105/><G103/><T68/><D133/><U96/><E101/><V126/><F126/><W56/><G91/><T97/><D132/><U125/><E125/><V5/><F5/><W0/><G0/><T42/><D34/><U71/><E33/><V48/><F48/><W1/><G1/><T77/><D29/><U64/><E106/><V39/><F39/><W11/><G31/><T46/><D51/><U47/><E17/><V37/><F37/><W72/><G105/><T124/><D124/><U3/><E88/><V9/><F9/><W28/><G28/><T66/><D90/><U135/><E8/><V123/><F123/><W50/><G6/><T93/><D74/><U15/><E3/><V85/><F85/><W120/><G86/><RYUUKYOKU ba="0,1" sc="223,-10,210,-10,225,30,332,-10" hai2="25,27,49,52,53,57,58,63,65,67,73,79,82" /><INIT seed="2,1,1,2,1,96" ten="213,200,255,322" oya="2" hai0="66,63,115,105,69,9,31,135,40,77,94,57,10" hai1="29,12,91,30,111,4,132,71,51,65,25,120,27" hai2="118,119,17,70,122,80,36,62,43,52,13,95,45" hai3="100,102,8,0,130,26,134,85,32,128,113,39,76"/><V20/><F122/><W86/><G39/><T106/><D115/><U101/><E120/><V98/><F80/><W123/><G123/><T74/><D135/><U61/><E111/><V22/><F20/><W60/><G134/><T133/><D133/><U90/><E132/><V109/><F109/><W59/><G0/><T11/><D31/><U78/><E78/><V48/><F70/><W35/><G8/><T56/><D40/><U107/><E51/><V126/><F62/><W6/><G6/><T125/><D125/><U131/><E131/><N who="3" m="50218" /><G113/><T121/><D121/><U28/><E4/><V88/><F126/><W58/><G26/><T64/><D94/><U112/><E12/><V73/><REACH who="2" step="1"/><F73/><REACH who="2" ten="213,200,245,322" step="2"/><W18/><G32/><T34/><D34/><N who="1" m="20751" /><E112/><V55/><F55/><W14/><G35/><T38/><D69/><U50/><E71/><V83/><F83/><W24/><G60/><T19/><D63/><U46/><E61/><V21/><F21/><W15/><G24/><T97/><D74/><U81/><E81/><V67/><F67/><W54/><G54/><T68/><D68/><U44/><E65/><V37/><F37/><W92/><G92/><T23/><D38/><U124/><E27/><V79/><F79/><W49/><G76/><T127/><D77/><U53/><E124/><V129/><F129/><W93/><G93/><T75/><D127/><U2/><E30/><V3/><F3/><W33/><G33/><T84/><D75/><U5/><E29/><V72/><F72/><W41/><G49/><T104/><D23/><U1/><E1/><V108/><F108/><RYUUKYOKU ba="1,2" sc="213,-10,200,-10,245,30,322,-10" hai2="13,17,22,36,43,45,48,52,88,95,98,118,119" /><INIT seed="2,2,2,4,5,50" ten="203,190,275,312" oya="2" hai0="82,131,112,132,6,53,5,114,44,77,26,102,19" hai1="104,43,1,109,57,97,105,0,106,124,125,134,123" hai2="35,115,32,93,88,103,85,75,122,113,4,45,81" hai3="135,41,58,73,31,62,74,25,108,67,14,61,38"/><V37/><F122/><W40/><G108/><T10/><D131/><U91/><E109/><V52/><F4/><W23/><G135/><T111/><D111/><U96/><E43/><V15/><F15/><W42/><G38/><T83/><D132/><U8/><E134/><V79/><F37/><W60/><G74/><T36/><D102/><U13/><E123/><V118/><F118/><W28/><G73/><T33/><D83/><U30/><E30/><V47/><F103/><W2/><G2/><N who="1" m="1130" /><E57/><V126/><F126/><N who="1" m="48745" /><E91/><V20/><F20/><W116/><G116/><T94/><D36/><U130/><E130/><V11/><F11/><W86/><G86/><T29/><D10/><U119/><E119/><V100/><F100/><W22/><G14/><T21/><D114/><U101/><E101/><V39/><F39/><W12/><G12/><T78/><D112/><U90/><E90/><V24/><F35/><W76/><G76/><T51/><D78/><U17/><AGARI ba="2,2" hai="8,13,17,96,97,104,105,106" m="48745,1130" machi="17" ten="40,1500,0" yaku="18,1" doraHai="50" who="1" fromWho="1" sc="203,-6,190,41,275,-9,312,-6" /><INIT seed="3,0,0,5,3,99" ten="197,231,266,306" oya="3" hai0="65,22,82,129,96,74,76,49,44,36,20,70,119" hai1="53,113,132,95,108,78,19,57,15,14,72,114,118" hai2="6,134,58,24,5,17,100,94,77,124,106,26,102" hai3="10,59,0,40,50,121,23,42,73,110,35,117,89"/><W64/><G35/><T97/><D129/><U29/><E108/><V43/><F106/><W48/><G117/><T25/><D119/><U11/><E132/><V46/><F134/><W52/><G73/><T90/><D36/><U71/><E118/><V13/><F94/><W92/><G121/><T55/><D70/><U131/><E71/><V31/><F77/><W135/><G135/><T127/><D127/><U45/><E131/><V105/><F105/><W63/><G110/><T51/><D65/><U28/><E45/><V85/><F85/><W56/><G0/><T125/><D125/><U86/><E72/><V83/><F58/><W111/><G111/><T18/><D90/><U47/><E47/><V7/><F83/><W123/><G123/><T122/><D122/><U120/><E120/><V88/><F88/><W60/><G10/><T61/><D61/><U84/><E84/><V62/><F62/><W12/><G50/><T69/><D69/><U116/><E116/><V67/><F67/><W79/><G79/><T9/><D9/><U93/><E93/><V101/><F124/><W104/><G63/><T2/><D2/><U112/><E15/><V33/><F26/><W81/><G81/><T8/><D51/><N who="1" m="30911" /><E78/><V107/><F107/><W126/><G104/><T27/><D8/><U66/><E66/><V128/><F128/><W91/><G126/><T3/><D3/><U37/><E37/><N who="2" m="21871" /><F13/><W54/><G64/><T133/><D133/><U32/><E32/><V80/><F80/><W34/><G34/><T1/><D1/><U30/><E114/><V39/><F39/><RYUUKYOKU ba="0,0" sc="197,10,231,10,266,10,306,-30" hai0="18,20,22,25,27,44,49,55,74,76,82,96,97" hai1="11,14,19,28,29,30,86,95,112,113" hai2="5,6,7,17,24,31,33,100,101,102" /><INIT seed="4,1,0,2,3,108" ten="207,241,276,276" oya="0" hai0="49,109,30,84,73,60,4,10,92,8,9,14,72" hai1="27,46,118,74,20,54,111,65,7,18,110,127,62" hai2="106,26,51,128,17,113,47,130,37,94,23,6,19" hai3="102,42,80,107,67,116,48,115,53,39,0,79,90"/><T45/><D109/><U38/><E118/><V135/><F106/><W33/><G33/><T24/><D72/><U124/><E74/><V41/><F135/><W100/><G0/><T85/><D73/><U69/><E7/><V28/><F6/><W2/><G2/><T133/><D133/><U122/><E122/><V134/><F134/><W119/><G90/><T35/><D60/><U98/><E98/><V50/><F113/><W68/><G42/><T55/><REACH who="0" step="1"/><D84/><REACH who="0" ten="197,241,276,276" step="2"/><U76/><E111/><V70/><F128/><W63/><G63/><T81/><D81/><U105/><E110/><V96/><F130/><W114/><G116/><T86/><D86/><U125/><E62/><V52/><F70/><W103/><G119/><T21/><D21/><U78/><E69/><V13/><F37/><W95/><G39/><T56/><D56/><U93/><E38/><V43/><F51/><W112/><G68/><T11/><D11/><U57/><E57/><V123/><F123/><W25/><G80/><T29/><D29/><U44/><E44/><V83/><F83/><W1/><G115/><T22/><D22/><U59/><E46/><V16/><REACH who="2" step="1"/><F13/><REACH who="2" ten="197,241,266,276" step="2"/><W117/><G117/><T126/><D126/><U101/><E127/><V104/><F104/><W132/><G107/><T3/><D3/><U75/><E105/><V91/><AGARI ba="1,2" hai="16,17,19,23,26,28,41,43,47,50,52,91,94,96" machi="91" ten="30,12000,2" yaku="1,1,0,1,8,1,54,2,53,1" doraHai="108" doraHaiUra="89" who="2" fromWho="2" sc="197,-61,241,-31,266,143,276,-31" /><INIT seed="5,0,0,3,3,58" ten="136,210,409,245" oya="1" hai0="115,77,4,9,26,8,45,79,78,59,133,112,88" hai1="86,22,44,48,81,125,113,40,21,100,62,34,5" hai2="97,76,70,64,49,87,42,61,84,12,71,72,2" hai3="30,35,32,25,17,46,13,39,37,127,107,122,73"/><U52/><E34/><V29/><F2/><W95/><G107/><T96/><D133/><U123/><E123/><V102/><F71/><W66/><G122/><T118/><D118/><U89/><E125/><V54/><F42/><W7/><G127/><T103/><D45/><U92/><E113/><N who="0" m="43593" /><D26/><U11/><E100/><V31/><F72/><W121/><G121/><T99/><D4/><U130/><E130/><V129/><F12/><W6/><G35/><T23/><D23/><U75/><E75/><V50/><F50/><W16/><G17/><T98/><D103/><U67/><E40/><V104/><F129/><W15/><G15/><T74/><D59/><U43/><E43/><V114/><F114/><W36/><G73/><T68/><D68/><U82/><E22/><V38/><F38/><W124/><G124/><T55/><D55/><U116/><E21/><V126/><F126/><W27/><G27/><T14/><D14/><N who="1" m="5487" /><E116/><V111/><F84/><W90/><G46/><T108/><D74/><U57/><AGARI ba="0,0" hai="44,48,52,57,62,67,81,82,86,89,92" m="5487" machi="57" ten="30,6000,0" yaku="8,1,52,1,54,1" doraHai="58" who="1" fromWho="1" sc="136,-20,210,60,409,-20,245,-20" /><INIT seed="5,1,0,2,4,85" ten="116,270,389,225" oya="1" hai0="40,128,98,131,49,95,106,62,80,133,44,57,27" hai1="87,29,68,118,2,32,47,54,103,28,102,123,109" hai2="65,116,38,35,78,83,56,89,135,25,19,36,69" hai3="77,91,55,107,13,84,120,99,92,125,113,104,52"/><U48/><E118/><V93/><F116/><W90/><G113/><T0/><D133/><U59/><E123/><V9/><F69/><W14/><G125/><T114/><D114/><U122/><E68/><V110/><F110/><W117/><G120/><T76/><D106/><U21/><E2/><V97/><F135/><W1/><G1/><T108/><D108/><U73/><E122/><V12/><F35/><W81/><G117/><T8/><D0/><U22/><E73/><V126/><F25/><W132/><G107/><T105/><D105/><U94/><E109/><V30/><F30/><N who="1" m="11881" /><E32/><V127/><F65/><W26/><G26/><T61/><D27/><U6/><E6/><V23/><F56/><W86/><G132/><T63/><D8/><U33/><E33/><V16/><F19/><W5/><G104/><T79/><D57/><U115/><E115/><V72/><REACH who="2" step="1"/><F9/><REACH who="2" ten="116,270,379,225" step="2"/><N who="3" m="4271" /><G14/><T75/><REACH who="0" step="1"/><D79/><REACH who="0" ten="106,270,379,225" step="2"/><U71/><E71/><V10/><F10/><W37/><G37/><AGARI ba="1,2" hai="12,16,23,36,37,38,72,78,83,89,93,97,126,127" machi="37" ten="40,5200,0" yaku="1,1,52,1,54,1,53,0" doraHai="85" doraHaiUra="58" who="2" fromWho="3" sc="106,0,270,0,379,75,225,-55" /><INIT seed="6,0,0,2,2,90" ten="106,270,454,170" oya="2" hai0="46,8,59,119,121,11,20,89,77,5,16,63,108" hai1="78,81,48,87,98,57,60,132,64,65,124,26,66" hai2="6,51,28,76,80,110,7,120,19,75,99,56,102" hai3="27,97,3,0,40,18,134,33,103,117,116,109,101"/><V42/><F120/><W14/><G109/><T133/><D108/><U36/><E36/><V69/><F69/><W72/><G72/><T112/><D121/><U53/><E132/><V113/><F28/><W105/><G103/><T24/><D133/><U39/><E124/><V86/><F75/><W1/><G134/><T122/><D122/><U130/><E130/><V83/><F83/><W54/><G40/><T79/><D112/><U128/><E128/><V118/><F118/><W73/><G73/><T29/><D119/><U2/><E2/><V100/><F100/><W21/><G33/><T67/><D46/><U85/><E39/><V82/><F80/><W131/><G131/><T92/><D29/><U115/><E115/><V114/><F19/><W123/><G123/><T23/><D23/><U68/><E87/><N who="2" m="48583" /><F51/><W55/><G55/><T61/><D61/><U47/><E47/><V62/><F62/><W96/><G96/><T94/><D11/><U106/><E106/><V43/><F110/><W22/><G54/><T91/><D91/><U50/><E68/><V25/><F43/><W44/><G44/><T70/><D70/><U30/><E98/><V125/><F42/><W129/><G129/><T15/><D92/><U10/><E10/><V88/><F99/><AGARI ba="0,0" hai="5,8,15,16,20,24,59,63,67,77,79,89,94,99" machi="99" ten="30,7700,0" yaku="7,1,8,1,52,1,54,1" doraHai="90" who="0" fromWho="2" sc="106,77,270,0,454,-77,170,0" /><INIT seed="7,0,0,0,3,48" ten="183,270,377,170" oya="3" hai0="87,113,103,34,31,128,19,83,73,11,99,112,54" hai1="68,4,90,81,96,109,18,79,70,14,27,21,37" hai2="133,45,51,41,134,117,0,30,74,46,15,58,23" hai3="40,85,95,107,8,43,57,78,28,127,39,94,32"/><W20/><G32/><T101/><D73/><U98/><E109/><V118/><F74/><W55/><G127/><T10/><D128/><U65/><E37/><N who="2" m="21679" /><F0/><W88/><G107/><T135/><D135/><N who="2" m="51722" /><F58/><W3/><G3/><T105/><D103/><U12/><E90/><V9/><F23/><W82/><G39/><T25/><D54/><U50/><E4/><N who="2" m="3495" /><F30/><W16/><G8/><T93/><D105/><U91/><E81/><V42/><AGARI ba="0,0" hai="42,46,51,117,118" m="3495,51722,21679" machi="42" ten="30,1100,0" yaku="20,1" doraHai="48" who="2" fromWho="2" sc="183,-3,270,-3,377,11,170,-5" owari="180,-22.0,267,7.0,388,48.0,165,-33.0" /></mjloggm>