<mjloggm ver="2.3"><GO type="169" lobby="0"/><UN n0="%64%72%61%65%74%63" n1="%E3%81%A1%E3%81%A3%E3%81%93%E3%82%8C%40" n2="%64%61%7A%61%69" n3="%66%69%63%74%69%6F%6E" dan="17,16,16,16" rate="2157.64,2098.00,2144.70,2030.83" sx="M,M,M,M"/><TAIKYOKU oya="0"/><INIT seed="0,0,0,3,1,7" ten="250,250,250,250" oya="0" hai0="104,87,81,90,23,25,134,100,132,114,98,57,84" hai1="22,128,21,106,52,99,49,28,86,85,39,5,48" hai2="80,0,62,53,17,32,2,116,93,6,45,118,119" hai3="14,24,11,92,91,56,30,129,120,113,127,71,41"/><T33/><D33/><U9/><E39/><V135/><F135/><N who="0" m="51754" /><D57/><U1/><E128/><V75/><F32/><W94/><G129/><T68/><D68/><U107/><E48/><V43/><F93/><W58/><G71/><T89/><D23/><U8/><E107/><V108/><F108/><W110/><G110/><T64/><D64/><U111/><E111/><V83/><F75/><W133/><G113/><T66/><D66/><U76/><E9/><N who="2" m="2247" /><F2/><W36/><G127/><T20/><D20/><U130/><E130/><V26/><F17/><W27/><G120/><T74/><D25/><U73/><E73/><V4/><F4/><W79/><G133/><T13/><D13/><U78/><E22/><V131/><F26/><W82/><G36/><T50/><D50/><U88/><E21/><V125/><F125/><W59/><G41/><T63/><D63/><U55/><E55/><V18/><F18/><W103/><G30/><T37/><D37/><U105/><E105/><V69/><F131/><W124/><G124/><T101/><D114/><U97/><E28/><V34/><F34/><W61/><G61/><T126/><D126/><U54/><E54/><V31/><F31/><W77/><G27/><T3/><D3/><U10/><E5/><V16/><F16/><N who="3" m="8287" /><G24/><T102/><D74/><U51/><E1/><V112/><F112/><W96/><G82/><AGARI ba="0,0" hai="81,82,84,87,89,90,98,100,101,102,104" m="51754" machi="82" ten="30,5800,0" yaku="20,1,34,2" doraHai="7" who="0" fromWho="3" sc="250,58,250,0,250,0,250,-58" /><INIT seed="0,1,0,2,0,69" ten="308,250,250,192" oya="0" hai0="84,130,16,51,30,0,120,77,67,90,65,73,14" hai1="7,46,132,6,29,37,76,99,53,20,133,15,114" hai2="18,102,107,135,81,44,40,47,54,17,58,2,111" hai3="122,52,49,57,100,9,34,1,92,48,78,127,121"/><T12/><D0/><U75/><E114/><V95/><F111/><W66/><G34/><T21/><D120/><U85/><E75/><V83/><F107/><W41/><G127/><T55/><D130/><U129/><E129/><V26/><F2/><W94/><G78/><T79/><D30/><U108/><E108/><V32/><F32/><W103/><G66/><T23/><D73/><U22/><E99/><N who="2" m="59775" /><F40/><W24/><G24/><T101/><D101/><N who="3" m="38985" /><G1/><T124/><D124/><U115/><E115/><V38/><F38/><W72/><G72/><T10/><D77/><U105/><E105/><V63/><F26/><W93/><G9/><T88/><D79/><U25/><E53/><V106/><F106/><W128/><G128/><T56/><D90/><U82/><E20/><N who="0" m="7753" /><D14/><U112/><E112/><V134/><F18/><W98/><G122/><T39/><D39/><U125/><E125/><V11/><F17/><W96/><G121/><T74/><D74/><U42/><REACH who="1" step="1"/><E15/><REACH who="1" ten="308,240,250,192" step="2"/><V86/><F11/><W5/><G5/><AGARI ba="1,1" hai="5,6,7,22,25,29,37,42,46,76,82,85,132,133" machi="5" ten="40,8000,1" yaku="1,1,2,1,52,1,53,1" doraHai="69" doraHaiUra="68" who="1" fromWho="3" sc="308,0,240,93,250,0,192,-83" /><INIT seed="1,0,0,3,0,22" ten="308,333,250,109" oya="1" hai0="94,77,24,126,109,98,76,47,18,45,16,88,78" hai1="14,41,103,95,58,90,122,96,46,3,20,48,6" hai2="26,8,0,79,70,81,99,23,128,34,28,52,1" hai3="36,72,129,27,110,92,121,118,55,84,125,33,123"/><U62/><E122/><V67/><F128/><W80/><G129/><T19/><D109/><U9/><E3/><V117/><F117/><W59/><G110/><T64/><D126/><U60/><E20/><V42/><F42/><W50/><G125/><T85/><D64/><U7/><E7/><V127/><F127/><W108/><G108/><T124/><D124/><U61/><REACH who="1" step="1"/><E103/><REACH who="1" ten="308,323,250,109" step="2"/><V104/><F23/><W105/><G123/><T113/><D113/><U97/><E97/><V12/><F0/><W73/><G121/><T114/><D114/><U119/><E119/><V30/><F1/><W53/><G118/><T15/><D15/><U38/><E38/><V29/><F29/><W17/><G36/><T39/><D39/><U63/><E63/><V31/><F28/><W107/><G33/><T49/><D98/><U83/><E83/><V37/><F30/><W116/><G116/><T69/><D69/><U75/><E75/><V112/><F37/><W134/><G73/><T102/><D102/><U10/><E10/><V133/><F112/><W130/><G72/><T40/><D45/><U101/><E101/><V44/><F44/><W4/><G80/><T100/><D100/><U120/><E120/><V54/><F8/><W111/><G4/><T89/><D89/><U35/><E35/><V32/><F32/><W132/><G111/><T13/><D13/><U25/><E25/><AGARI ba="0,1" hai="16,18,19,24,25,40,47,49,76,77,78,85,88,94" machi="25" ten="40,8000,1" yaku="8,1,52,2,54,2" doraHai="22" who="0" fromWho="1" sc="308,90,323,-80,250,0,109,0" /><INIT seed="2,0,0,0,4,92" ten="398,243,250,109" oya="2" hai0="6,112,63,96,104,134,0,47,59,122,16,32,33" hai1="43,82,91,58,9,81,107,45,19,105,97,3,102" hai2="11,69,17,124,129,110,22,54,93,44,87,40,75" hai3="121,127,79,18,4,7,26,89,52,23,115,99,100"/><V130/><F75/><W135/><G121/><T72/><D112/><U120/><E120/><V80/><F69/><W71/><G115/><T27/><D72/><U46/><E58/><V21/><F124/><W30/><G127/><T132/><D122/><U31/><E31/><V98/><F110/><W128/><G71/><T114/><D114/><U83/><E107/><V86/><F54/><W62/><G79/><T41/><D6/><U51/><E46/><V28/><F11/><W123/><G123/><T39/><D0/><U106/><E106/><V56/><F56/><N who="3" m="35079" /><G135/><T78/><D78/><U64/><E64/><V111/><F111/><W65/><G65/><T14/><D27/><U13/><REACH who="1" step="1"/><E3/><REACH who="1" ten="398,233,250,109" step="2"/><V116/><F44/><W94/><G128/><T38/><D134/><U67/><E67/><V20/><F130/><W35/><G35/><T131/><D131/><U15/><E15/><V10/><F129/><W133/><G133/><T1/><D1/><U88/><AGARI ba="0,1" hai="9,13,19,43,45,51,81,82,83,88,91,97,102,105" machi="88" ten="30,7900,0" yaku="1,1,0,1,52,1,54,1,53,0" doraHai="92" doraHaiUra="118" who="1" fromWho="1" sc="398,-20,233,89,250,-39,109,-20" /><INIT seed="3,0,0,4,5,105" ten="378,322,211,89" oya="3" hai0="3,20,99,33,71,131,123,102,75,12,8,53,92" hai1="56,80,30,17,87,96,81,98,29,110,62,79,43" hai2="26,134,132,77,91,36,0,74,37,48,114,10,54" hai3="86,63,100,122,64,49,76,51,94,31,60,41,78"/><W39/><G122/><T32/><D71/><U44/><E110/><V124/><F114/><W14/><G39/><T93/><D123/><U11/><E11/><V61/><F124/><W42/><G31/><T95/><D3/><U97/><E17/><V84/><F61/><N who="3" m="23627" /><G64/><T113/><D75/><U25/><E81/><N who="2" m="45239" /><F26/><W19/><G100/><T135/><D131/><U133/><E133/><N who="2" m="51307" /><F10/><N who="3" m="6615" /><G94/><T2/><D93/><U16/><E16/><V117/><F0/><W118/><G118/><T58/><D92/><U83/><E83/><N who="2" m="49567" /><F117/><W1/><G1/><T50/><D2/><U57/><E56/><AGARI ba="0,0" hai="36,37,48,54,56" m="49567,51307,45239" machi="56" ten="30,2000,0" yaku="20,1,52,1" doraHai="105" who="2" fromWho="1" sc="378,0,322,-20,211,20,89,0" /><INIT seed="4,0,0,4,3,78" ten="378,302,231,89" oya="0" hai0="125,34,74,84,124,73,94,62,0,35,56,79,58" hai1="26,12,111,128,106,134,55,126,80,110,99,17,109" hai2="130,69,29,47,93,127,2,20,107,70,5,6,77" hai3="91,13,60,108,102,18,36,92,4,30,117,131,27"/><T25/><D0/><U14/><E128/><V19/><F107/><W22/><G108/><T105/><D105/><U23/><E134/><V21/><F29/><W86/><G131/><T65/><D25/><U40/><E126/><V115/><F130/><W38/><G117/><T114/><D114/><U119/><E119/><V76/><F47/><W46/><G4/><T63/><D79/><U59/><E40/><V9/><F93/><W42/><G60/><T43/><D94/><U103/><REACH who="1" step="1"/><E80/><REACH who="1" ten="378,292,231,89" step="2"/><V100/><F127/><W50/><REACH who="3" step="1"/><G102/><REACH who="3" ten="378,292,231,79" step="2"/><T1/><D124/><U8/><E8/><AGARI ba="0,2" hai="8,13,18,22,27,30,36,38,42,46,50,86,91,92" machi="8" ten="30,3900,0" yaku="1,1,2,1,7,1,53,0" doraHai="78" doraHaiUra="54" who="3" fromWho="1" sc="378,0,292,-39,231,0,79,59" /><INIT seed="5,0,0,1,4,17" ten="378,253,231,138" oya="1" hai0="113,45,58,127,4,131,134,8,116,62,107,28,88" hai1="95,52,49,16,48,39,35,106,44,115,0,104,46" hai2="68,5,97,56,41,128,6,86,79,2,20,11,117" hai3="83,63,15,80,130,47,71,124,96,37,18,7,118"/><U24/><E0/><V26/><F117/><W21/><G118/><T84/><D107/><U70/><E70/><V25/><F68/><W105/><G130/><T125/><D116/><U101/><E115/><V102/><F128/><W55/><G124/><T135/><D28/><U65/><E65/><V10/><F41/><W74/><G7/><T91/><D45/><U100/><E39/><V129/><F129/><W64/><G74/><T43/><D43/><U77/><E77/><V120/><F26/><W98/><G37/><T76/><D76/><U50/><E50/><V133/><F56/><W30/><G30/><T51/><D51/><U32/><E32/><V69/><F69/><W3/><G3/><N who="0" m="31" /><D91/><U90/><E104/><V111/><F133/><N who="0" m="50698" /><D113/><U19/><E106/><V29/><F111/><W14/><G105/><T87/><D87/><N who="1" m="52703" /><E35/><V94/><F120/><W34/><G34/><T93/><D131/><U132/><E132/><V103/><F86/><W110/><G110/><T22/><D22/><N who="1" m="13383" /><E19/><V13/><REACH who="2" step="1"/><F79/><REACH who="2" ten="378,253,221,138" step="2"/><W1/><G47/><T112/><D112/><U85/><E85/><V72/><F72/><W108/><G108/><T61/><D61/><U12/><E12/><V40/><F40/><AGARI ba="0,1" hai="40,44,46,48,49,52,100,101" m="13383,52703" machi="40" ten="30,11600,0" yaku="8,1,52,1,54,2" doraHai="17" who="1" fromWho="2" sc="378,0,253,126,221,-116,138,0" /><INIT seed="5,1,0,4,1,14" ten="378,379,105,138" oya="1" hai0="81,61,0,86,111,54,5,68,96,103,133,23,104" hai1="64,24,30,7,32,127,76,39,87,113,75,52,115" hai2="82,19,38,67,28,6,101,89,46,34,92,69,48" hai3="123,83,45,22,97,100,107,37,73,93,25,128,120"/><U66/><E75/><V102/><F38/><W44/><G128/><T71/><D111/><U58/><E39/><V27/><F6/><W31/><G107/><T121/><D5/><U9/><E127/><V3/><F3/><W132/><G132/><T35/><D0/><U109/><E109/><V91/><F67/><W55/><G44/><T129/><D35/><U126/><E126/><V80/><F69/><W122/><G37/><T106/><D106/><U50/><E76/><V88/><F92/><W130/><G130/><T125/><D129/><U43/><E43/><V10/><F101/><W13/><G13/><T42/><D42/><U105/><E87/><V17/><F102/><W124/><G124/><T65/><D125/><U94/><E94/><V36/><F36/><W118/><G118/><T60/><D121/><U59/><E105/><V8/><F8/><W40/><G40/><T72/><D72/><U79/><E79/><V21/><F10/><W62/><G73/><T56/><D23/><U74/><E74/><V16/><F34/><W26/><G83/><T33/><D33/><U119/><E119/><V47/><F47/><W18/><G45/><T85/><D133/><U90/><E90/><V116/><F116/><W98/><G98/><T41/><D41/><AGARI ba="1,0" hai="16,17,19,21,27,28,41,46,48,80,82,88,89,91" machi="41" ten="40,12000,2" yaku="8,1,52,3,54,2" doraHai="14" who="2" fromWho="0" sc="378,-123,379,0,105,123,138,0" /><INIT seed="6,0,0,1,3,96" ten="255,379,228,138" oya="2" hai0="107,24,73,130,91,10,63,89,131,123,66,100,44" hai1="112,22,19,82,25,116,27,101,7,76,121,14,114" hai2="81,50,75,86,93,125,18,103,128,71,37,21,48" hai3="126,102,117,74,70,62,11,30,57,43,39,17,68"/><V42/><F37/><W115/><G117/><T105/><D73/><U13/><E116/><V79/><F71/><W60/><G74/><T113/><D123/><U20/><E121/><V124/><F128/><W56/><G126/><N who="2" m="48745" /><F42/><W26/><G115/><N who="1" m="44074" /><E101/><V8/><F8/><W9/><G39/><T98/><D113/><U34/><E34/><V83/><F103/><W119/><G119/><T51/><D107/><U58/><E58/><V110/><F93/><W87/><G43/><T2/><D2/><U38/><E38/><V127/><F110/><W3/><G3/><T47/><D10/><N who="1" m="4319" /><E20/><V46/><F46/><W4/><G102/><T23/><D47/><U72/><AGARI ba="0,0" hai="14,19,22,25,27,72,76,82" m="4319,44074" machi="72" ten="30,1100,0" yaku="15,1" doraHai="96" who="1" fromWho="1" sc="255,-3,379,11,228,-5,138,-3" /><INIT seed="7,0,0,5,0,62" ten="252,390,223,135" oya="3" hai0="122,83,89,128,54,67,65,135,104,22,121,15,95" hai1="70,100,30,107,91,40,48,31,43,34,101,24,16" hai2="108,59,88,57,39,133,134,52,115,23,73,78,80" hai3="37,12,61,0,8,126,93,33,111,127,53,77,106"/><W120/><G106/><T72/><D104/><U131/><E131/><V29/><F108/><W74/><G120/><T5/><D128/><U71/><E91/><V96/><F39/><W79/><G0/><T58/><D135/><N who="2" m="51722" /><F115/><W86/><G111/><T102/><D102/><U4/><E48/><N who="2" m="30855" /><F59/><N who="3" m="35055" /><G33/><T124/><D124/><N who="3" m="47657" /><G37/><T118/><D118/><U129/><E24/><N who="2" m="16543" /><F96/><W28/><G28/><T132/><D132/><U14/><E101/><V3/><F3/><W50/><G74/><T32/><D72/><U20/><E43/><V98/><F98/><W13/><G50/><T105/><D122/><U1/><E31/><V103/><F103/><W26/><G26/><T44/><D121/><U68/><E129/><V119/><F119/><W25/><G25/><T51/><D32/><U113/><E113/><V84/><F73/><W17/><G12/><T99/><D15/><U116/><E116/><V36/><F36/><W76/><G93/><T66/><D95/><U130/><E130/><V81/><F78/><W123/><G123/><T49/><D105/><U41/><E30/><V21/><F21/><W56/><G56/><T94/><D22/><U82/><E34/><V75/><F75/><W45/><G45/><T69/><D94/><AGARI ba="0,0" hai="80,81,84,88,94" m="16543,30855,51722" machi="94" ten="30,3900,0" yaku="20,1,54,2" doraHai="62" who="2" fromWho="0" sc="252,-39,390,0,223,39,135,0" owari="213,-19.0,390,49.0,262,6.0,135,-36.0" /></mjloggm>