<mjloggm ver="2.3"><GO type="169" lobby="0"/><UN n0="%72%65%6E%6A%69%38%33" n1="%E3%83%8A%E3%82%B4%E3%83%A0" n2="%62%75%72%65%61%36" n3="%48%61%63%68%69%6E%61%6C" dan="16,16,17,17" rate="2064.26,2137.72,2143.32,2131.86" sx="M,M,M,M"/><TAIKYOKU oya="0"/><INIT seed="0,0,0,0,3,7" ten="250,250,250,250" oya="0" hai0="118,18,58,47,24,129,2,130,39,33,64,13,3" hai1="132,63,17,34,73,61,67,52,123,66,122,83,41" hai2="89,121,115,54,46,0,134,103,126,74,20,45,55" hai3="110,53,51,31,76,30,100,19,80,8,81,26,112"/><T108/><D118/><U102/><E41/><V124/><F0/><W127/><G112/><T85/><D108/><U16/><E34/><V86/><F74/><W14/><G110/><T98/><D85/><U35/><E35/><V65/><F121/><W22/><G127/><N who="2" m="48681" /><F103/><W27/><G100/><T10/><D98/><U94/><E102/><V104/><F65/><W101/><G101/><T93/><D93/><U79/><E94/><V72/><F72/><W84/><G80/><T97/><D97/><U111/><E111/><V60/><F60/><W88/><G76/><T77/><D77/><U82/><E79/><V120/><F104/><W87/><G87/><T68/><D58/><U49/><E73/><V21/><F120/><W109/><G109/><T78/><D78/><U133/><E49/><N who="2" m="28975" /><F134/><W57/><REACH who="3" step="1"/><G27/><REACH who="3" ten="250,250,250,240" step="2"/><T131/><D24/><U135/><E132/><V113/><F115/><W1/><G1/><T36/><D3/><U92/><E92/><V50/><F113/><W40/><G40/><T99/><D2/><U23/><REACH who="1" step="1"/><E52/><REACH who="1" ten="250,240,250,240" step="2"/><V107/><F107/><W125/><G125/><T15/><D130/><U25/><E25/><V95/><AGARI ba="0,2" hai="20,21,46,50,55,86,89,95" m="28975,48681" machi="95" ten="30,1100,0" yaku="18,1" doraHai="7" who="2" fromWho="2" sc="250,-5,240,-3,250,31,240,-3" /><INIT seed="1,0,0,5,5,119" ten="245,237,281,237" oya="1" hai0="43,124,62,107,24,78,21,40,75,38,67,39,12" hai1="27,87,115,92,49,133,22,104,68,66,56,118,32" hai2="122,116,17,51,70,77,113,102,97,34,30,2,111" hai3="8,93,80,99,71,106,52,135,109,120,94,105,86"/><U69/><E115/><V72/><F17/><W50/><G71/><T98/><D12/><U16/><E104/><V103/><F51/><W10/><G109/><T134/><D134/><U112/><E118/><V54/><F54/><W58/><G135/><T46/><D124/><U81/><E112/><V83/><F30/><W88/><G120/><T91/><D75/><U3/><E3/><V64/><F64/><W47/><G105/><T36/><D78/><U20/><E32/><V0/><F103/><W42/><G106/><T60/><D60/><U128/><E128/><V123/><F113/><W15/><G15/><T90/><D43/><U26/><E92/><V132/><F132/><W121/><G121/><T18/><D107/><U74/><E74/><V108/><F116/><W101/><REACH who="3" step="1"/><G94/><REACH who="3" ten="245,237,281,227" step="2"/><T1/><D1/><U7/><E133/><V73/><F70/><W84/><G84/><T35/><D98/><U82/><E81/><V11/><F2/><W85/><G85/><T129/><D129/><U114/><E114/><V61/><F73/><W53/><G53/><T6/><D90/><U95/><E95/><N who="2" m="58687" /><F123/><W79/><G79/><T127/><D91/><N who="1" m="51703" /><E69/><V4/><F122/><W126/><G126/><T14/><D127/><U100/><E68/><V59/><F111/><W13/><G13/><T117/><D117/><U63/><E100/><V130/><F108/><W65/><G65/><T19/><D6/><U48/><E7/><V23/><F130/><W31/><G31/><AGARI ba="0,1" hai="16,20,22,26,27,31,48,49,56,63,66" m="51703" machi="31" ten="30,2900,0" yaku="8,1,54,1" doraHai="119" who="1" fromWho="3" sc="245,0,237,39,281,0,227,-29" /><INIT seed="1,1,0,5,0,33" ten="245,276,281,198" oya="1" hai0="78,84,135,18,27,1,31,28,16,86,24,107,82" hai1="76,116,2,88,87,36,91,126,35,14,46,47,123" hai2="75,95,13,58,19,131,73,132,26,6,118,29,129" hai3="113,41,122,128,79,109,98,106,9,67,23,80,49"/><U61/><E35/><V94/><F118/><W40/><G122/><T25/><D107/><U74/><E116/><V77/><F6/><W22/><G113/><T34/><D135/><U97/><E123/><V104/><F104/><W64/><G109/><T130/><D130/><N who="2" m="49674" /><F58/><W124/><G128/><T121/><D1/><U102/><E2/><V81/><F75/><W100/><G124/><T4/><D4/><U0/><E0/><V12/><F12/><W32/><G32/><T15/><D34/><U96/><E74/><V50/><F50/><W105/><G105/><T60/><D18/><U21/><E76/><V133/><F26/><W85/><G9/><N who="0" m="6255" /><D121/><U119/><E119/><V59/><F29/><W53/><G23/><T72/><D72/><U56/><E36/><V103/><F59/><W5/><G5/><T38/><D38/><U57/><E87/><N who="0" m="33321" /><D82/><U70/><E14/><V51/><F95/><W89/><G22/><T134/><D78/><U114/><E21/><V68/><F68/><W30/><G30/><N who="0" m="11307" /><D134/><U83/><E83/><V45/><F19/><W115/><G115/><T71/><D71/><U43/><E70/><V8/><F8/><W3/><G3/><T55/><D27/><U112/><E126/><V125/><F125/><W44/><REACH who="3" step="1"/><G79/><REACH who="3" ten="245,276,281,188" step="2"/><T20/><D20/><U108/><E108/><V93/><F133/><W120/><G120/><T10/><D10/><U54/><E114/><V48/><F132/><W42/><AGARI ba="1,1" hai="40,41,42,44,49,53,64,67,80,85,89,98,100,106" machi="42" ten="30,7900,0" yaku="1,1,0,1,53,2" doraHai="33" doraHaiUra="63" who="3" fromWho="3" sc="245,-21,276,-40,281,-21,188,92" /><INIT seed="2,0,0,2,0,2" ten="224,236,260,280" oya="2" hai0="24,29,83,55,94,61,78,51,73,87,18,20,60" hai1="95,125,13,99,75,102,117,135,114,121,103,8,123" hai2="69,34,19,12,30,11,76,120,54,85,74,47,118" hai3="40,106,28,90,41,92,84,66,45,115,126,26,124"/><V21/><F118/><W16/><G106/><T39/><D39/><U82/><E114/><V42/><F120/><N who="1" m="46153" /><E117/><V32/><F69/><W108/><G115/><T15/><D73/><U63/><E125/><N who="3" m="48234" /><G108/><T3/><D3/><U52/><E135/><V58/><F74/><W129/><G129/><T111/><D111/><U4/><E75/><V107/><F107/><W96/><G66/><T33/><REACH who="0" step="1"/><D94/><REACH who="0" ten="214,236,260,280" step="2"/><U17/><E82/><V132/><F132/><W88/><G45/><AGARI ba="0,1" hai="15,18,20,24,29,33,45,51,55,60,61,78,83,87" machi="45" ten="30,7700,0" yaku="1,1,2,1,7,1,53,1" doraHai="2" doraHaiUra="23" who="0" fromWho="3" sc="214,87,236,0,260,0,280,-77" /><INIT seed="3,0,0,5,2,117" ten="301,236,260,203" oya="3" hai0="122,119,106,31,17,120,111,92,114,54,19,72,9" hai1="35,33,107,68,18,108,62,125,76,55,16,74,15" hai2="39,59,102,5,79,65,34,94,116,71,78,47,104" hai3="36,49,126,27,84,128,44,7,63,67,40,29,58"/><W30/><G128/><T20/><D72/><U14/><E107/><V96/><F116/><W66/><G126/><T99/><D106/><U57/><E108/><V88/><F34/><W123/><G123/><N who="0" m="47147" /><D54/><U26/><E125/><V80/><F5/><W98/><G7/><T95/><D99/><U110/><E110/><V113/><F113/><W28/><G84/><T41/><D41/><U2/><E26/><V83/><F71/><W91/><G66/><T82/><D82/><U10/><E2/><V4/><F4/><W109/><G109/><T1/><D92/><U48/><E76/><V85/><F39/><W22/><REACH who="3" step="1"/><G36/><REACH who="3" ten="301,236,260,193" step="2"/><T129/><D111/><U121/><E121/><V75/><F65/><W42/><G42/><T61/><D119/><U127/><E127/><V8/><F85/><W46/><G46/><T21/><D129/><U38/><E38/><V130/><F47/><W43/><G43/><T3/><D114/><U105/><E74/><V89/><F130/><W77/><G77/><T73/><D73/><U87/><E87/><V118/><F118/><W25/><G25/><N who="0" m="16807" /><D95/><AGARI ba="0,1" hai="22,27,28,29,30,40,44,49,58,63,67,91,95,98" machi="95" ten="40,3900,0" yaku="1,1,8,1,53,0" doraHai="117" doraHaiUra="132" who="3" fromWho="0" sc="301,-39,236,0,260,0,193,49" /><INIT seed="3,1,0,3,1,56" ten="262,236,260,242" oya="3" hai0="14,76,65,33,9,108,42,85,0,22,134,89,62" hai1="77,98,125,17,8,116,79,70,120,23,2,92,73" hai2="18,88,21,128,133,117,83,87,27,94,28,90,130" hai3="119,10,72,100,124,106,5,58,96,3,61,7,69"/><W24/><G119/><T55/><D33/><U126/><E120/><V104/><F117/><W31/><G124/><N who="1" m="47722" /><E116/><V81/><F104/><W64/><G7/><T59/><D42/><U12/><E70/><V131/><F133/><W50/><G72/><T11/><D108/><U67/><E67/><V48/><F48/><W115/><G115/><T129/><D129/><U110/><E110/><V99/><REACH who="2" step="1"/><F81/><REACH who="2" ten="262,236,250,242" step="2"/><W29/><REACH who="3" step="1"/><G24/><REACH who="3" ten="262,236,250,232" step="2"/><T66/><D134/><U39/><E73/><V95/><F95/><W47/><G47/><T57/><D57/><U74/><E74/><V103/><F103/><W107/><G107/><T118/><D118/><U78/><E39/><V19/><AGARI ba="1,2" hai="18,19,21,27,28,83,87,88,90,94,99,128,130,131" machi="19" ten="40,8000,1" yaku="1,1,0,1,19,1,54,1,53,0" doraHai="56" doraHaiUra="4" who="2" fromWho="2" sc="262,-21,236,-21,250,103,232,-41" /><INIT seed="4,0,0,0,3,31" ten="241,215,353,191" oya="0" hai0="64,57,28,131,12,15,55,38,21,80,111,34,30" hai1="87,106,126,132,61,0,58,53,119,56,42,5,39" hai2="33,99,51,65,27,114,123,93,47,100,26,124,35" hai3="130,73,36,22,103,43,74,98,127,92,81,3,29"/><T116/><D116/><U52/><E106/><V8/><F123/><W68/><G68/><T95/><D38/><U63/><E119/><V32/><F124/><W75/><G127/><T70/><D111/><U115/><E126/><V62/><F8/><W11/><G130/><T71/><D131/><U120/><E0/><V6/><F6/><W128/><G128/><T91/><D34/><U78/><E5/><V25/><F114/><W117/><G117/><T129/><D129/><U133/><E87/><V76/><F76/><W69/><G69/><T7/><D71/><U10/><E10/><V37/><F37/><W86/><G11/><N who="0" m="4223" /><D80/><U113/><E78/><V48/><REACH who="2" step="1"/><F47/><REACH who="2" ten="241,215,343,191" step="2"/><W13/><G3/><T112/><D70/><AGARI ba="0,1" hai="25,26,27,32,33,35,48,51,62,65,70,93,99,100" machi="70" ten="50,8000,1" yaku="1,1,2,1,52,3,53,0" doraHai="31" doraHaiUra="24" who="2" fromWho="0" sc="241,-80,215,0,343,90,191,0" /><INIT seed="5,0,0,1,4,105" ten="161,215,433,191" oya="1" hai0="25,98,31,85,104,5,50,34,55,106,80,62,35" hai1="1,114,86,32,29,119,95,43,117,73,8,48,38" hai2="84,97,131,33,101,52,123,37,99,40,72,128,93" hai3="47,45,9,116,22,110,127,63,71,78,6,30,12"/><U69/><E114/><V126/><F123/><W17/><G110/><T107/><D98/><U66/><E48/><V46/><F33/><W0/><G127/><T134/><D62/><N who="1" m="40151" /><E95/><V41/><F126/><W23/><G116/><T91/><D5/><N who="1" m="1071" /><E86/><V122/><F122/><W21/><G78/><T102/><D134/><U18/><E18/><V112/><F112/><W108/><G108/><T130/><D130/><U24/><E73/><V79/><F84/><W26/><G23/><T51/><D51/><U11/><E11/><V81/><F41/><W56/><REACH who="3" step="1"/><G71/><REACH who="3" ten="161,215,433,181" step="2"/><T15/><D35/><U124/><E124/><V70/><F70/><W68/><G68/><T4/><D102/><U57/><E57/><V7/><F101/><W135/><G135/><T39/><D39/><U129/><E129/><V115/><F128/><W111/><G111/><T13/><REACH who="0" step="1"/><D4/><REACH who="0" ten="151,215,433,181" step="2"/><U74/><E119/><V49/><F37/><W16/><G16/><T125/><D125/><U89/><E117/><V82/><F7/><W121/><G121/><T100/><D100/><U58/><E38/><V120/><F131/><W44/><G44/><AGARI ba="0,2" hai="13,15,25,31,34,44,50,55,80,85,91,104,106,107" machi="44" ten="40,1300,0" yaku="1,1,53,0" doraHai="105" doraHaiUra="94" who="0" fromWho="3" sc="151,33,215,0,433,0,181,-13" /><INIT seed="6,0,0,5,4,70" ten="184,215,433,168" oya="2" hai0="135,116,97,75,95,36,87,123,35,130,22,86,44" hai1="39,17,2,62,56,65,47,106,38,81,100,77,109" hai2="114,32,51,124,76,115,66,82,40,1,48,79,91" hai3="41,9,68,101,3,19,37,120,46,118,89,113,93"/><V11/><F32/><W117/><G120/><T104/><D35/><U7/><E109/><V60/><F1/><W58/><G68/><T80/><D22/><U84/><E47/><V132/><F11/><W110/><G110/><T14/><D14/><U21/><E100/><V8/><F8/><W83/><G113/><T102/><D44/><U50/><E50/><V55/><F91/><W134/><G134/><T57/><D57/><U63/><E106/><V0/><F0/><W112/><G112/><T43/><D43/><U127/><E127/><V29/><F124/><W13/><G3/><T74/><D36/><U94/><E94/><V107/><F107/><W108/><G108/><T5/><D5/><U96/><E96/><V49/><F40/><W128/><G128/><T52/><D52/><U28/><E28/><V122/><F29/><W27/><G58/><T18/><D18/><U88/><E77/><V31/><F79/><W10/><G10/><T24/><D24/><U98/><E98/><V125/><F31/><W103/><G27/><T85/><D130/><U6/><E63/><V16/><F60/><W34/><G34/><T4/><D4/><U30/><E30/><V26/><F26/><W61/><G61/><T131/><D131/><U64/><E64/><V59/><F66/><W119/><REACH who="3" step="1"/><G83/><REACH who="3" ten="184,215,433,158" step="2"/><T90/><D123/><U33/><E33/><V20/><F82/><W53/><G53/><T72/><D135/><U25/><E2/><V73/><F132/><W67/><G67/><T133/><D133/><U54/><E65/><V42/><F55/><W23/><G23/><RYUUKYOKU ba="0,1" sc="184,-15,215,15,433,-15,158,15" hai1="6,7,17,21,25,38,39,54,56,62,81,84,88" hai3="9,13,19,37,41,46,89,93,101,103,117,118,119" /><INIT seed="7,1,1,2,1,109" ten="169,230,418,173" oya="3" hai0="34,94,39,88,76,26,58,69,3,65,84,8,128" hai1="106,112,30,59,33,20,104,38,134,132,96,123,7" hai2="44,110,22,60,122,11,53,81,83,92,117,126,114" hai3="63,68,54,82,19,99,108,51,107,121,27,111,125"/><W16/><G121/><T41/><D69/><U90/><E123/><V42/><F110/><N who="3" m="42027" /><G125/><T40/><D39/><U87/><E33/><V28/><F117/><W129/><G129/><T46/><D128/><U36/><E7/><V124/><F122/><W5/><G5/><T101/><D3/><U119/><E119/><V9/><F92/><W113/><G113/><T64/><D8/><U73/><E112/><V74/><F114/><W72/><G27/><T31/><D46/><U35/><E73/><V130/><F130/><W47/><G72/><T71/><D71/><U55/><E35/><V48/><F74/><W6/><G82/><T32/><D32/><U67/><E67/><N who="0" m="25673" /><D58/><U102/><E106/><V14/><F83/><W0/><G68/><T49/><D76/><U43/><E20/><V100/><F81/><W115/><G115/><T25/><D25/><U24/><E24/><V52/><F124/><W93/><G107/><T21/><D34/><U120/><E30/><V86/><F126/><W95/><G63/><T97/><D49/><N who="1" m="31215" /><E43/><V13/><F60/><W133/><G133/><N who="1" m="51306" /><E120/><V85/><F14/><W131/><G131/><T45/><D45/><U75/><E75/><V103/><F13/><W91/><G95/><AGARI ba="1,1" hai="21,26,31,40,41,84,88,94,95,97,101" m="25673" machi="95" ten="30,2000,0" yaku="8,1,54,1" doraHai="109" who="0" fromWho="3" sc="169,33,230,0,418,0,173,-23" /><AGARI ba="1,0" hai="36,38,87,90,95,96,102,104" m="51306,31215" machi="95" ten="30,1000,0" yaku="20,1" doraHai="109" who="1" fromWho="3" sc="202,0,230,10,418,0,150,-10" owari="202,-20.0,240,4.0,418,52.0,140,-36.0" /></mjloggm>