<mjloggm ver="2.3"><GO type="169" lobby="0"/><UN n0="%E3%81%AE%E3%81%AF%E3%81%A3%E3%81%A1" n1="%E6%8C%AF%E3%82%8A%E8%BE%BC%E3%81%BF%E3%83%9E%E3%82%B8%E3%83%B3%E3%82%AC" n2="%E5%91%AA%E3%81%84%E3%81%AE%E5%A1%8A" n3="%74%65%63%68%74%6F" dan="16,16,17,16" rate="2146.09,2098.95,2110.98,2046.63" sx="M,M,M,M"/><TAIKYOKU oya="0"/><INIT seed="0,0,0,5,3,47" ten="250,250,250,250" oya="0" hai0="31,119,2,54,71,114,96,101,90,49,77,9,123" hai1="75,7,112,52,46,48,124,42,50,69,60,36,117" hai2="43,65,62,29,35,39,70,45,82,1,10,127,33" hai3="98,89,103,78,20,115,104,0,41,108,95,84,129"/><T11/><D114/><U99/><E75/><V18/><F127/><W109/><G0/><T67/><D119/><U3/><E117/><V37/><F37/><W59/><G20/><T131/><D123/><U55/><E3/><V61/><F29/><W135/><G41/><T88/><D131/><U53/><E7/><V21/><F61/><W26/><G26/><T73/><D31/><U56/><E99/><V83/><F83/><N who="3" m="47223" /><G59/><T126/><D126/><U116/><E112/><V5/><REACH who="2" step="1"/><F82/><REACH who="2" ten="250,250,240,250" step="2"/><W68/><G115/><T86/><D67/><N who="1" m="41191" /><E124/><V121/><F121/><W32/><G129/><T14/><D71/><U17/><E116/><V132/><F132/><W74/><G68/><T100/><D73/><U110/><E110/><N who="3" m="42602" /><G135/><T63/><D63/><N who="1" m="36231" /><E17/><V30/><F30/><W57/><G74/><T118/><D118/><U120/><E120/><V80/><F80/><W125/><G125/><T27/><D77/><U85/><E85/><V107/><F107/><W87/><G32/><T97/><D86/><U93/><E93/><V113/><F113/><W8/><G104/><T79/><D79/><U22/><E22/><V105/><F105/><W19/><G19/><T106/><D106/><U92/><E92/><V81/><F81/><N who="3" m="49391" /><G8/><T64/><D9/><U4/><E4/><V34/><F34/><W122/><G122/><T28/><D11/><U25/><E25/><AGARI ba="0,1" hai="1,5,10,18,21,25,33,35,39,43,45,62,65,70" machi="25" ten="30,2000,0" yaku="1,1,7,1,53,0" doraHai="47" doraHaiUra="94" who="2" fromWho="1" sc="250,0,250,-20,240,30,250,0" /><INIT seed="1,0,0,5,0,130" ten="250,230,270,250" oya="1" hai0="125,71,1,5,34,6,77,64,133,16,132,90,83" hai1="74,18,126,87,45,108,119,63,36,76,47,41,42" hai2="13,22,67,44,105,80,86,21,84,82,127,19,29" hai3="39,92,79,115,122,89,98,0,53,129,111,49,20"/><U65/><E74/><V97/><F127/><W15/><G122/><T78/><D125/><U100/><E126/><V103/><F67/><W2/><G115/><T52/><D34/><U118/><E100/><V26/><REACH who="2" step="1"/><F44/><REACH who="2" ten="250,230,260,250" step="2"/><W55/><G129/><T62/><D52/><U8/><E65/><V104/><F104/><W61/><G55/><T59/><D71/><U25/><E47/><V120/><F120/><W107/><G107/><T81/><D78/><U57/><E45/><V135/><F135/><N who="0" m="51786" /><D90/><U124/><E76/><V70/><F70/><W121/><G79/><T54/><D54/><U9/><E124/><V37/><F37/><W60/><G39/><T14/><D1/><U109/><E36/><V24/><F24/><W30/><G0/><T38/><D38/><U117/><E25/><V40/><F40/><W116/><G2/><T112/><D112/><U134/><E41/><V110/><F110/><W31/><G111/><T101/><D101/><U23/><E42/><V11/><F11/><W4/><G121/><T46/><D46/><U17/><E8/><V43/><F43/><W35/><G53/><T50/><D50/><U75/><E108/><V12/><F12/><W68/><G49/><T7/><D77/><U58/><E109/><V128/><F128/><W106/><G68/><T114/><D114/><U51/><E51/><V27/><F27/><N who="3" m="18943" /><G106/><T10/><AGARI ba="0,1" hai="5,6,7,10,14,16,59,62,64,81,83" m="51786" machi="10" ten="30,8000,1" yaku="20,1,52,3,54,1" doraHai="130" who="0" fromWho="0" sc="250,90,230,-40,260,-20,250,-20" /><INIT seed="2,0,0,5,1,69" ten="340,190,240,230" oya="2" hai0="56,53,125,89,20,65,37,77,130,49,52,97,48" hai1="3,67,25,105,63,36,109,94,73,71,12,79,117" hai2="106,104,85,87,21,92,123,95,103,17,1,121,114" hai3="98,24,11,51,80,134,93,115,101,86,45,44,59"/><V84/><F1/><W41/><G134/><T43/><D130/><U58/><E117/><V120/><F114/><W7/><G24/><T10/><D125/><U78/><E109/><V64/><F64/><W111/><G111/><T38/><D65/><U40/><E12/><V23/><F103/><W76/><G115/><T124/><D124/><U68/><E94/><N who="2" m="35883" /><F17/><W66/><G45/><T18/><D43/><U81/><E78/><V2/><F2/><W26/><G26/><T110/><D110/><U30/><E105/><AGARI ba="0,0" hai="21,23,84,85,87,104,105,106,120,121,123" m="35883" machi="105" ten="40,3900,0" yaku="28,2" doraHai="69" who="2" fromWho="1" sc="340,0,190,-39,240,39,230,0" /><INIT seed="2,1,0,4,5,19" ten="340,151,279,230" oya="2" hai0="135,16,59,117,53,129,125,72,79,42,49,66,99" hai1="131,104,12,122,134,60,106,124,126,93,8,82,27" hai2="78,47,46,38,87,88,26,43,70,55,123,51,31" hai3="21,115,39,56,86,121,97,24,44,14,73,94,1"/><V113/><F113/><W9/><G121/><T54/><D129/><U107/><E131/><V96/><F123/><W4/><G73/><T62/><D125/><N who="1" m="48235" /><E122/><V0/><F70/><W90/><G115/><T41/><D135/><U65/><E134/><V84/><F0/><W76/><G56/><T127/><D127/><U116/><E116/><V100/><F78/><W102/><G76/><T71/><D117/><U5/><E82/><V101/><F96/><W40/><G1/><T69/><D99/><U75/><E93/><V23/><REACH who="2" step="1"/><F84/><REACH who="2" ten="340,151,269,230" step="2"/><W2/><G2/><T110/><D79/><U108/><E75/><V109/><F109/><W111/><G111/><T120/><D72/><U30/><E108/><V20/><F20/><W89/><REACH who="3" step="1"/><G86/><REACH who="3" ten="340,151,269,220" step="2"/><T25/><D110/><U17/><E107/><V34/><F34/><W50/><G50/><T83/><D120/><U63/><E106/><V133/><F133/><W112/><G112/><T28/><D71/><U85/><E85/><V32/><F32/><W52/><G52/><T6/><D54/><U74/><E104/><V18/><F18/><AGARI ba="1,2" hai="4,9,14,18,21,24,39,40,44,89,90,94,97,102" machi="18" ten="30,3900,0" yaku="1,1,7,1,52,1,53,0" doraHai="19" doraHaiUra="64" who="3" fromWho="2" sc="340,0,151,0,269,-42,220,62" /><INIT seed="3,0,0,5,1,12" ten="340,151,227,282" oya="3" hai0="62,41,100,71,11,108,78,90,89,98,14,92,46" hai1="39,66,93,15,103,81,32,59,40,35,133,113,114" hai2="43,33,34,86,2,121,6,58,120,125,29,27,17" hai3="37,63,131,95,107,70,50,47,124,56,60,102,26"/><W110/><G107/><T23/><D108/><U76/><E133/><V79/><F43/><N who="3" m="23023" /><G26/><T73/><D23/><U24/><E39/><V67/><F79/><W10/><G10/><T123/><D123/><N who="2" m="47178" /><F86/><W105/><G95/><T129/><D129/><U19/><E40/><V42/><F42/><W53/><G102/><T57/><D71/><U64/><E103/><V61/><F125/><W122/><G105/><T30/><D30/><U48/><E93/><V111/><F111/><W109/><G122/><T16/><D78/><U68/><E68/><V9/><F33/><W135/><G135/><T126/><D126/><U8/><E35/><V5/><F5/><W75/><G75/><T127/><D73/><U49/><E32/><V134/><F134/><W74/><G74/><T112/><D112/><U88/><E76/><V119/><F119/><W69/><G131/><T85/><D85/><N who="1" m="50223" /><E114/><V77/><F77/><W101/><G101/><T22/><D127/><U20/><E113/><V80/><F80/><W106/><G106/><T55/><REACH who="0" step="1"/><D22/><REACH who="0" ten="330,151,227,282" step="2"/><U104/><E104/><V128/><F128/><W94/><G124/><T116/><D116/><U36/><E36/><AGARI ba="0,1" hai="11,14,16,36,41,46,55,57,62,89,90,92,98,100" machi="36" ten="30,7700,0" yaku="1,1,7,1,52,1,54,1,53,0" doraHai="12" doraHaiUra="45" who="0" fromWho="1" sc="330,87,151,-77,227,0,282,0" /><INIT seed="4,0,0,1,3,45" ten="417,74,227,282" oya="0" hai0="92,94,82,100,117,6,93,48,31,63,1,51,28" hai1="22,50,16,89,90,122,52,127,96,97,86,118,69" hai2="25,56,3,11,39,62,13,43,67,85,75,80,23" hai3="129,8,49,57,65,79,34,12,2,70,46,119,106"/><T68/><D117/><U114/><E127/><V84/><F3/><W55/><G2/><T17/><D100/><U64/><E114/><V110/><F110/><W71/><G129/><T53/><D1/><U113/><E122/><V30/><F39/><W77/><G34/><T33/><D6/><U27/><E113/><V47/><F75/><W112/><G106/><T40/><D33/><U102/><E118/><V7/><REACH who="2" step="1"/><F80/><REACH who="2" ten="417,74,217,282" step="2"/><W120/><G119/><T109/><D109/><U18/><E69/><V104/><F104/><W10/><G112/><T73/><D82/><U121/><E121/><V101/><F101/><W32/><G71/><T24/><D73/><U41/><E102/><V60/><F60/><N who="3" m="38031" /><G70/><T125/><D68/><U135/><E135/><V72/><F72/><W81/><G120/><T88/><D63/><U4/><E90/><V78/><F78/><W133/><G133/><T103/><D103/><U42/><E64/><V87/><F87/><W95/><G81/><T35/><D88/><U19/><E86/><V116/><F116/><W74/><G74/><T36/><D36/><U99/><E89/><V58/><F58/><W108/><G108/><T66/><D66/><U29/><REACH who="1" step="1"/><E4/><REACH who="1" ten="417,64,217,282" step="2"/><V126/><F126/><W15/><G79/><T91/><D91/><U21/><E21/><V38/><AGARI ba="0,2" hai="7,11,13,23,25,30,38,43,47,56,62,67,84,85" machi="38" ten="20,2700,0" yaku="1,1,0,1,7,1,53,0" doraHai="45" doraHaiUra="107" who="2" fromWho="2" sc="417,-13,64,-7,217,47,282,-7" /><INIT seed="5,0,0,2,3,50" ten="404,57,264,275" oya="1" hai0="6,10,121,5,92,18,73,96,43,93,130,12,61" hai1="117,102,133,104,74,54,76,66,120,126,105,9,53" hai2="58,60,125,52,36,94,23,33,131,124,42,64,14" hai3="11,110,71,37,32,8,97,35,55,128,81,26,109"/><U45/><E117/><V101/><F33/><W56/><G71/><T38/><D73/><U91/><E66/><V69/><F131/><W88/><G37/><T67/><D130/><U17/><E120/><V3/><F3/><W2/><G2/><T7/><D121/><U49/><E133/><V83/><F83/><W87/><G35/><T40/><D38/><U48/><E126/><N who="2" m="48747" /><F101/><W119/><G32/><T28/><D28/><U16/><E74/><V134/><F94/><W84/><G26/><T107/><D107/><U103/><E76/><V39/><F42/><W57/><G81/><T30/><D30/><U34/><E34/><V82/><F82/><W27/><G97/><T98/><D98/><U123/><E123/><V90/><F90/><W68/><G88/><N who="0" m="55303" /><D93/><U80/><E105/><V135/><F14/><W111/><G109/><T44/><D44/><N who="1" m="27783" /><E104/><V24/><F36/><W77/><G128/><T122/><D122/><U15/><E17/><N who="2" m="12399" /><F39/><W99/><G110/><T13/><D12/><U78/><E78/><V116/><F116/><W31/><G119/><T70/><D43/><U59/><E45/><V62/><AGARI ba="0,0" hai="52,58,60,62,64,69,134,135" m="12399,48747" machi="62" ten="30,4000,0" yaku="18,1,52,1,54,1" doraHai="50" who="2" fromWho="2" sc="404,-10,57,-20,264,40,275,-10" /><INIT seed="6,0,0,3,1,54" ten="394,37,304,265" oya="2" hai0="107,122,100,119,17,12,69,9,52,25,40,1,11" hai1="13,133,82,101,29,99,27,87,30,72,35,90,60" hai2="120,86,49,127,24,95,79,106,121,41,103,37,3" hai3="123,66,15,104,10,64,62,108,111,6,20,2,92"/><V125/><F37/><W131/><G123/><N who="2" m="47177" /><F3/><W71/><G104/><T128/><D122/><U59/><E133/><V80/><F24/><W28/><G131/><T18/><D69/><U4/><E72/><N who="2" m="43111" /><F41/><W56/><G92/><T98/><D40/><U113/><E113/><V16/><F49/><W114/><G114/><T67/><D67/><U96/><E101/><V115/><F16/><W84/><G84/><T34/><D128/><U58/><E30/><V112/><F112/><W118/><G118/><T76/><D76/><U31/><E31/><V43/><F43/><W55/><G66/><T126/><D119/><U97/><REACH who="1" step="1"/><E60/><REACH who="1" ten="394,27,304,265" step="2"/><V70/><F115/><W85/><G28/><T132/><D132/><U91/><E91/><N who="2" m="53751" /><F70/><W130/><G71/><T124/><D100/><U33/><E33/><V36/><F36/><W105/><G62/><T5/><D34/><U32/><E32/><V77/><F77/><W68/><G68/><T65/><D65/><U89/><E89/><V94/><F106/><W81/><G105/><T22/><D107/><U47/><E47/><V46/><F46/><W50/><G64/><T38/><D38/><U78/><E78/><V19/><F103/><W45/><G130/><T26/><D98/><U75/><E75/><V109/><F125/><W53/><G45/><T110/><D126/><U42/><E42/><V51/><F127/><W129/><G129/><T83/><D124/><U135/><E135/><V39/><F39/><W61/><G61/><T44/><D44/><U7/><E7/><V48/><F48/><W73/><G50/><T23/><D5/><RYUUKYOKU ba="0,1" sc="394,-10,27,30,304,-10,265,-10" hai1="4,13,27,29,35,58,59,82,87,90,96,97,99" /><INIT seed="7,1,1,1,2,64" ten="384,57,294,255" oya="3" hai0="10,51,123,74,98,43,4,67,84,93,32,12,87" hai1="26,69,57,65,18,94,116,129,89,100,71,6,49" hai2="7,113,45,101,24,34,60,119,2,70,106,105,30" hai3="0,25,11,135,29,63,19,77,36,80,75,117,92"/><W42/><G117/><T41/><D74/><U90/><E6/><V47/><F119/><W48/><G135/><T107/><D107/><U44/><E116/><V8/><F113/><W15/><G36/><T96/><D32/><U27/><E129/><V9/><F9/><W118/><G118/><T95/><D67/><U58/><E100/><V16/><F105/><W120/><G120/><T126/><D126/><U52/><E65/><N who="2" m="41255" /><F16/><W46/><G63/><T54/><D123/><U17/><E94/><N who="0" m="35849" /><D87/><U62/><E62/><V56/><F56/><W40/><G92/><T115/><D84/><U68/><E44/><V102/><F102/><W91/><G91/><T104/><D104/><U5/><E5/><V111/><F111/><W109/><G0/><T38/><D38/><U37/><E37/><V99/><AGARI ba="1,1" hai="2,7,8,24,30,34,45,47,99,101,106" m="41255" machi="99" ten="30,2000,0" yaku="25,1,52,1" doraHai="64" who="2" fromWho="2" sc="384,-6,57,-6,294,33,255,-11" owari="378,48.0,51,-45.0,327,13.0,244,-16.0" /></mjloggm>