<mjloggm ver="2.3"><GO type="185" lobby="0"/><UN n0="%E4%B8%83%E7%80%AC%E6%82%A0%E6%9C%88" n1="%50%42%33%2D%50" n2="%E7%9C%81%E5%AE%9F" n3="" dan="17,18,17,0" rate="2272.13,2285.33,2207.76,1500.00" sx="F,F,F,C"/><TAIKYOKU oya="0"/><INIT seed="0,0,0,2,5,116" ten="350,350,350,0" oya="0" hai0="46,94,132,65,109,72,106,49,34,32,107,91,78" hai1="102,81,69,76,38,128,126,122,64,111,61,70,56" hai2="58,110,98,1,74,79,120,103,127,54,84,124,43" hai3=""/><T134/><D65/><U113/><N who="1" m="31264" /><U40/><E113/><V37/><N who="2" m="30752" /><V97/><F1/><T47/><D78/><U41/><E70/><V73/><F110/><T51/><D72/><U86/><E111/><V42/><F84/><T125/><D109/><U55/><E128/><V89/><F89/><T39/><D39/><U2/><E2/><V0/><F0/><T101/><D101/><U93/><E126/><N who="2" m="48171" /><F79/><T105/><D125/><U67/><E67/><V80/><F80/><T87/><D51/><U50/><E38/><V95/><F98/><T59/><D59/><U3/><E3/><V35/><F35/><T71/><D71/><U92/><E102/><V57/><F58/><T100/><D100/><U82/><E82/><V83/><F83/><T75/><D75/><N who="2" m="28682" /><F37/><T130/><D32/><U131/><E76/><V118/><F118/><T44/><D34/><U104/><E56/><V85/><F85/><T88/><D91/><U63/><E69/><V135/><F135/><N who="0" m="51754" /><D130/><U36/><E131/><V114/><F114/><T123/><N who="0" m="31520" /><T77/><D77/><U115/><E115/><V119/><F119/><T66/><D88/><U133/><E133/><V62/><AGARI ba="0,0" hai="42,43,54,57,62,95,97,103" m="28682,48171,30752" machi="62" ten="30,3000,0" yaku="18,1,52,2" doraHai="116" who="2" fromWho="2" sc="350,-20,350,-10,350,30,0,0" /><INIT seed="1,0,0,3,2,110" ten="330,340,380,0" oya="1" hai0="47,77,114,69,52,97,75,54,63,81,105,129,73" hai1="111,61,84,134,94,90,41,92,37,93,119,68,124" hai2="65,103,50,89,67,64,135,34,38,1,35,123,109" hai3=""/><U42/><E119/><V49/><N who="2" m="31520" /><V46/><F1/><T100/><D129/><U80/><E134/><V62/><F135/><T88/><D73/><U121/><N who="1" m="31008" /><U122/><N who="1" m="31264" /><U83/><E124/><V91/><F109/><T104/><D104/><U70/><E111/><V39/><F103/><T79/><D79/><U44/><E42/><V132/><F132/><T127/><D127/><U120/><N who="1" m="30752" /><U32/><E32/><V125/><F125/><T53/><D114/><U56/><REACH who="1" step="1"/><E83/><REACH who="1" ten="330,330,380,0" step="2"/><V112/><F34/><T40/><D40/><U95/><N who="1" m="23552" /><DORA hai="72" /><U2/><E2/><V51/><F35/><T66/><REACH who="0" step="1"/><D88/><REACH who="0" ten="320,330,380,0" step="2"/><U126/><E126/><V133/><F89/><T43/><D43/><U128/><E128/><V108/><F91/><T55/><D55/><AGARI ba="0,2" hai="37,41,44,55,56,61,68,70,80,84,90" m="23552,30752,31264,31008" machi="55" ten="50,18000,2" yaku="1,1,52,3,53,2" doraHai="110,72" doraHaiUra="58,76" who="1" fromWho="0" sc="320,-180,330,200,380,0,0,0" /><INIT seed="1,1,0,2,2,47" ten="140,530,380,0" oya="1" hai0="74,127,81,42,122,53,133,126,35,2,75,58,69" hai1="64,134,91,129,3,36,86,77,101,96,108,121,65" hai2="41,32,82,115,66,54,34,67,131,106,59,132,105" hai3=""/><U51/><N who="1" m="31008" /><U87/><E36/><V68/><F132/><T118/><N who="0" m="31264" /><T110/><D35/><U109/><E3/><V111/><F111/><N who="1" m="42569" /><E134/><V57/><F41/><T98/><D110/><U120/><N who="1" m="30752" /><U112/><E112/><V124/><F115/><T100/><D133/><U55/><E129/><V123/><N who="2" m="31520" /><V60/><F131/><T33/><D69/><U85/><E91/><V130/><F130/><T79/><D33/><U48/><E77/><V99/><F68/><T73/><D42/><U78/><E78/><V90/><F90/><T46/><D46/><U70/><E55/><V89/><F54/><T113/><D2/><U125/><E125/><N who="0" m="47625" /><D113/><U50/><E70/><V116/><F124/><T71/><D71/><U117/><E117/><V94/><F116/><T38/><D38/><U135/><E135/><V45/><F32/><T83/><D118/><U37/><E37/><V95/><F34/><T40/><D40/><U107/><AGARI ba="1,0" hai="48,50,51,64,65,85,86,87,96,101,107" m="30752,42569,31008" machi="107" ten="40,12000,2" yaku="14,1,10,1,52,5" doraHai="47" who="1" fromWho="1" sc="140,-61,530,122,380,-61,0,0" /><INIT seed="1,2,0,4,3,117" ten="79,652,319,0" oya="1" hai0="41,84,58,109,74,83,53,37,67,69,56,129,86" hai1="48,78,34,64,127,89,126,120,39,113,35,110,76" hai2="115,36,32,79,103,108,132,104,49,97,85,135,125" hai3=""/><U71/><N who="1" m="30752" /><U88/><E39/><V40/><F32/><T77/><D109/><U3/><E110/><V55/><F108/><T81/><D129/><U2/><E64/><V100/><F100/><T123/><N who="0" m="31520" /><T131/><D131/><U62/><E62/><V119/><F119/><T44/><D74/><U95/><E95/><V93/><F93/><T99/><D99/><U112/><E48/><V107/><F36/><T68/><D58/><U102/><E102/><V94/><F103/><T0/><D67/><U45/><E45/><V42/><F132/><T124/><D124/><U105/><E105/><V130/><F125/><T61/><REACH who="0" step="1"/><D0/><REACH who="0" ten="69,652,319,0" step="2"/><U111/><E111/><V134/><F135/><T118/><D118/><U133/><E133/><V75/><F134/><T101/><D101/><U106/><E106/><V72/><F104/><T43/><D43/><U33/><E33/><V66/><F107/><T82/><D82/><U38/><E34/><V91/><F130/><T60/><D60/><U122/><E35/><V92/><F40/><T114/><D114/><U65/><E112/><V54/><F42/><T47/><D47/><U63/><E113/><V80/><F115/><T87/><D87/><U52/><E3/><V73/><F66/><RYUUKYOKU ba="2,1" sc="69,20,652,-10,319,-10,0,0" hai0="37,41,44,53,56,61,68,69,77,81,83,84,86" /><INIT seed="2,3,1,0,2,3" ten="89,642,309,0" oya="2" hai0="96,101,132,135,98,82,99,118,36,133,2,69,83" hai1="63,34,47,58,45,120,103,84,46,113,43,94,54" hai2="119,124,56,112,37,93,38,95,55,61,97,130,88" hai3=""/><V90/><F119/><T123/><N who="0" m="31520" /><T128/><D2/><U91/><N who="1" m="30752" /><U85/><E34/><V106/><F112/><T41/><D69/><U1/><E1/><V109/><F106/><T42/><D118/><U70/><E113/><V89/><F124/><T75/><D36/><U102/><E70/><V107/><F107/><T115/><D115/><U35/><E35/><V74/><F74/><T76/><D101/><N who="1" m="38411" /><E85/><V117/><F117/><T40/><REACH who="0" step="1"/><D83/><REACH who="0" ten="79,642,309,0" step="2"/><U111/><E111/><V64/><F37/><T71/><D71/><U72/><E72/><V122/><N who="2" m="31264" /><V60/><F109/><T78/><D78/><U0/><E0/><V59/><F38/><T66/><D66/><U49/><AGARI ba="3,2" hai="43,45,46,47,49,54,58,63,84,91,94" m="38411,30752" machi="49" ten="30,1500,0" yaku="8,1,52,1" doraHai="3" who="1" fromWho="1" sc="79,-8,642,41,309,-13,0,0" /><INIT seed="4,0,0,2,5,102" ten="71,683,296,0" oya="0" hai0="69,99,78,36,111,124,126,92,84,35,61,133,106" hai1="54,40,79,38,70,110,74,53,115,109,59,80,51" hai2="82,67,76,107,32,58,122,0,112,37,128,119,90" hai3=""/><T71/><D35/><U2/><E2/><V113/><F90/><T120/><N who="0" m="30752" /><T130/><D36/><U134/><E70/><V125/><F82/><T50/><D130/><U1/><E1/><V117/><F58/><T97/><D133/><U83/><E134/><V39/><F67/><T56/><D111/><U33/><E33/><V43/><F76/><T77/><D106/><U42/><E38/><V55/><F55/><T96/><D50/><U87/><E53/><V105/><F43/><T73/><D73/><U86/><E74/><V44/><F44/><T81/><D78/><U85/><E79/><V47/><F117/><T104/><D92/><U49/><E49/><V118/><F105/><T101/><D71/><U3/><E51/><V46/><F118/><T114/><D69/><U52/><E40/><V123/><N who="2" m="31264" /><V127/><F39/><T121/><N who="0" m="31008" /><T57/><D57/><U64/><E59/><V103/><F32/><T60/><D114/><U135/><E115/><N who="2" m="44107" /><F119/><T91/><D61/><U94/><E135/><V65/><F0/><T88/><D97/><U95/><E3/><V75/><F37/><T68/><D68/><U129/><E110/><V132/><F75/><T131/><D56/><U41/><E109/><RYUUKYOKU ba="0,0" sc="71,0,683,0,296,0,0,0" /><INIT seed="5,1,0,0,4,69" ten="71,683,296,0" oya="1" hai0="114,119,83,0,134,42,32,120,135,108,86,130,103" hai1="113,1,118,104,50,96,49,80,36,116,115,64,72" hai2="48,112,54,74,75,51,98,2,110,133,89,39,43" hai3=""/><U57/><E1/><V95/><F2/><T93/><N who="0" m="30752" /><T77/><D0/><U47/><E104/><V66/><F110/><T106/><D32/><U34/><E34/><V117/><F117/><N who="1" m="45161" /><E96/><V79/><F66/><T105/><D42/><U65/><E80/><V124/><F124/><T107/><D119/><U127/><E72/><V131/><F131/><T53/><D53/><U70/><E70/><V90/><F89/><T88/><D108/><U68/><E68/><V45/><F75/><T92/><D130/><U81/><E81/><V123/><F74/><T78/><D114/><U38/><E64/><V125/><F125/><T3/><D3/><U102/><E102/><V126/><F126/><T94/><REACH who="0" step="1"/><D103/><REACH who="0" ten="61,683,296,0" step="2"/><U40/><E115/><V71/><N who="2" m="31520" /><V61/><F112/><T129/><D129/><U87/><E113/><V62/><F54/><T63/><D63/><U37/><E127/><V101/><F62/><T82/><D82/><U85/><E65/><V76/><F101/><T67/><D67/><U33/><E33/><V99/><F71/><T111/><D111/><U44/><E40/><V59/><F43/><T52/><D52/><U55/><E55/><V46/><F61/><T100/><D100/><U128/><E128/><RYUUKYOKU ba="1,1" sc="61,20,683,-10,296,-10,0,0" hai0="77,78,83,86,88,92,93,94,105,106,107,134,135" /><INIT seed="6,2,1,5,5,52" ten="81,673,286,0" oya="2" hai0="34,62,71,78,69,93,103,68,53,85,40,94,90" hai1="117,123,104,91,54,35,83,60,125,74,102,116,108" hai2="129,127,135,46,134,33,38,86,36,101,87,63,39" hai3=""/><V131/><F33/><T130/><D34/><U77/><E108/><V80/><F101/><T61/><D130/><N who="2" m="49674" /><F63/><T37/><D78/><U92/><E35/><V44/><F80/><T64/><D103/><U132/><E123/><V107/><F107/><T110/><D85/><U97/><E60/><V82/><F82/><T88/><D88/><U32/><E91/><V120/><N who="2" m="30752" /><V81/><F81/><T70/><D90/><U76/><E83/><V99/><F99/><T115/><D94/><U67/><E92/><V75/><F75/><T121/><N who="0" m="31008" /><T79/><D79/><U118/><E77/><V112/><F112/><T96/><D93/><U72/><E97/><V111/><F44/><T65/><D96/><U58/><E104/><V42/><F46/><T1/><D1/><U95/><E74/><V98/><F42/><T100/><D100/><U47/><E72/><V57/><F98/><T124/><D110/><U3/><E32/><V114/><F111/><T84/><D84/><U89/><E102/><V41/><F114/><T126/><D115/><U133/><E76/><V45/><F86/><T49/><D40/><U59/><E47/><V106/><F45/><T105/><D105/><U50/><E95/><V43/><F87/><RYUUKYOKU ba="2,1" sc="81,0,673,0,286,0,0,0" owari="81,-52.0,683,63.0,286,-11.0,0,0.0" /></mjloggm>