<mjloggm ver="2.3"><GO type="185" lobby="0"/><UN n0="%52%35" n1="%E9%BE%8D%E9%A6%AC%E3%81%AE%E5%B0%8F%E5%80%89" n2="%4D%45%42%49%55%53" n3="" dan="16,18,16,0" rate="2167.65,2280.91,2194.61,1500.00" sx="M,M,F,C"/><TAIKYOKU oya="0"/><INIT seed="0,0,0,1,4,51" ten="350,350,350,0" oya="0" hai0="101,91,106,124,134,77,58,42,36,37,82,1,100" hai1="55,50,66,81,133,109,105,76,131,46,103,65,59" hai2="75,120,67,94,61,88,73,112,114,69,107,111,68" hai3=""/><T95/><D1/><U52/><E109/><V118/><N who="2" m="30752" /><V83/><F107/><T41/><D134/><U121/><N who="1" m="31008" /><U135/><E131/><V116/><F111/><T3/><D3/><U64/><E103/><V53/><F69/><T85/><D124/><U84/><REACH who="1" step="1"/><E105/><REACH who="1" ten="350,340,350,0" step="2"/><V62/><F118/><T102/><D106/><U92/><E92/><V117/><F116/><T34/><D102/><U129/><E129/><V70/><F117/><T44/><D101/><U97/><E97/><V80/><F94/><T108/><D100/><U78/><E78/><V32/><F32/><T74/><D108/><U49/><AGARI ba="0,1" hai="46,49,50,52,55,59,64,65,66,76,81,84,133,135" m="31008" machi="49" ten="30,12000,3" yaku="1,1,0,1,52,3,54,1,53,3" doraHai="51" doraHaiUra="60" who="1" fromWho="1" sc="350,-80,340,130,350,-40,0,0" /><INIT seed="1,0,0,3,0,87" ten="270,470,310,0" oya="1" hai0="69,57,128,118,85,71,61,33,96,0,77,82,91" hai1="47,45,116,65,104,38,109,105,52,68,75,78,73" hai2="32,90,72,107,76,133,83,49,70,3,63,124,37" hai3=""/><U94/><E116/><V114/><RYUUKYOKU type="yao9" ba="0,0" sc="270,0,470,0,310,0,0,0" hai2="3,32,37,49,63,70,72,76,83,90,107,114,124,133" /><INIT seed="1,1,0,0,3,98" ten="270,470,310,0" oya="1" hai0="120,63,75,85,106,91,126,101,114,111,131,128,135" hai1="97,96,77,57,121,1,51,44,60,84,109,124,70" hai2="0,93,94,87,103,117,64,33,32,112,66,81,119" hai3=""/><U3/><N who="1" m="31008" /><U76/><E70/><V67/><F112/><T71/><N who="0" m="30752" /><T61/><D114/><U125/><E109/><V113/><F113/><T107/><D111/><U78/><E84/><V37/><F37/><T35/><D35/><U73/><E73/><V34/><F0/><T130/><D75/><U43/><E1/><V79/><REACH who="2" step="1"/><F103/><REACH who="2" ten="270,470,300,0" step="2"/><T47/><D101/><U62/><E3/><V2/><F2/><T108/><D108/><U41/><E41/><V129/><F129/><T56/><D130/><U72/><E72/><V74/><F74/><T69/><D128/><U89/><E124/><V99/><F99/><T83/><D131/><U127/><E125/><V42/><F42/><T110/><D126/><U38/><E127/><V134/><F134/><T80/><D135/><U39/><E96/><V54/><F54/><T92/><D110/><U102/><E38/><V100/><F100/><T53/><D53/><U118/><E102/><V90/><F90/><T116/><D91/><U49/><E89/><V36/><F36/><T95/><D107/><U115/><E115/><V55/><F55/><T123/><D106/><U86/><E97/><V50/><F50/><T122/><N who="0" m="31264" /><T104/><N who="0" m="31520" /><T88/><D88/><RYUUKYOKU ba="1,1" sc="270,-10,470,-10,300,20,0,0" hai2="32,33,34,64,66,67,79,81,87,93,94,117,119" /><INIT seed="2,2,1,4,0,38" ten="260,460,320,0" oya="2" hai0="84,51,37,93,0,130,133,110,77,45,61,82,34" hai1="86,90,75,103,35,123,127,104,79,54,120,121,112" hai2="122,105,98,42,108,100,135,116,129,53,114,62,57" hai3=""/><V52/><N who="2" m="31264" /><V68/><F114/><T125/><D0/><U95/><N who="1" m="30752" /><U71/><N who="1" m="31008" /><U106/><N who="1" m="31520" /><U58/><E112/><V47/><F116/><T73/><D34/><U124/><E71/><V132/><F129/><T117/><D117/><U87/><E35/><V113/><F113/><T119/><D119/><U63/><E86/><V80/><F108/><T88/><D130/><U107/><REACH who="1" step="1"/><E103/><REACH who="1" ten="260,450,320,0" step="2"/><V48/><F68/><T65/><D84/><U134/><E134/><N who="2" m="51243" /><F80/><AGARI ba="2,2" hai="54,58,63,75,79,80,87,90,95,104,106,107,124,127" m="31520,31008,30752" machi="80" ten="50,8000,1" yaku="1,1,52,3,53,0" doraHai="38" doraHaiUra="99" who="1" fromWho="2" sc="260,0,450,104,320,-84,0,0" /><INIT seed="4,0,0,2,2,114" ten="260,554,236,0" oya="0" hai0="72,84,107,121,134,95,63,101,35,130,3,59,74" hai1="93,133,82,106,92,67,113,122,111,102,120,85,128" hai2="116,65,96,125,86,76,62,64,83,66,68,39,46" hai3=""/><T80/><N who="0" m="31008" /><T94/><D3/><U91/><N who="1" m="30752" /><U100/><N who="1" m="31264" /><U42/><E42/><V36/><F125/><T54/><D35/><U87/><E67/><V132/><F132/><T126/><D134/><U55/><E55/><V37/><F116/><T43/><D126/><U75/><E133/><V53/><F96/><T56/><D130/><U112/><E128/><V109/><F109/><T2/><D2/><U33/><E33/><V48/><AGARI ba="0,0" hai="36,37,39,46,48,53,62,64,65,66,68,76,83,86" machi="48" ten="40,1100,0" yaku="0,1" doraHai="114" who="2" fromWho="2" sc="260,-7,554,-4,236,11,0,0" /><INIT seed="5,0,0,4,4,88" ten="253,550,247,0" oya="1" hai0="40,38,39,99,117,80,129,47,94,61,34,123,73" hai1="77,41,124,64,49,102,120,131,109,51,54,68,86" hai2="90,118,76,67,55,89,95,91,119,35,113,92,135" hai3=""/><U60/><N who="1" m="30752" /><U78/><E131/><V2/><F2/><T108/><N who="0" m="31520" /><T3/><D3/><U122/><N who="1" m="31264" /><U70/><E70/><V126/><F35/><T71/><D34/><U104/><E124/><V132/><F126/><T97/><D108/><U107/><E109/><V110/><F110/><T134/><D129/><U112/><E112/><V56/><F67/><T100/><D134/><N who="2" m="51242" /><F76/><T116/><D39/><U130/><E130/><V42/><F42/><T46/><D46/><U101/><E41/><V111/><F111/><T87/><D73/><U84/><E64/><V82/><F82/><T66/><REACH who="0" step="1"/><D99/><REACH who="0" ten="243,550,247,0" step="2"/><U103/><E68/><V62/><F113/><T52/><D52/><U33/><E33/><V96/><F96/><T75/><D75/><U45/><E45/><V58/><F58/><T48/><D48/><U69/><E49/><V72/><F72/><T128/><D128/><U133/><E51/><V83/><F83/><T50/><D50/><U106/><E133/><V36/><F36/><T63/><D63/><U32/><E32/><V121/><N who="2" m="31008" /><V59/><F56/><T37/><D37/><U114/><E114/><V127/><F127/><T53/><D53/><U57/><E69/><V81/><F81/><RYUUKYOKU ba="0,1" sc="243,0,550,0,247,0,0,0" hai0="38,40,47,61,66,71,80,87,94,97,100,116,117" hai1="54,57,60,77,78,84,86,101,102,103,104,106,107" hai2="55,59,62,89,90,91,92,95,118,119" /><INIT seed="5,1,1,3,3,73" ten="243,550,247,0" oya="1" hai0="132,117,86,129,81,0,120,109,115,96,121,83,87" hai1="64,125,57,124,118,44,46,1,54,34,100,72,113" hai2="2,94,97,68,128,110,35,53,111,65,36,90,101" hai3=""/><U106/><E1/><V105/><F2/><T47/><N who="0" m="30752" /><T59/><N who="0" m="31008" /><T69/><D0/><U93/><E34/><V70/><F35/><T134/><D109/><U40/><E106/><V74/><F128/><T43/><D69/><U67/><E72/><V84/><F36/><T92/><D129/><U60/><E100/><V79/><F53/><T41/><D115/><U66/><E93/><V76/><F65/><T89/><D59/><U104/><E104/><V61/><F61/><T33/><D117/><U82/><E82/><V77/><REACH who="2" step="1"/><F74/><REACH who="2" ten="243,550,237,0" step="2"/><T99/><D33/><U91/><E66/><V62/><F62/><T127/><D127/><U102/><E64/><V51/><F51/><T55/><D55/><U88/><E67/><V131/><F131/><T49/><D43/><U32/><E32/><V95/><F95/><T85/><D134/><U45/><E40/><V3/><F3/><T114/><D132/><U103/><E124/><V119/><F119/><T108/><D41/><U130/><E125/><V135/><F135/><T98/><D92/><U123/><E130/><V63/><F63/><T80/><D49/><U78/><E118/><V48/><F48/><T37/><D37/><U39/><N who="1" m="31520" /><U56/><E39/><RYUUKYOKU ba="1,2" sc="243,-10,550,-10,237,20,0,0" hai2="68,70,76,77,79,84,90,94,97,101,105,110,111" /><INIT seed="6,2,2,5,5,37" ten="233,540,257,0" oya="2" hai0="0,102,78,89,114,106,69,129,87,108,36,42,83" hai1="34,54,58,44,55,75,133,131,81,73,127,91,95" hai2="101,103,68,56,45,41,135,59,104,67,39,122,64" hai3=""/><V94/><N who="2" m="31264" /><V3/><F3/><T123/><N who="0" m="31520" /><T116/><D116/><U99/><E34/><V71/><F135/><T38/><D108/><U40/><E133/><V121/><N who="2" m="31008" /><V97/><F59/><T110/><D110/><U1/><E1/><V88/><F103/><T115/><D0/><U113/><E113/><N who="0" m="43017" /><D129/><U57/><E131/><V35/><F35/><T84/><D69/><U132/><E132/><V117/><F117/><T77/><D42/><U109/><E109/><V93/><F104/><T60/><D60/><U112/><E112/><V32/><F32/><T85/><D78/><U51/><E81/><V50/><F68/><T76/><D76/><U130/><E130/><V61/><F71/><T65/><D65/><U119/><E119/><V74/><F74/><T128/><D128/><U79/><E79/><V43/><F67/><T134/><D134/><U96/><E96/><V52/><F39/><N who="0" m="14890" /><D77/><U72/><E57/><V90/><F101/><T48/><D48/><U53/><E58/><V120/><N who="2" m="30752" /><V100/><F100/><T92/><D106/><U70/><E70/><V66/><F66/><T63/><D63/><U46/><E46/><V49/><F49/><T111/><D111/><U80/><E51/><RYUUKYOKU ba="2,2" sc="233,10,540,-20,257,10,0,0" hai0="83,84,85,87,89,92,102" hai2="41,43,45,50,52,56,61,64,88,90,93,94,97" /><INIT seed="6,3,2,3,0,103" ten="243,520,267,0" oya="2" hai0="66,45,133,38,70,51,134,52,71,54,40,84,99" hai1="49,102,97,127,111,110,79,64,91,39,101,2,85" hai2="43,42,58,86,82,77,81,98,74,44,75,96,61" hai3=""/><V36/><F42/><T80/><D99/><U135/><E39/><V3/><F3/><T109/><D109/><U104/><E2/><V124/><F124/><T65/><D54/><U122/><N who="1" m="31264" /><U128/><E64/><N who="0" m="24681" /><D84/><U62/><E62/><V95/><F95/><T37/><D80/><U60/><E60/><V34/><F34/><T46/><D38/><U125/><E49/><V121/><N who="2" m="31008" /><V94/><F94/><T88/><D88/><U107/><E79/><V126/><F126/><N who="1" m="48137" /><E128/><V69/><F69/><AGARI ba="3,2" hai="37,40,45,46,51,52,69,70,71,133,134" m="24681" machi="69" ten="30,3900,0" yaku="34,2,54,1" doraHai="103" who="0" fromWho="2" sc="243,65,520,0,267,-45,0,0" owari="308,-9.0,520,47.0,222,-38.0,0,0.0" /></mjloggm>