<mjloggm ver="2.3"><GO type="185" lobby="0"/><UN n0="%E4%B8%83%E7%80%AC%E6%82%A0%E6%9C%88" n1="%4E%45%47%49%54%53" n2="%52%35" n3="" dan="17,18,16,0" rate="2259.95,2311.67,2167.25,1500.00" sx="F,F,M,C"/><TAIKYOKU oya="0"/><INIT seed="0,0,0,4,4,52" ten="350,350,350,0" oya="0" hai0="60,100,125,132,86,46,114,96,81,36,72,53,118" hai1="110,131,40,101,34,85,105,109,88,33,87,126,90" hai2="66,32,63,41,91,130,57,95,59,67,112,70,43" hai3=""/><T2/><D114/><U104/><E40/><V58/><F112/><T80/><D118/><U71/><E71/><V111/><F32/><T103/><D2/><U64/><E101/><V113/><F113/><T116/><D116/><U124/><REACH who="1" step="1"/><E64/><REACH who="1" ten="350,340,350,0" step="2"/><V74/><F67/><T123/><N who="0" m="31520" /><T42/><D103/><U120/><N who="1" m="30752" /><U98/><E98/><V92/><F41/><T107/><D96/><U89/><E89/><V47/><F70/><T119/><D100/><U50/><E50/><V39/><F91/><T0/><D42/><U37/><E37/><V129/><F111/><T77/><D36/><U106/><E106/><V83/><F66/><T51/><D51/><U82/><E82/><V79/><REACH who="2" step="1"/><F63/><REACH who="2" ten="350,340,340,0" step="2"/><T102/><D60/><U56/><E56/><V61/><F61/><T134/><D119/><U38/><E38/><V54/><F54/><T84/><D53/><U45/><E45/><V133/><F133/><T44/><D44/><U76/><E76/><V108/><F108/><T55/><D46/><U65/><E65/><V1/><F1/><T49/><D0/><U127/><E127/><V94/><AGARI ba="0,2" hai="39,43,47,57,58,59,74,79,83,92,94,95,129,130" machi="94" ten="40,6000,1" yaku="1,1,0,1,52,3,53,0" doraHai="52" doraHaiUra="93" who="2" fromWho="2" sc="350,-40,340,-20,340,80,0,0" /><INIT seed="1,0,0,0,3,60" ten="310,320,420,0" oya="1" hai0="85,99,2,134,121,48,0,3,93,104,41,67,108" hai1="62,112,117,45,114,80,130,37,110,115,123,72,74" hai2="71,38,101,69,53,119,70,58,1,107,116,127,98" hai3=""/><U82/><N who="1" m="31520" /><U50/><E117/><V34/><F1/><T59/><N who="0" m="31008" /><T73/><D73/><U103/><E37/><V44/><F34/><T46/><D108/><U100/><E130/><V94/><F127/><T124/><D124/><U39/><E39/><V77/><F77/><T52/><D134/><U89/><E110/><V126/><F126/><T122/><N who="0" m="31264" /><T128/><D128/><U102/><E62/><V86/><F86/><T56/><D67/><U55/><REACH who="1" step="1"/><E89/><REACH who="1" ten="310,310,420,0" step="2"/><V88/><F38/><T76/><D0/><U84/><E84/><V79/><F119/><T68/><D2/><U129/><E129/><V75/><F116/><T135/><D3/><U32/><E32/><V65/><F88/><T132/><D132/><U78/><E78/><V61/><F79/><T81/><D135/><U113/><N who="1" m="28672" /><DORA hai="42" /><U43/><E43/><V36/><F36/><T92/><D41/><U66/><E66/><V64/><F64/><T51/><D85/><U49/><E49/><V40/><F65/><T106/><D51/><U125/><E125/><V111/><F111/><T91/><D48/><U35/><E35/><V95/><F75/><AGARI ba="0,1" hai="45,50,55,72,74,75,80,82,100,102,103" m="28672,31520" machi="75" ten="70,12000,1" yaku="1,1,52,2,53,1" doraHai="60,42" doraHaiUra="33,118" who="1" fromWho="2" sc="310,0,310,130,420,-120,0,0" /><INIT seed="1,1,0,2,3,114" ten="310,440,300,0" oya="1" hai0="117,99,105,116,118,83,119,57,85,0,75,111,48" hai1="51,61,64,87,65,98,95,123,44,36,53,110,2" hai2="131,54,59,88,80,100,76,82,45,127,3,92,121" hai3=""/><U91/><N who="1" m="31520" /><U90/><E2/><V79/><N who="2" m="31008" /><V60/><F3/><T109/><N who="0" m="29696" /><DORA hai="46" /><T108/><D0/><U115/><E115/><V104/><F131/><T125/><D125/><U97/><E110/><V134/><F127/><T135/><D135/><U43/><E98/><V122/><N who="2" m="31264" /><V58/><F134/><T42/><D75/><U52/><E36/><V120/><N who="2" m="30752" /><V101/><F104/><T84/><D42/><U113/><E113/><V39/><F39/><T89/><D85/><U112/><E112/><V56/><F60/><T71/><D71/><U41/><E53/><V102/><F45/><T81/><D81/><U47/><E47/><V37/><F54/><T86/><D86/><U94/><E65/><V78/><F37/><T55/><D99/><AGARI ba="1,0" hai="56,58,59,76,78,79,80,82,88,92,99,100,101,102" m="30752,31264,31008" machi="99" ten="50,12000,2" yaku="29,2,8,1,52,3,54,1" doraHai="114,46" who="2" fromWho="0" sc="310,-122,440,0,300,122,0,0" /><INIT seed="2,0,0,0,3,111" ten="188,440,422,0" oya="2" hai0="96,42,32,47,125,66,131,98,86,78,87,112,134" hai1="57,120,71,50,119,103,76,113,102,43,63,127,105" hai2="123,60,101,41,124,48,81,130,109,116,129,83,100" hai3=""/><V34/><N who="2" m="31520" /><V82/><F116/><T33/><D125/><U126/><N who="1" m="30752" /><U36/><E119/><V95/><F34/><T97/><D131/><N who="2" m="50186" /><F124/><N who="1" m="47657" /><E36/><V88/><F109/><T72/><D134/><U114/><E71/><V92/><F92/><T118/><D118/><U70/><E70/><V51/><F60/><T53/><D66/><U99/><E103/><N who="2" m="39499" /><F41/><T52/><D32/><U94/><E94/><V106/><F106/><T90/><D33/><U46/><E76/><V69/><F69/><T115/><D78/><U75/><E75/><V107/><F107/><T40/><D72/><U132/><E132/><V89/><F89/><T133/><D133/><U49/><E49/><V0/><F0/><T128/><D128/><U65/><AGARI ba="0,0" hai="43,46,50,57,63,65,99,102,105,113,114" m="47657,30752" machi="65" ten="30,5900,0" yaku="18,1,52,3" doraHai="111" who="1" fromWho="1" sc="188,-20,440,59,422,-39,0,0" /><INIT seed="4,0,0,2,4,105" ten="168,499,383,0" oya="0" hai0="132,112,51,47,81,108,1,67,101,92,71,41,123" hai1="69,107,116,50,122,75,135,43,114,33,109,74,129" hai2="59,38,104,90,96,32,56,53,134,3,87,80,121" hai3=""/><T66/><N who="0" m="31520" /><T64/><D1/><U79/><E50/><V130/><N who="2" m="31008" /><V117/><F3/><T113/><D101/><U54/><E75/><V88/><F32/><T86/><D92/><U118/><E54/><V119/><F38/><T44/><D132/><U39/><E43/><V40/><F40/><T61/><D108/><U133/><E79/><V57/><F134/><T46/><D86/><U78/><E78/><V131/><F53/><T34/><D81/><U63/><E63/><V77/><F77/><T100/><D100/><U52/><E52/><V82/><F104/><T48/><D34/><U120/><N who="1" m="30752" /><U95/><E95/><V76/><F96/><T37/><D37/><U62/><E62/><V91/><REACH who="2" step="1"/><F82/><REACH who="2" ten="168,499,373,0" step="2"/><T115/><D41/><U99/><E99/><V35/><F35/><T127/><D127/><U93/><E135/><V36/><F36/><T102/><D102/><U65/><E93/><V0/><F0/><T125/><D125/><U58/><E133/><V70/><F70/><T103/><D103/><U89/><E39/><V124/><F124/><T85/><D85/><U42/><E33/><V128/><AGARI ba="0,1" hai="56,57,59,76,80,87,88,90,91,117,119,128,130,131" m="31008" machi="128" ten="40,9000,2" yaku="1,1,0,1,29,2,19,1,52,1,54,1,53,0" doraHai="105" doraHaiUra="110" who="2" fromWho="2" sc="168,-60,499,-30,373,100,0,0" /><BYE who="0" /><INIT seed="5,0,0,2,3,96" ten="108,469,473,0" oya="1" hai0="45,40,130,61,65,116,117,32,98,62,1,35,121" hai1="0,104,53,33,89,51,103,106,97,82,41,123,101" hai2="80,92,102,129,87,79,56,134,113,114,77,125,47" hai3=""/><U49/><N who="1" m="31520" /><U75/><E0/><V128/><F125/><T107/><D107/><U3/><E33/><V86/><F134/><T70/><D70/><U81/><E3/><V68/><F68/><T43/><D43/><U71/><E71/><V109/><F109/><T69/><D69/><U111/><E111/><V90/><F47/><T60/><D60/><U52/><E41/><V58/><F102/><N who="1" m="38921" /><E75/><V66/><F77/><T91/><D91/><U74/><E74/><V46/><F46/><T67/><D67/><U39/><E39/><V131/><REACH who="2" step="1"/><F66/><REACH who="2" ten="108,469,463,0" step="2"/><T126/><D126/><U37/><E37/><V50/><F50/><N who="1" m="18953" /><E106/><V93/><F93/><T112/><D112/><AGARI ba="0,1" hai="56,58,79,80,86,87,90,92,112,113,114,128,129,131" machi="112" ten="50,8000,1" yaku="1,1,15,1,11,1,19,1,53,1" doraHai="96" doraHaiUra="88" who="2" fromWho="0" sc="108,-80,469,0,463,90,0,0" /><INIT seed="6,0,0,4,0,118" ten="28,469,553,0" oya="2" hai0="49,55,37,42,108,79,84,52,121,123,65,39,70" hai1="104,78,103,67,131,43,56,122,82,130,129,112,87" hai2="57,62,86,32,126,71,115,59,48,73,45,50,58" hai3=""/><V132/><F32/><T66/><D66/><U109/><N who="1" m="31264" /><U90/><E109/><V81/><F115/><T38/><D38/><U77/><E112/><V98/><F126/><T101/><D101/><U110/><E110/><V106/><F132/><T99/><D99/><U36/><E36/><V3/><F3/><T105/><D105/><U93/><E43/><V60/><F73/><T91/><D91/><U74/><E77/><V53/><F71/><T94/><D94/><U0/><E0/><V44/><F98/><T88/><D88/><U61/><E103/><V125/><F106/><AGARI ba="0,0" hai="56,61,67,74,78,82,87,90,93,104,106,129,130,131" m="31264" machi="106" ten="40,5200,0" yaku="19,1,52,2" doraHai="118" who="1" fromWho="2" sc="28,0,469,52,553,-52,0,0" owari="28,-57.0,521,47.0,501,10.0,0,0.0" /></mjloggm>