<mjloggm ver="2.3"><GO type="185" lobby="0"/><UN n0="%28%2A%C2%B4%CF%89%EF%BD%80%2A%7D" n1="%E4%B8%8A%E5%AE%B6%E3%81%AE%E6%AF%8D%E3%81%A7%E3%81%99" n2="%E3%82%89%E3%82%93%E3%81%A1%E3%81%87%E3%81%99%E3%81%9F" n3="" dan="17,16,16,0" rate="2254.75,2163.59,2185.62,1500.00" sx="F,F,M,C"/><TAIKYOKU oya="0"/><INIT seed="0,0,0,3,4,1" ten="350,350,350,0" oya="0" hai0="129,89,81,66,87,59,51,44,98,0,124,34,67" hai1="122,130,123,73,56,131,78,83,85,79,82,126,109" hai2="99,105,95,62,110,107,121,68,132,35,45,40,39" hai3=""/><T118/><D0/><U49/><N who="1" m="31264" /><U127/><N who="1" m="31520" /><U92/><E109/><V2/><N who="2" m="31008" /><V119/><F2/><T71/><D118/><U91/><E56/><V93/><F110/><T96/><D124/><N who="1" m="47659" /><E49/><V103/><F119/><T86/><D129/><U75/><AGARI ba="0,0" hai="73,75,78,79,82,83,85,91,92,130,131" m="47659,31520,31264" machi="75" ten="30,6000,1" yaku="18,1,34,2,52,2" doraHai="1" who="1" fromWho="1" sc="350,-40,350,60,350,-20,0,0" /><INIT seed="1,0,0,5,5,90" ten="310,410,330,0" oya="1" hai0="85,41,87,74,110,99,42,127,35,72,39,113,45" hai1="131,135,56,3,120,108,51,132,2,118,111,69,116" hai2="126,32,89,95,81,55,33,48,54,1,114,68,62" hai3=""/><U119/><N who="1" m="30752" /><U49/><E69/><V83/><F1/><N who="1" m="9" /><E56/><V94/><F114/><T117/><D113/><U100/><E100/><V91/><F68/><T67/><D117/><U104/><E104/><V46/><F126/><T77/><D35/><U93/><E93/><V0/><F0/><T82/><D127/><U86/><E86/><V130/><F130/><T73/><D67/><U47/><E131/><V129/><F129/><T97/><D41/><U134/><E47/><V71/><F71/><T128/><D128/><U78/><E78/><V84/><F32/><T102/><D85/><U63/><E63/><V103/><F103/><T80/><D80/><U43/><E43/><V101/><F101/><T92/><REACH who="0" step="1"/><D99/><REACH who="0" ten="300,410,330,0" step="2"/><U64/><E64/><V50/><F33/><T38/><D38/><U121/><N who="1" m="31008" /><U125/><E125/><V76/><F62/><T98/><D98/><U34/><E34/><V65/><F65/><T70/><D70/><U124/><E124/><V105/><F84/><T59/><D59/><U58/><E58/><V44/><F76/><T57/><D57/><U109/><AGARI ba="0,1" hai="49,51,108,109,111,116,118,119,132,134,135" m="31008,9,30752" machi="109" ten="50,16000,3" yaku="29,2,28,2,14,1,10,1,20,1,52,2" doraHai="90" who="1" fromWho="1" sc="300,-80,410,170,330,-80,0,0" /><INIT seed="1,1,0,2,1,69" ten="220,580,250,0" oya="1" hai0="43,45,93,68,39,94,47,134,75,33,49,65,76" hai1="120,105,54,104,89,77,70,72,50,41,109,131,126" hai2="59,117,51,133,44,135,80,122,62,71,115,36,87" hai3=""/><U107/><N who="1" m="30752" /><U79/><E131/><V129/><N who="2" m="31264" /><V66/><F117/><T113/><D33/><U108/><E126/><V81/><F129/><T102/><D113/><U60/><E70/><V100/><F115/><T52/><D134/><U130/><E130/><V88/><F100/><T48/><D102/><U85/><E60/><V46/><F81/><T34/><D34/><U56/><E41/><V124/><F124/><T132/><D132/><N who="2" m="50762" /><F36/><T112/><D112/><U123/><N who="1" m="31520" /><U127/><E127/><V116/><F116/><T92/><D76/><U119/><E119/><V97/><F97/><T1/><D75/><U86/><E72/><V84/><F84/><T98/><D1/><U63/><E63/><V118/><F118/><T57/><D68/><U2/><E2/><V35/><F35/><T96/><REACH who="0" step="1"/><D65/><REACH who="0" ten="210,580,250,0" step="2"/><U110/><E85/><V103/><F71/><T58/><D58/><U114/><E114/><V99/><F59/><T40/><AGARI ba="1,1" hai="39,40,43,45,47,48,49,52,57,92,93,94,96,98" machi="40" ten="30,5900,0" yaku="1,1,0,1,52,1,54,1,53,0" doraHai="69" doraHaiUra="121" who="0" fromWho="0" sc="210,71,580,-40,250,-21,0,0" /><INIT seed="2,0,0,3,4,116" ten="281,540,229,0" oya="2" hai0="70,114,78,76,37,125,89,110,83,53,56,44,77" hai1="65,128,32,80,122,130,64,34,46,98,42,79,115" hai2="2,63,135,88,38,94,92,82,71,100,52,105,74" hai3=""/><V129/><F2/><T95/><D110/><U61/><N who="1" m="31264" /><U72/><E98/><V91/><F38/><T123/><N who="0" m="31520" /><T101/><D125/><U3/><E3/><V118/><F118/><T106/><D114/><U90/><E90/><V45/><F135/><T73/><D70/><U60/><E61/><V66/><F105/><T59/><D106/><U87/><E72/><V124/><F124/><T67/><D101/><U134/><E134/><V111/><F111/><T117/><D117/><U33/><E115/><V86/><F100/><T108/><D108/><U47/><E47/><V127/><F127/><T131/><D131/><N who="1" m="50219" /><E60/><V0/><F129/><T102/><D102/><U58/><E58/><V85/><F0/><T126/><D126/><U104/><E104/><V132/><F132/><T99/><D56/><U40/><E40/><V133/><F133/><T69/><D69/><U103/><E103/><V84/><F74/><T50/><REACH who="0" step="1"/><D67/><REACH who="0" ten="271,540,229,0" step="2"/><U121/><N who="1" m="31008" /><U109/><E109/><V97/><REACH who="2" step="1"/><F94/><REACH who="2" ten="271,540,219,0" step="2"/><T43/><AGARI ba="0,2" hai="37,43,44,50,53,59,73,76,77,78,83,89,95,99" m="31520" machi="43" ten="30,6000,1" yaku="1,1,0,1,52,2,53,1" doraHai="116" doraHaiUra="39" who="0" fromWho="0" sc="271,80,540,-20,219,-40,0,0" /><INIT seed="4,0,0,3,4,98" ten="351,520,179,0" oya="0" hai0="96,52,68,113,109,118,51,46,121,56,116,33,100" hai1="73,80,131,50,105,94,60,35,82,124,39,117,63" hai2="115,89,101,85,86,1,122,103,2,70,59,106,119" hai3=""/><T76/><N who="0" m="31008" /><T55/><D33/><U112/><E39/><V0/><N who="2" m="31264" /><V45/><F70/><T81/><D113/><U40/><E105/><V83/><F115/><T128/><D68/><U67/><E63/><V78/><F106/><T92/><D128/><U129/><E124/><V93/><F119/><T54/><D109/><U84/><E117/><V110/><F110/><T41/><REACH who="0" step="1"/><D56/><REACH who="0" ten="341,520,179,0" step="2"/><U42/><E35/><V3/><N who="2" m="0" /><DORA hai="49" /><V44/><REACH who="2" step="1"/><F59/><REACH who="2" ten="341,520,169,0" step="2"/><T57/><D57/><U102/><E112/><V53/><F53/><T77/><D77/><U134/><E129/><V36/><F36/><T97/><D97/><U72/><E131/><V32/><F32/><T123/><N who="0" m="31520" /><T66/><D66/><U120/><E67/><V65/><F65/><T127/><D127/><U126/><E126/><V133/><F133/><T69/><D69/><U130/><E134/><V114/><F114/><T62/><D62/><U61/><E60/><V43/><F43/><T87/><AGARI ba="0,2" hai="41,46,51,52,54,55,76,81,87,92,96,100,116,118" m="31520,31008" machi="87" ten="30,16000,3" yaku="1,1,0,1,52,6,54,1,53,1" doraHai="98,49" doraHaiUra="34,79" who="0" fromWho="0" sc="341,180,520,-80,169,-80,0,0" /><INIT seed="4,1,0,1,0,56" ten="521,440,89,0" oya="0" hai0="44,118,108,114,67,104,134,53,124,47,121,80,32" hai1="50,75,125,78,43,132,130,117,34,73,45,133,123" hai2="87,76,64,72,3,69,0,42,38,33,100,84,1" hai3=""/><T48/><N who="0" m="31008" /><T46/><D32/><U58/><N who="1" m="31520" /><U88/><E34/><V65/><F33/><T119/><D114/><U83/><E117/><V96/><F72/><T86/><D104/><U71/><E71/><V109/><F109/><T89/><D108/><U90/><E130/><V129/><F129/><T63/><D134/><U103/><E125/><V62/><F76/><T102/><D102/><U66/><E75/><V36/><F65/><T91/><D124/><U79/><E78/><V68/><F68/><T111/><D111/><U113/><E103/><V110/><F110/><T93/><D119/><U39/><E113/><V105/><REACH who="2" step="1"/><F42/><REACH who="2" ten="521,440,79,0" step="2"/><T2/><D118/><U61/><E133/><V131/><F131/><T85/><D2/><U95/><E132/><V99/><F99/><T94/><REACH who="0" step="1"/><D80/><REACH who="0" ten="511,440,79,0" step="2"/><U77/><E83/><V97/><F97/><T135/><D135/><U57/><E73/><V127/><F127/><T54/><D54/><U107/><E107/><V120/><N who="2" m="30752" /><V51/><F51/><T106/><D106/><U52/><E90/><V49/><F49/><T92/><D92/><U70/><E70/><AGARI ba="1,2" hai="44,46,47,48,53,63,67,70,85,86,89,91,93,94" m="31008" machi="70" ten="30,12000,1" yaku="1,1,7,1,9,1,52,2,53,0" doraHai="56" doraHaiUra="115" who="0" fromWho="1" sc="511,142,440,-122,79,0,0,0" /><INIT seed="4,2,0,4,1,90" ten="653,318,79,0" oya="0" hai0="40,48,34,77,111,95,58,115,55,2,49,38,41" hai1="129,135,88,35,42,119,71,100,32,110,98,125,64" hai2="36,127,54,114,116,96,117,128,79,53,44,132,75" hai3=""/><T101/><D34/><U51/><E110/><V62/><F132/><T85/><D2/><U66/><E135/><V93/><F128/><T92/><D111/><U80/><E129/><V61/><F114/><T84/><D115/><U134/><E134/><V126/><F79/><T122/><N who="0" m="31264" /><T124/><D124/><N who="2" m="47658" /><F75/><T99/><D38/><U0/><E125/><V65/><F36/><T81/><D49/><U133/><E133/><V45/><F54/><T120/><N who="0" m="30752" /><T104/><D104/><U131/><E131/><V87/><F87/><T47/><D47/><N who="2" m="17994" /><F53/><T89/><AGARI ba="2,0" hai="40,41,48,55,58,77,81,84,85,89,92,95,99,101" m="30752,31264" machi="89" ten="30,12000,2" yaku="0,1,8,1,52,4" doraHai="90" who="0" fromWho="0" sc="653,124,318,-62,79,-62,0,0" /><INIT seed="4,3,0,2,1,119" ten="777,256,17,0" oya="0" hai0="134,77,123,124,132,105,92,60,66,52,55,112,99" hai1="131,86,98,40,84,78,63,106,58,93,1,114,87" hai2="56,109,101,88,133,94,32,95,61,35,117,33,38" hai3=""/><T64/><N who="0" m="31520" /><T71/><D112/><U2/><E114/><V83/><F109/><T91/><D124/><U62/><E131/><V39/><F117/><T45/><D66/><U49/><E106/><V68/><F68/><T47/><D77/><U75/><E75/><V0/><F0/><T125/><D125/><U97/><E78/><V102/><F83/><T59/><D105/><U53/><E40/><V104/><F104/><T120/><N who="0" m="30752" /><T113/><D113/><U96/><E1/><V73/><F73/><T79/><D79/><U100/><E2/><V51/><F51/><T135/><D55/><U50/><E100/><V130/><F130/><T48/><AGARI ba="3,0" hai="45,47,48,52,59,60,64,71,91,92,99,132,134,135" m="30752,31520" machi="48" ten="30,12000,2" yaku="0,1,20,1,52,4,54,1" doraHai="119" who="0" fromWho="0" sc="777,126,256,-63,17,-63,0,0" owari="903,86.0,193,-21.0,-46,-65.0,0,0.0" /></mjloggm>