<mjloggm ver="2.3"><GO type="169" lobby="0"/><UN n0="%79%6A%2D%63%68%65%6B%69" n1="%E3%82%B3%E3%81%98%E3%81%95%E3%82%93%EF%BC%9F" n2="%E5%A4%A9%E6%89%8D%E9%BA%BB%E5%B0%87%E5%8A%A0%E5%A5%88" n3="%E3%81%B2%E3%81%94%E3%82%93%E3%81%9F" dan="16,18,16,16" rate="2073.97,2218.86,2053.37,2162.84" sx="M,M,M,M"/><TAIKYOKU oya="0"/><INIT seed="0,0,0,3,5,132" ten="250,250,250,250" oya="0" hai0="65,14,112,23,10,106,95,15,117,13,108,38,73" hai1="33,20,37,58,116,16,83,93,55,113,89,6,103" hai2="71,50,78,134,41,43,67,114,63,72,81,59,131" hai3="52,109,11,74,104,39,127,98,101,121,24,42,129"/><T130/><D106/><U25/><E116/><V60/><F134/><W29/><G109/><T123/><D117/><U28/><E113/><V80/><F114/><W54/><G129/><T32/><D73/><U79/><E37/><V35/><F35/><W2/><G121/><T115/><D38/><U8/><E103/><V57/><F131/><W69/><G69/><T31/><D130/><U21/><E83/><V92/><F80/><W97/><G74/><T44/><D123/><U90/><E79/><V118/><F92/><W61/><G98/><T87/><D32/><U0/><E21/><V5/><F5/><W94/><G61/><T86/><D65/><U26/><REACH who="1" step="1"/><E93/><REACH who="1" ten="250,240,250,250" step="2"/><V3/><F81/><W48/><G94/><T34/><D115/><U133/><E133/><V99/><F78/><W135/><G39/><T96/><D34/><U105/><E105/><V49/><F118/><W51/><G135/><T27/><D112/><U4/><E4/><V68/><F72/><W36/><G101/><N who="0" m="60575" /><D10/><U125/><E125/><V40/><F99/><W102/><G36/><T22/><D22/><U126/><E126/><V17/><F3/><W82/><G127/><T88/><D108/><U120/><E120/><V64/><F17/><W18/><G82/><N who="0" m="49239" /><D87/><U111/><E111/><V46/><F49/><AGARI ba="0,1" hai="0,6,8,16,20,25,26,28,33,49,55,58,89,90" machi="49" ten="30,7700,0" yaku="1,1,7,1,54,1,53,1" doraHai="132" doraHaiUra="45" who="1" fromWho="2" sc="250,0,240,87,250,-77,250,0" /><INIT seed="1,0,0,3,2,113" ten="250,327,173,250" oya="1" hai0="75,53,101,50,9,135,14,74,29,16,127,28,38" hai1="125,15,110,94,96,73,86,47,10,5,128,64,24" hai2="54,68,90,124,44,70,134,2,72,132,1,91,37" hai3="19,35,39,66,33,63,61,129,18,119,57,120,21"/><U12/><E125/><V126/><F44/><W95/><G120/><T80/><D38/><U103/><E128/><V60/><F60/><W106/><G39/><T58/><D127/><N who="2" m="48682" /><F37/><W71/><G106/><T130/><D135/><N who="2" m="51754" /><F54/><W77/><G129/><T115/><D130/><U0/><E73/><V42/><F72/><W81/><G119/><T45/><D115/><U7/><E110/><V104/><F104/><W105/><G105/><T62/><D75/><U131/><E131/><V40/><F91/><W87/><G95/><T36/><D36/><U133/><E133/><V30/><F90/><W48/><G48/><T116/><D116/><U20/><E64/><V25/><F25/><W107/><G107/><T34/><D34/><U83/><E47/><V32/><F30/><W79/><G77/><T123/><D123/><U52/><E52/><V27/><F27/><W98/><G98/><T13/><D13/><U59/><E59/><V51/><F51/><W69/><G69/><N who="2" m="26729" /><F32/><W6/><G71/><T112/><D112/><U108/><E108/><V82/><F82/><W85/><G63/><T31/><D101/><U3/><E24/><V8/><F8/><W41/><G57/><T23/><D74/><U100/><E100/><V11/><F11/><W117/><G61/><T76/><D9/><N who="1" m="4143" /><E83/><V78/><F78/><W26/><G79/><T118/><D118/><U99/><E103/><V122/><F122/><W93/><G81/><T88/><D76/><U22/><E10/><V102/><F102/><W56/><G117/><T65/><D80/><U97/><E97/><V109/><F109/><RYUUKYOKU ba="0,0" sc="250,15,327,-15,173,15,250,-15" hai0="14,16,23,28,29,31,45,50,53,58,62,65,88" hai2="1,2,40,42" /><INIT seed="2,1,0,0,3,104" ten="265,312,188,235" oya="2" hai0="75,115,133,46,112,135,128,119,45,92,122,56,124" hai1="76,53,4,31,21,93,43,17,86,24,18,57,30" hai2="126,100,34,118,121,23,10,89,97,103,14,19,0" hai3="15,3,98,84,94,5,107,41,61,8,129,54,106"/><V55/><F126/><W99/><G129/><T132/><D92/><U90/><E43/><V38/><F121/><W88/><G3/><T71/><D56/><U39/><E39/><V51/><F38/><W83/><G41/><T63/><D122/><U49/><E4/><V110/><F118/><W22/><G99/><T68/><D119/><U114/><E114/><N who="0" m="43561" /><D63/><U7/><E7/><V25/><F110/><W123/><G123/><T101/><D101/><U50/><E76/><V28/><F89/><W1/><G61/><T80/><D80/><U78/><E50/><V109/><F97/><W111/><G111/><T81/><D81/><U113/><E113/><V73/><F73/><W95/><G95/><T58/><D58/><U70/><E70/><N who="0" m="26665" /><D75/><U40/><E40/><V91/><F91/><W134/><G54/><T65/><D65/><U82/><REACH who="1" step="1"/><E17/><REACH who="1" ten="265,302,188,235" step="2"/><V13/><F109/><W108/><G108/><T27/><D124/><U79/><E79/><V77/><F77/><W62/><G5/><T47/><D27/><U11/><E11/><V125/><F125/><W87/><G8/><T96/><D96/><AGARI ba="1,1" hai="18,21,24,30,31,49,53,57,78,82,86,90,93,96" machi="96" ten="30,7700,0" yaku="1,1,7,1,8,1,53,1" doraHai="104" doraHaiUra="85" who="1" fromWho="0" sc="265,-80,302,90,188,0,235,0" /><INIT seed="3,0,0,3,4,100" ten="185,392,188,235" oya="3" hai0="126,131,45,29,105,124,58,2,117,13,28,49,123" hai1="128,97,71,16,40,43,102,7,48,93,18,33,8" hai2="22,80,78,55,84,26,125,99,0,85,30,31,64" hai3="116,34,15,87,61,74,88,53,68,114,12,121,57"/><W37/><G116/><T54/><D2/><U107/><E128/><V39/><F0/><W3/><G121/><T77/><D117/><U19/><E33/><V50/><F39/><W56/><G114/><T21/><D131/><U120/><E120/><V119/><F119/><W66/><G3/><T86/><D123/><U72/><E71/><V25/><F125/><N who="0" m="48234" /><D45/><U69/><E69/><V46/><F99/><W20/><G74/><T1/><D1/><U79/><E93/><V89/><F64/><W94/><G37/><T108/><D108/><U65/><E65/><V98/><F98/><W14/><G34/><T23/><D105/><U10/><E48/><V32/><F32/><W111/><G111/><T83/><D13/><U92/><E92/><N who="2" m="54311" /><F26/><W5/><G5/><T101/><D101/><U70/><E70/><V60/><F60/><W27/><REACH who="3" step="1"/><G53/><REACH who="3" ten="185,392,188,225" step="2"/><T115/><D115/><U42/><E7/><V81/><F55/><W109/><G109/><T11/><D11/><U82/><AGARI ba="0,1" hai="8,10,16,18,19,40,42,43,72,79,82,97,102,107" machi="82" ten="40,5200,0" yaku="0,1,52,1,54,1" doraHai="100" who="1" fromWho="1" sc="185,-13,392,62,188,-13,225,-26" /><INIT seed="4,0,0,4,4,91" ten="172,454,175,199" oya="0" hai0="133,42,34,98,4,94,52,131,111,57,71,99,100" hai1="69,12,96,45,88,79,104,55,29,59,135,107,74" hai2="116,68,25,0,65,10,73,64,9,15,58,90,48" hai3="127,81,37,101,83,102,67,6,108,77,43,93,78"/><T118/><D118/><U7/><E69/><V76/><F116/><W50/><G37/><T123/><D123/><U134/><E29/><V56/><F90/><W126/><G67/><T18/><D71/><U38/><E79/><N who="3" m="30218" /><G6/><T20/><D34/><U47/><E74/><V31/><F76/><W130/><G50/><T80/><D80/><N who="3" m="30793" /><G43/><T2/><D111/><U33/><E33/><V129/><F48/><W95/><G108/><T115/><D115/><U49/><E104/><V120/><F0/><W60/><G60/><T21/><D42/><U53/><E107/><V51/><F51/><W112/><G112/><T110/><D110/><U105/><E105/><V13/><F31/><W113/><G113/><T36/><D36/><U114/><E114/><V121/><F25/><W82/><N who="3" m="30801" /><W89/><DORA hai="1" /><G89/><N who="0" m="55631" /><D21/><U122/><E38/><V24/><F24/><W39/><G39/><T75/><D75/><U103/><E47/><V16/><F73/><W35/><G35/><T85/><D2/><U86/><E45/><V41/><F41/><W22/><G22/><T70/><D70/><U87/><E59/><V92/><F68/><W62/><G62/><N who="0" m="36135" /><D4/><U72/><E7/><V63/><F120/><W8/><G8/><T106/><D85/><U46/><E87/><V19/><F121/><W117/><G117/><T27/><D133/><U124/><E86/><V109/><F109/><W44/><G44/><T5/><D5/><U125/><E134/><V26/><F9/><W40/><G40/><T23/><D23/><U61/><E135/><V119/><F119/><W14/><G127/><RYUUKYOKU ba="0,0" sc="172,30,454,-10,175,-10,199,-10" hai0="18,20,27,99,100,106,131" /><INIT seed="4,1,0,5,3,89" ten="202,444,165,189" oya="0" hai0="29,59,96,75,122,100,119,110,109,107,30,90,130" hai1="39,120,8,48,77,25,26,71,62,5,49,28,97" hai2="99,79,51,38,16,126,93,34,69,86,95,91,56" hai3="53,1,103,134,106,135,2,83,44,41,84,115,121"/><T108/><D119/><U50/><E120/><V117/><F69/><W14/><G115/><T78/><D122/><U129/><E39/><V76/><F38/><W19/><G121/><T60/><D130/><U112/><E129/><V116/><F34/><W15/><G53/><T88/><D75/><U70/><E112/><V17/><F56/><W13/><G103/><T6/><D6/><U42/><E77/><N who="2" m="29771" /><F51/><W87/><G106/><T73/><D78/><U131/><E42/><V11/><F11/><W37/><G19/><T54/><D73/><U20/><E131/><V85/><F17/><W101/><G101/><T23/><D23/><U80/><E80/><V92/><F16/><W7/><G7/><T0/><D0/><N who="3" m="105" /><G83/><T18/><D18/><U68/><E26/><V12/><F12/><N who="3" m="3075" /><W4/><DORA hai="113" /><G4/><T111/><N who="0" m="27648" /><DORA hai="43" /><T105/><REACH who="0" step="1"/><D105/><REACH who="0" ten="192,444,165,189" step="2"/><U27/><E20/><V66/><F117/><W52/><G52/><T46/><D46/><U94/><E5/><V133/><F116/><W65/><G65/><T81/><D81/><U74/><E74/><V45/><F66/><W128/><G128/><T9/><D9/><U118/><E8/><V35/><F45/><W33/><G33/><T24/><D24/><U114/><E118/><V98/><F35/><W67/><G67/><T102/><D102/><N who="1" m="60727" /><E114/><V104/><F104/><W57/><G57/><T40/><D40/><U127/><E25/><V47/><F47/><W124/><G124/><T21/><D21/><N who="1" m="15471" /><E127/><V55/><F126/><W64/><G64/><T63/><D63/><U31/><E62/><V32/><F32/><RYUUKYOKU ba="1,1" sc="192,10,444,10,165,-30,189,10" hai0="29,30,54,59,60,88,90,96,100,107" hai1="31,48,49,50,68,70,71" hai3="37,41,44,84,87,134,135" /><INIT seed="4,2,1,3,3,21" ten="202,454,135,199" oya="0" hai0="61,60,36,127,71,11,84,134,9,133,40,92,98" hai1="24,73,49,64,50,55,53,20,66,117,27,0,38" hai2="52,128,130,74,17,124,18,114,112,70,59,119,108" hai3="104,26,99,33,32,30,82,28,122,135,72,6,62"/><T13/><D127/><U91/><E117/><V16/><F70/><W23/><G135/><N who="0" m="51723" /><D84/><U43/><E0/><V5/><F74/><W105/><G122/><T121/><D121/><U80/><E73/><V78/><F78/><W48/><G6/><T93/><D93/><U111/><E111/><V3/><F108/><W95/><G48/><N who="1" m="18538" /><E43/><V106/><F106/><W7/><G7/><N who="0" m="3263" /><D11/><U54/><E38/><V125/><F119/><W118/><G118/><T101/><D71/><U79/><E79/><V69/><F69/><W14/><G82/><T89/><D101/><U100/><E100/><V76/><F76/><W81/><G81/><T34/><D34/><U110/><E110/><V123/><F123/><W67/><G72/><T68/><D68/><U51/><E51/><N who="2" m="31135" /><F5/><W46/><G105/><T126/><D126/><N who="2" m="48746" /><F3/><W42/><G104/><T129/><D129/><AGARI ba="2,1" hai="16,17,18,112,114,128,129,130" m="48746,31135" machi="129" ten="40,8000,1" yaku="19,1,18,1,54,2" doraHai="21" who="2" fromWho="0" sc="202,-86,454,0,135,96,199,0" /><INIT seed="5,0,0,0,3,50" ten="116,454,231,199" oya="1" hai0="34,133,80,43,59,120,37,2,0,65,90,49,38" hai1="28,62,85,91,94,121,55,83,44,89,31,27,102" hai2="131,93,7,68,69,12,119,75,100,9,124,25,127" hai3="26,52,67,76,84,19,92,114,17,86,15,98,117"/><U128/><E128/><V97/><F75/><W126/><G126/><N who="2" m="48169" /><F131/><W5/><G114/><T77/><D34/><U32/><E121/><V106/><F25/><W56/><G117/><T18/><D120/><U60/><E31/><V51/><F119/><W132/><G67/><T11/><D65/><U112/><E112/><V22/><F22/><N who="3" m="13647" /><G5/><T4/><D0/><U21/><E102/><V135/><F135/><W103/><G76/><T113/><D90/><U66/><E66/><V70/><F51/><N who="3" m="30751" /><G132/><T118/><D18/><U116/><E32/><V33/><F33/><W14/><G14/><T115/><D38/><U129/><E129/><V87/><F69/><W134/><G134/><T99/><D133/><U42/><E116/><V104/><F104/><W46/><G46/><N who="0" m="23919" /><D118/><U82/><E44/><V29/><F70/><W13/><G13/><T58/><D115/><U54/><E27/><V30/><F68/><W74/><G74/><N who="0" m="43063" /><D113/><U130/><E130/><V41/><F106/><W6/><G6/><T39/><D39/><U48/><E28/><V72/><F29/><W23/><AGARI ba="0,0" hai="15,19,23,84,86,92,98,103" m="30751,13647" machi="23" ten="30,4000,0" yaku="8,1,52,1,54,1" doraHai="50" who="3" fromWho="3" sc="116,-10,454,-20,231,-10,199,40" /><INIT seed="6,0,0,0,5,30" ten="106,434,221,239" oya="2" hai0="10,107,74,15,16,110,131,8,56,21,78,1,46" hai1="91,17,88,66,18,33,67,112,9,99,113,111,57" hai2="51,29,135,77,89,128,73,85,109,4,5,125,37" hai3="120,43,116,3,61,86,95,44,134,102,118,64,90"/><V52/><F37/><W11/><G120/><T121/><D121/><U58/><E111/><V68/><F68/><W39/><G134/><T32/><D107/><U129/><E33/><V14/><F109/><W94/><G102/><T42/><D110/><U28/><E28/><V108/><F108/><W119/><G11/><T80/><D32/><U124/><E129/><V72/><F125/><W41/><G41/><T104/><D104/><U76/><E76/><V60/><F60/><W117/><N who="3" m="29696" /><DORA hai="83" /><W100/><G3/><T2/><D131/><U13/><E124/><V40/><F40/><W0/><G0/><T45/><D45/><U81/><E18/><V19/><F29/><W71/><REACH who="3" step="1"/><G100/><REACH who="3" ten="106,434,221,229" step="2"/><T47/><D2/><U65/><E112/><V98/><F135/><W93/><AGARI ba="0,1" hai="39,43,44,61,64,71,86,90,93,94,95" m="29696" machi="93" ten="60,8000,1" yaku="1,1,2,1,0,1,52,1,53,0" doraHai="30,83" doraHaiUra="24,31" who="3" fromWho="3" sc="106,-20,434,-20,221,-40,229,90" /><INIT seed="7,0,0,3,2,95" ten="86,414,181,319" oya="3" hai0="52,125,66,128,1,106,114,122,18,45,72,38,104" hai1="134,63,78,32,94,113,135,67,10,54,13,47,40" hai2="20,107,57,30,21,36,132,50,26,4,25,3,60" hai3="82,100,34,133,119,14,42,101,121,16,48,35,39"/><W123/><G119/><T5/><D18/><U86/><E113/><V31/><F36/><W126/><G126/><T131/><D52/><U29/><E54/><V11/><F107/><W56/><G133/><N who="1" m="50698" /><E29/><V92/><F92/><W105/><G39/><T23/><D23/><U61/><E32/><V129/><F50/><W93/><G82/><T37/><D66/><U87/><E78/><V75/><F75/><W109/><G109/><T22/><D22/><U130/><E130/><V108/><F129/><W24/><G105/><T110/><D45/><U9/><E9/><V65/><F132/><W55/><G42/><T2/><D5/><N who="1" m="3279" /><E94/><V90/><F90/><W117/><G117/><T12/><D12/><U58/><E63/><V19/><F108/><W103/><G93/><T85/><D110/><U73/><E73/><V91/><F91/><W98/><G98/><T80/><D72/><U120/><E120/><V8/><F8/><W89/><G89/><T53/><D53/><U68/><E68/><V74/><F74/><W43/><G43/><T111/><D111/><U62/><E62/><V127/><F19/><W27/><G35/><T33/><D33/><U15/><E15/><V46/><F46/><W0/><G0/><T116/><D116/><U64/><E64/><V69/><F57/><W124/><G124/><AGARI ba="0,0" hai="3,4,11,20,21,25,26,30,31,60,65,69,124,127" machi="124" ten="40,1300,0" yaku="9,1" doraHai="95" who="2" fromWho="3" sc="86,0,414,0,181,13,319,-13" owari="86,-41.0,414,51.0,194,-21.0,306,11.0" /></mjloggm>