<mjloggm ver="2.3"><GO type="225" lobby="0"/><UN n0="%E5%8F%A4%E6%98%8E%E5%9C%B0%E8%A6%9A" n1="%E3%82%B7%E3%83%88%E3%83%AD%E3%82%A8%E3%83%B3%E3%81%AE%E5%AD%A4%E7%8B%AC" n2="%E5%AE%89%E8%97%A4%E3%82%AB%E3%82%B1%E3%83%AB" n3="%E7%AD%89%E3%80%85%E5%8A%9B%E5%8A%87%E5%A0%B4" dan="16,17,17,16" rate="2021.32,2212.52,2179.81,2083.89" sx="M,F,M,M"/><TAIKYOKU oya="0"/><INIT seed="0,0,0,1,2,29" ten="250,250,250,250" oya="0" hai0="2,62,34,107,121,133,68,83,25,126,51,82,124" hai1="28,129,64,14,61,57,58,11,114,32,120,90,40" hai2="71,74,103,88,56,89,27,39,38,0,102,104,93" hai3="98,50,41,128,16,12,59,65,127,78,1,23,46"/><T135/><D121/><U47/><E120/><V24/><F71/><W91/><G1/><T67/><D2/><U99/><E129/><V18/><F0/><W43/><G127/><N who="0" m="48683" /><D107/><U17/><E114/><V87/><F74/><W31/><G128/><T44/><D25/><N who="2" m="9802" /><F39/><W76/><G31/><T96/><D96/><U13/><E28/><V95/><F38/><W8/><G43/><N who="0" m="24991" /><D34/><U10/><E32/><V101/><F104/><W20/><G98/><T15/><D15/><U53/><E40/><V48/><F18/><W9/><G91/><N who="2" m="34889" /><F87/><W42/><G41/><T73/><D73/><U108/><E47/><V106/><F106/><W4/><G42/><T97/><D97/><U118/><E118/><V125/><F125/><W45/><G46/><T132/><AGARI ba="0,0" hai="62,67,68,82,83,132,133,135" m="24991,48683" machi="132" ten="40,3900,0" yaku="20,1,18,1" doraHai="29" who="0" fromWho="0" sc="250,39,250,-13,250,-13,250,-13" /><INIT seed="0,1,0,3,0,8" ten="289,237,237,237" oya="0" hai0="125,26,60,115,71,67,47,63,105,120,93,99,32" hai1="21,81,33,121,28,29,85,124,126,79,12,119,109" hai2="42,98,48,65,36,62,43,133,45,39,97,50,30" hai3="110,59,51,107,58,13,14,75,100,118,61,94,17"/><T87/><D120/><U82/><E119/><V78/><F78/><W57/><G118/><T46/><D115/><U10/><E121/><V130/><F30/><W1/><G1/><T35/><D125/><N who="1" m="48235" /><E109/><V86/><F86/><W95/><G75/><T117/><D117/><U88/><E21/><V68/><F130/><W52/><G110/><T40/><D60/><U4/><E33/><V111/><F111/><W112/><G112/><T106/><D46/><U15/><E15/><V7/><F133/><W128/><G128/><T127/><D127/><U122/><E122/><V103/><F7/><W90/><G107/><T135/><D135/><U55/><E55/><V132/><F132/><W16/><G100/><T73/><D73/><AGARI ba="1,0" hai="4,10,12,28,29,73,79,81,82,85,88" m="48235" machi="73" ten="30,3900,0" yaku="18,1,52,1,54,1" doraHai="8" who="1" fromWho="0" sc="289,-42,237,42,237,0,237,0" /><INIT seed="1,0,0,0,3,75" ten="247,279,237,237" oya="1" hai0="51,126,54,132,129,103,16,92,28,105,81,91,95" hai1="122,80,106,72,25,119,0,88,69,94,89,93,96" hai2="110,114,107,53,113,42,34,100,85,48,4,32,50" hai3="116,109,61,66,128,118,76,71,27,31,39,40,10"/><U35/><E69/><V115/><F110/><W130/><G10/><T124/><D129/><N who="3" m="49769" /><G109/><T134/><D28/><U47/><E119/><N who="3" m="45610" /><G40/><T19/><D105/><U123/><E47/><N who="2" m="25719" /><F4/><W23/><G39/><T17/><D103/><N who="1" m="62823" /><E25/><V36/><F36/><W59/><G71/><T29/><D29/><U45/><E45/><N who="2" m="27855" /><F85/><W74/><G74/><T49/><D81/><U83/><E35/><V14/><F14/><W57/><G59/><N who="0" m="33231" /><D51/><U98/><E0/><V26/><F26/><W44/><G44/><T125/><D91/><U70/><E70/><V127/><F114/><W43/><G43/><T77/><D77/><AGARI ba="0,0" hai="23,27,31,57,61,66,76,77" m="45610,49769" machi="77" ten="30,7700,0" yaku="19,1,12,1,52,2" doraHai="75" who="3" fromWho="0" sc="247,-77,279,0,237,0,237,77" /><INIT seed="2,0,0,3,0,2" ten="170,279,237,314" oya="2" hai0="41,84,73,104,21,39,123,55,118,119,115,111,14" hai1="75,53,54,69,23,20,27,106,113,129,92,15,45" hai2="35,107,31,72,24,62,127,124,33,101,102,74,130" hai3="36,0,91,110,3,96,68,132,16,25,103,61,89"/><V11/><F130/><W9/><G36/><T80/><D73/><U99/><E106/><V95/><F35/><W86/><G110/><T67/><D104/><U4/><E113/><V22/><F107/><W122/><G122/><T44/><D115/><U18/><E75/><N who="2" m="28715" /><F33/><W126/><G126/><N who="2" m="48169" /><F95/><W56/><G68/><T109/><D123/><U100/><E69/><V82/><F82/><W116/><G116/><N who="0" m="44587" /><D21/><U131/><E4/><V1/><F62/><W94/><G132/><T28/><D28/><U66/><E66/><V8/><F8/><W7/><G0/><T108/><D67/><U6/><E129/><V34/><F34/><W105/><G91/><N who="0" m="51591" /><D55/><U42/><E131/><V37/><F37/><W71/><G71/><T58/><D58/><U88/><E100/><V128/><F128/><W38/><G38/><T32/><D32/><U98/><E98/><V40/><F40/><W13/><G56/><T10/><D111/><U12/><E6/><AGARI ba="0,0" hai="1,6,11,22,24,31,101,102" m="48169,28715" machi="6" ten="30,2900,0" yaku="18,1,52,1" doraHai="2" who="2" fromWho="1" sc="170,0,279,-29,237,29,314,0" /><AGARI ba="0,0" hai="6,10,14,39,41,44,108,109" m="51591,44587" machi="6" ten="30,2000,0" yaku="12,1,52,1" doraHai="2" who="0" fromWho="1" sc="170,20,250,-20,266,0,314,0" /><INIT seed="2,1,0,0,5,57" ten="190,230,266,314" oya="2" hai0="34,1,111,32,106,20,80,28,74,116,33,85,130" hai1="114,37,65,63,2,129,108,104,83,112,121,77,14" hai2="67,16,11,115,72,25,119,96,87,89,103,132,22" hai3="107,53,120,98,123,41,43,64,78,44,0,60,5"/><V124/><F115/><W23/><G78/><T4/><D111/><U131/><E2/><V49/><F119/><W122/><G53/><T50/><D116/><U110/><E37/><V128/><F72/><W47/><G23/><T126/><D126/><U45/><E104/><V99/><F124/><W109/><G109/><N who="1" m="42090" /><E14/><N who="2" m="7263" /><F128/><N who="1" m="49225" /><E45/><V133/><F103/><W134/><G44/><T94/><D106/><U100/><E100/><V21/><F21/><W79/><G47/><T66/><D20/><U93/><E93/><N who="2" m="54463" /><F49/><W76/><G0/><T102/><D50/><U92/><E92/><V135/><F67/><W12/><G64/><T113/><D66/><U105/><E105/><V13/><F13/><W97/><G12/><T17/><D113/><U46/><E46/><V24/><F24/><W95/><G107/><T40/><D130/><U39/><E39/><V30/><AGARI ba="1,0" hai="22,25,30,96,99,132,133,135" m="54463,7263" machi="30" ten="30,3000,0" yaku="20,1,54,1" doraHai="57" who="2" fromWho="2" sc="190,-11,230,-11,266,33,314,-11" /><INIT seed="2,2,0,4,3,109" ten="179,219,299,303" oya="2" hai0="19,41,68,33,28,75,62,128,131,102,124,4,100" hai1="86,117,44,104,74,107,32,130,24,121,43,126,111" hai2="42,108,63,46,2,79,51,16,61,3,77,93,11" hai3="80,52,34,73,12,97,5,50,91,133,72,78,27"/><V39/><F108/><W38/><G38/><T98/><D75/><U8/><E111/><V70/><F39/><W56/><G133/><T94/><D4/><U71/><E74/><V65/><F63/><W21/><G72/><T31/><D100/><U10/><E117/><V57/><F70/><W35/><G12/><T76/><D76/><U55/><E71/><V101/><F2/><W103/><G5/><T105/><D41/><U83/><E126/><V7/><F101/><W60/><G91/><T81/><D81/><U106/><E130/><N who="0" m="49705" /><D124/><U129/><E55/><V36/><F93/><W14/><G14/><T132/><D33/><U58/><E58/><V25/><REACH who="2" step="1"/><F36/><REACH who="2" ten="179,219,289,303" step="2"/><W9/><G60/><T17/><D62/><U82/><E129/><V99/><F99/><W66/><G97/><N who="0" m="61647" /><D68/><U23/><E107/><V120/><F120/><W134/><G103/><N who="0" m="60887" /><D132/><U26/><E121/><V123/><F123/><W84/><G134/><T59/><D59/><U53/><E106/><V13/><F13/><W114/><G56/><T54/><D54/><U48/><E104/><V113/><F113/><W29/><G114/><T96/><D96/><U45/><E53/><V118/><F118/><W47/><G52/><T37/><D37/><U18/><E82/><V88/><F88/><W92/><G80/><T67/><D67/><U0/><E0/><V6/><F6/><W30/><G66/><T122/><D122/><U110/><E110/><V64/><F64/><W112/><G112/><T85/><D85/><U127/><E127/><V116/><F116/><W69/><G84/><T90/><D90/><RYUUKYOKU ba="2,1" sc="179,15,219,-15,289,15,303,-15" hai0="17,19,28,31" hai2="3,7,11,16,25,42,46,51,57,61,65,77,79" /><INIT seed="2,3,1,4,0,37" ten="194,204,304,288" oya="2" hai0="66,119,111,18,81,112,38,41,40,12,65,96,43" hai1="25,128,125,107,45,120,29,35,102,42,30,7,110" hai2="36,76,79,64,16,56,85,1,52,31,121,34,99" hai3="71,75,92,104,133,10,74,11,105,70,51,59,108"/><V93/><F1/><W15/><G92/><T49/><D112/><U22/><E110/><V109/><F121/><W113/><G59/><T4/><D38/><U3/><E120/><V94/><F109/><W17/><G108/><T126/><D111/><U32/><E125/><V118/><F118/><W135/><G51/><T21/><D126/><U27/><E128/><V88/><F64/><N who="0" m="24682" /><D119/><U0/><E22/><V100/><F36/><W14/><REACH who="3" step="1"/><G17/><REACH who="3" ten="194,204,304,278" step="2"/><T130/><D130/><U20/><E107/><V114/><F16/><W123/><G123/><T87/><D96/><U83/><E83/><V47/><F94/><W23/><G23/><T54/><D4/><U131/><E20/><V78/><F99/><W69/><G69/><T90/><D54/><U5/><E131/><V98/><F98/><W106/><G106/><T19/><D18/><U77/><E7/><V57/><F57/><W124/><G124/><T39/><D39/><N who="1" m="21727" /><E5/><V115/><F93/><W61/><G61/><T6/><D6/><U33/><E102/><V134/><F100/><W127/><G127/><T86/><D86/><U122/><E122/><V48/><F85/><W116/><G116/><T68/><D68/><U46/><E35/><V28/><F34/><W62/><G62/><T63/><D63/><U8/><E8/><V117/><F117/><W95/><G95/><T50/><AGARI ba="3,2" hai="12,19,21,40,41,43,49,50,81,87,90" m="24682" machi="50" ten="30,7900,0" yaku="8,1,52,3" doraHai="37" who="0" fromWho="0" sc="194,108,204,-23,304,-42,278,-23" /><INIT seed="3,0,0,5,1,12" ten="302,181,262,255" oya="3" hai0="116,2,16,63,106,19,55,128,35,5,104,34,79" hai1="3,135,120,126,86,67,69,66,74,48,1,39,90" hai2="108,22,30,112,15,80,85,89,29,99,68,117,10" hai3="71,41,50,33,100,42,73,23,130,56,70,119,6"/><W31/><G119/><T93/><D116/><U102/><E120/><V57/><F117/><W77/><G33/><T21/><D2/><U92/><E39/><V95/><F68/><W32/><G32/><T65/><D5/><U134/><E74/><V26/><F112/><W122/><G122/><T83/><D93/><U13/><E126/><V17/><F108/><W59/><G100/><T97/><D19/><U98/><E48/><V129/><F129/><W72/><G6/><T14/><D104/><U114/><E114/><V132/><F132/><N who="1" m="50729" /><E69/><V60/><F30/><W133/><G133/><T7/><D55/><U78/><E78/><V20/><F10/><W103/><G103/><T107/><D107/><U105/><E13/><V118/><F118/><W64/><G77/><T37/><D37/><U76/><E76/><V109/><F109/><W127/><G127/><T52/><BYE who="3" /><D52/><U124/><E124/><V81/><REACH who="2" step="1"/><F99/><REACH who="2" ten="302,181,252,255" step="2"/><W51/><G51/><T61/><D128/><U113/><E113/><V53/><AGARI ba="0,1" hai="15,17,20,22,26,29,53,57,60,80,81,85,89,95" machi="53" ten="20,12000,2" yaku="1,1,2,1,0,1,7,1,8,1,52,1,53,0" doraHai="12" doraHaiUra="43" who="2" fromWho="2" sc="302,-30,181,-30,252,130,255,-60" owari="272,7.0,151,-35.0,382,48.0,195,-20.0" /></mjloggm>