<mjloggm ver="2.3"><GO type="169" lobby="0"/><UN n0="%E5%A4%A7%E5%85%A5%E9%81%93%E3%81%8F%E3%82%93" n1="%69%74%61%2D%70" n2="%E3%82%B5%E3%83%95%E3%82%A9%E3%83%BC%E3%82%AF%E3%81%AE%E7%94%BA" n3="%E5%80%89%E6%A9%8B%EF%BC%A0%E4%BA%8B%E5%8B%99" dan="17,16,18,16" rate="2191.83,2155.01,2260.67,2126.61" sx="M,M,M,M"/><TAIKYOKU oya="0"/><INIT seed="0,0,0,5,3,1" ten="250,250,250,250" oya="0" hai0="22,61,98,40,87,133,120,107,69,102,106,65,86" hai1="124,80,54,63,121,114,71,113,101,16,84,35,5" hai2="112,75,118,82,20,34,25,41,28,74,12,99,15" hai3="23,83,125,3,88,19,49,13,96,51,36,131,117"/><T73/><D120/><U110/><E121/><V0/><F112/><N who="1" m="43113" /><E35/><V31/><F0/><W119/><G36/><T66/><D133/><U108/><E124/><V126/><F126/><W58/><G125/><T52/><D73/><U70/><E101/><V68/><F68/><W39/><G39/><T94/><D40/><U42/><E42/><V115/><F115/><W103/><G131/><T7/><D107/><U33/><E33/><V129/><F118/><W105/><G3/><T95/><D106/><U135/><E135/><V116/><F116/><W53/><REACH who="3" step="1"/><G51/><REACH who="3" ten="250,250,250,240" step="2"/><T132/><D132/><U72/><E110/><V14/><F129/><W93/><G93/><T92/><D95/><U45/><E108/><V48/><F48/><W90/><G90/><T9/><D94/><U18/><E80/><V123/><F82/><W62/><G62/><T27/><D92/><U6/><E63/><V50/><F123/><W127/><G127/><T76/><D61/><U122/><E122/><V38/><F38/><W11/><G11/><T109/><D9/><U78/><E78/><V44/><F99/><W104/><G104/><T46/><D98/><U128/><E128/><V47/><F47/><W91/><G91/><T24/><D46/><U17/><E45/><V57/><F57/><W134/><G134/><T30/><D76/><U59/><E71/><V79/><F79/><W100/><G100/><T29/><D102/><U89/><E70/><V130/><F130/><W4/><G4/><T2/><D69/><U77/><E77/><V8/><F8/><W81/><G81/><T60/><D109/><RYUUKYOKU ba="0,1" sc="250,-15,250,-15,250,15,240,15" hai2="12,14,15,20,25,28,31,34,41,44,50,74,75" hai3="13,19,23,49,53,58,83,88,96,103,105,117,119" /><INIT seed="1,1,1,5,3,119" ten="235,235,265,255" oya="1" hai0="16,95,96,79,55,63,43,7,21,68,112,51,12" hai1="72,57,5,47,71,107,9,122,33,25,30,102,42" hai2="109,59,114,23,49,58,56,61,1,64,92,82,126" hai3="50,131,128,20,132,130,44,0,74,116,70,35,66"/><U53/><E122/><V125/><F1/><W110/><G35/><T87/><D112/><U77/><E71/><V62/><F114/><W76/><G0/><T117/><D117/><U129/><E129/><V8/><F8/><W10/><G116/><T93/><D7/><U3/><E57/><V52/><F82/><N who="3" m="45335" /><G10/><T104/><D104/><U46/><E53/><N who="2" m="31791" /><F23/><W101/><G101/><T18/><D43/><U78/><E47/><V36/><F109/><W89/><G89/><T135/><D135/><U111/><E111/><V2/><F2/><W34/><G34/><T60/><D68/><U6/><E6/><V105/><F92/><W118/><G118/><T113/><D18/><U31/><E31/><V65/><F105/><W108/><G132/><T99/><D113/><U127/><E127/><N who="2" m="48651" /><F36/><W133/><G133/><T37/><D37/><U98/><REACH who="1" step="1"/><E72/><REACH who="1" ten="235,225,265,255" step="2"/><V81/><F81/><W41/><G70/><T115/><D115/><U48/><AGARI ba="1,2" hai="3,5,9,25,30,33,42,46,48,77,78,98,102,107" machi="48" ten="20,7800,0" yaku="1,1,2,1,0,1,7,1,53,0" doraHai="119" doraHaiUra="121" who="1" fromWho="1" sc="235,-27,225,101,265,-27,255,-27" /><INIT seed="1,2,0,2,3,34" ten="208,326,238,228" oya="1" hai0="89,134,112,104,10,41,40,99,116,106,133,83,85" hai1="24,87,102,30,29,73,53,4,107,77,21,117,135" hai2="124,28,76,68,119,19,5,82,8,54,23,111,52" hai3="35,66,61,128,84,122,95,67,100,57,75,33,79"/><U69/><E117/><V58/><F119/><W18/><G122/><T44/><D116/><U51/><E73/><V98/><F111/><W62/><G128/><T26/><D112/><U12/><E69/><V20/><F124/><W129/><G129/><T9/><D41/><U14/><E135/><V37/><F68/><W96/><G75/><T47/><D47/><U65/><E65/><V27/><F37/><W6/><G18/><T36/><D26/><U56/><E107/><V80/><F98/><W31/><G31/><T115/><D115/><U130/><E130/><V39/><F39/><W113/><G113/><T101/><REACH who="0" step="1"/><D106/><REACH who="0" ten="198,326,238,228" step="2"/><U32/><E32/><V127/><F127/><W126/><G126/><T38/><D38/><U94/><E30/><V120/><F120/><W49/><G33/><T60/><D60/><U110/><E110/><V92/><F92/><W15/><G35/><T17/><D17/><U45/><E45/><V105/><F105/><W90/><G49/><T91/><D91/><U88/><E102/><V48/><F76/><W42/><G42/><T46/><D46/><U132/><E77/><V1/><F54/><W22/><G79/><T3/><D3/><U55/><E132/><AGARI ba="2,1" hai="9,10,36,40,44,83,85,89,99,101,104,132,133,134" machi="132" ten="40,2600,0" yaku="1,1,20,1,53,0" doraHai="34" doraHaiUra="109" who="0" fromWho="1" sc="198,42,326,-32,238,0,228,0" /><INIT seed="2,0,0,0,4,135" ten="240,294,238,228" oya="2" hai0="17,7,60,115,90,55,30,123,31,80,114,22,21" hai1="25,95,78,6,120,9,100,35,36,37,23,40,51" hai2="53,132,128,86,110,44,58,3,12,45,119,69,43" hai3="19,112,70,63,15,118,34,84,29,66,81,71,79"/><V116/><F3/><W65/><G118/><T117/><D123/><U52/><E120/><V97/><F132/><W1/><G1/><T130/><D117/><U41/><E35/><V127/><F69/><W50/><G112/><T74/><D130/><U111/><E78/><V67/><F128/><W77/><G77/><T57/><D7/><U126/><E111/><V103/><F67/><W113/><G113/><T107/><D107/><U0/><E36/><V85/><F110/><W2/><G2/><T75/><D115/><U8/><E37/><V32/><F32/><W73/><G73/><T122/><D122/><U18/><E8/><V49/><F119/><W98/><G98/><T38/><D38/><U59/><E95/><V129/><F116/><W42/><G29/><T82/><D31/><U105/><REACH who="1" step="1"/><E126/><REACH who="1" ten="240,284,238,228" step="2"/><V27/><F127/><W106/><G34/><T28/><D114/><U62/><E62/><V4/><F129/><W83/><G106/><T89/><D60/><U46/><E46/><V76/><F76/><W92/><G92/><T121/><D121/><U124/><E124/><V54/><F44/><W39/><G39/><T10/><D10/><U134/><E134/><V24/><F45/><N who="3" m="25911" /><G79/><T68/><D75/><U11/><E11/><V109/><F109/><W26/><G63/><T125/><D125/><U91/><E91/><V61/><F61/><W108/><G108/><T94/><D89/><U104/><E104/><V16/><F103/><W101/><G101/><T48/><D74/><U33/><E33/><V13/><F58/><W88/><G71/><T96/><D68/><RYUUKYOKU ba="0,1" sc="240,-10,284,30,238,-10,228,-10" hai1="0,6,9,18,23,25,40,41,51,52,59,100,105" /><INIT seed="3,1,1,0,5,25" ten="230,314,228,218" oya="3" hai0="104,50,122,67,2,41,135,124,127,110,11,87,16" hai1="53,76,56,35,38,108,43,23,115,62,120,12,46" hai2="82,10,61,86,106,59,15,30,92,14,123,95,49" hai3="51,91,77,20,66,42,58,109,126,80,34,31,71"/><W1/><G1/><T75/><D75/><U89/><E120/><V24/><F106/><W116/><G116/><T81/><D122/><U45/><E115/><V55/><F123/><W36/><G34/><T9/><D104/><U134/><E35/><V84/><F61/><W40/><G126/><T125/><D110/><U131/><E134/><V69/><F69/><W128/><G128/><T4/><D135/><U47/><E76/><V44/><F59/><W48/><G91/><T101/><D67/><U99/><E131/><V105/><F105/><W94/><G94/><T111/><D101/><U32/><E32/><V39/><F39/><W73/><G109/><T133/><D133/><U33/><E33/><V121/><F121/><W5/><G5/><T93/><D93/><N who="1" m="56751" /><E38/><V37/><F37/><W100/><G100/><T103/><D103/><U78/><E78/><V97/><F97/><W64/><G71/><T13/><D111/><U21/><E108/><V118/><F118/><W129/><G129/><T119/><D119/><U52/><E43/><N who="3" m="16426" /><G36/><T29/><D50/><N who="3" m="18985" /><G58/><T88/><D41/><U83/><E83/><V96/><F96/><W28/><G20/><N who="1" m="7754" /><E12/><V0/><F15/><W19/><G19/><T8/><D8/><U26/><E26/><V6/><F0/><W74/><G74/><T107/><D107/><U90/><E90/><N who="2" m="51479" /><F86/><W72/><G72/><T57/><D57/><U60/><E60/><V65/><F65/><AGARI ba="1,1" hai="45,46,47,52,53,56,62,65" m="7754,56751" machi="65" ten="30,2000,0" yaku="8,1,54,1" doraHai="25" who="1" fromWho="2" sc="230,0,314,33,228,-23,218,0" /><INIT seed="4,0,0,0,1,72" ten="230,347,205,218" oya="0" hai0="106,48,120,126,20,63,62,111,73,107,51,87,61" hai1="14,86,36,79,81,33,83,105,112,68,58,130,75" hai2="29,55,46,42,45,39,54,95,21,27,52,110,118" hai3="0,5,59,119,74,43,103,88,9,30,17,64,47"/><T12/><D120/><U70/><E36/><V65/><F110/><W40/><G119/><T23/><D73/><U6/><E105/><V101/><F118/><W114/><G103/><T100/><D111/><U24/><E130/><V56/><F46/><W90/><G114/><T116/><D116/><U102/><E102/><V8/><F8/><W50/><G43/><T25/><D126/><U131/><E131/><V82/><F82/><W31/><G17/><T125/><D125/><U98/><E98/><V134/><F134/><W2/><G2/><T1/><D1/><U60/><E112/><V41/><F41/><W32/><G74/><T53/><D106/><U108/><E108/><V123/><F123/><W18/><G18/><N who="0" m="10311" /><D100/><U78/><E14/><V15/><F15/><W57/><G32/><T22/><D107/><U129/><E6/><V80/><F80/><W97/><G59/><N who="0" m="33215" /><D25/><U7/><E7/><V85/><F65/><W121/><G121/><T127/><D127/><U115/><E129/><V16/><F29/><W3/><G3/><T109/><D109/><U104/><E104/><V67/><F67/><W11/><G11/><T76/><D48/><U135/><E115/><V77/><F101/><W37/><G37/><T117/><D117/><U124/><E124/><V132/><F132/><W128/><G128/><T94/><D94/><U28/><E135/><V4/><F4/><W19/><G19/><T133/><D133/><U93/><E93/><V44/><F44/><W71/><G71/><T99/><D99/><U92/><E92/><V38/><F38/><W89/><G97/><RYUUKYOKU ba="0,0" sc="230,10,347,10,205,-30,218,10" hai0="22,23,61,62,63,76,87" hai1="24,28,33,58,60,68,70,75,78,79,81,83,86" hai3="0,5,9,30,31,40,47,50,57,64,88,89,90" /><INIT seed="4,1,0,4,3,17" ten="240,357,175,228" oya="0" hai0="115,25,48,117,123,20,10,32,15,60,122,83,18" hai1="64,124,55,28,109,82,81,34,23,116,12,53,5" hai2="107,52,59,22,105,110,79,51,21,106,13,86,87" hai3="40,56,70,33,119,16,113,128,114,91,118,41,68"/><T126/><D117/><N who="3" m="44553" /><G33/><T72/><D126/><U54/><E109/><V24/><F110/><W98/><G98/><T104/><D104/><N who="2" m="26626" /><V11/><DORA hai="125" /><F79/><W94/><G94/><T103/><D115/><N who="3" m="44041" /><G91/><T46/><D60/><U9/><E124/><V0/><F0/><W108/><G108/><T129/><D32/><U134/><E134/><V4/><F24/><W63/><G16/><T14/><D103/><U97/><E97/><V44/><F86/><W8/><G8/><T90/><D15/><U89/><E34/><V99/><F99/><W29/><G29/><T36/><D72/><U1/><E1/><V61/><F87/><W75/><G75/><T31/><D83/><U121/><E89/><V57/><F22/><W101/><G101/><T100/><D90/><U65/><E116/><V19/><F21/><W49/><G128/><T37/><D129/><U69/><E81/><V3/><F19/><W74/><G74/><T47/><D100/><U77/><E82/><V58/><F13/><W93/><G93/><T6/><D31/><U92/><E28/><V45/><F11/><W50/><G49/><T85/><D85/><U131/><E92/><V38/><F4/><W35/><G35/><T112/><D112/><U133/><E5/><V76/><F76/><W127/><G127/><T96/><D96/><U132/><E12/><V111/><F3/><W2/><G2/><T80/><D80/><U102/><E131/><V30/><F30/><W43/><G50/><T95/><D95/><U78/><E102/><V39/><F111/><W42/><N who="3" m="10240" /><DORA hai="84" /><W135/><G135/><RYUUKYOKU ba="1,0" sc="240,-10,357,-10,175,-10,228,30" hai3="56,63,68,70" /><INIT seed="5,2,0,1,1,18" ten="230,347,165,258" oya="1" hai0="36,5,10,104,14,27,47,92,91,58,32,52,103" hai1="8,90,13,41,89,75,113,86,22,63,80,40,112" hai2="87,45,7,72,54,19,117,50,11,25,37,23,6" hai3="130,124,101,76,100,28,3,82,57,73,4,135,123"/><U26/><E75/><V48/><F117/><W105/><G123/><T99/><D36/><U0/><E0/><V88/><F72/><W56/><G28/><T81/><D81/><U79/><E63/><V121/><F37/><W126/><G3/><T35/><D47/><U60/><E60/><V95/><F121/><W74/><G4/><T21/><D103/><U61/><E61/><V71/><F71/><W68/><G68/><T42/><D42/><N who="1" m="16491" /><E113/><V129/><F129/><W24/><G24/><T31/><D104/><U33/><E33/><V125/><F125/><N who="3" m="48235" /><G130/><T65/><D65/><U128/><E112/><V64/><F64/><W133/><G74/><T39/><D39/><U62/><E62/><AGARI ba="2,0" hai="5,10,14,21,27,31,32,35,52,58,62,91,92,99" machi="62" ten="30,3900,0" yaku="7,1,52,1,54,1" doraHai="18" who="0" fromWho="1" sc="230,45,347,-45,165,0,258,0" /><INIT seed="6,0,0,4,1,6" ten="275,302,165,258" oya="2" hai0="15,58,71,114,92,24,117,67,87,34,9,73,98" hai1="33,94,128,7,79,108,38,35,19,76,105,81,100" hai2="10,17,3,102,125,51,112,46,55,2,83,50,5" hai3="127,113,101,39,133,42,48,111,14,90,80,103,49"/><V129/><F112/><W96/><G111/><T32/><D73/><U13/><E108/><V57/><F129/><W59/><G39/><T22/><D71/><U119/><E7/><V64/><F125/><W124/><G42/><T115/><D87/><U86/><E38/><V84/><F102/><N who="3" m="38923" /><G59/><T104/><D104/><U44/><E119/><V63/><F51/><N who="3" m="19531" /><G80/><T53/><D67/><U43/><E79/><V60/><F60/><W47/><G47/><T69/><D69/><U31/><E44/><V109/><F109/><W30/><G30/><T16/><D117/><U1/><E128/><V36/><F36/><W121/><G121/><T61/><D115/><U45/><E1/><V130/><F130/><W95/><G113/><T99/><D114/><U52/><E105/><V27/><F2/><W131/><G14/><T74/><D74/><U85/><E31/><V29/><F17/><W23/><G23/><T110/><D110/><U54/><E43/><V26/><REACH who="2" step="1"/><F29/><REACH who="2" ten="275,302,155,258" step="2"/><W41/><G131/><T70/><D16/><U82/><E100/><V72/><F72/><W68/><G127/><T91/><D61/><U106/><E19/><V8/><F8/><W78/><G124/><T4/><D9/><U18/><E18/><V116/><F116/><W120/><G120/><T28/><D28/><U40/><E106/><V118/><F118/><W11/><G11/><T66/><D15/><U75/><E75/><V62/><F62/><W56/><G68/><T97/><D70/><U134/><E134/><V37/><F37/><W135/><G133/><T88/><D4/><U65/><E45/><RYUUKYOKU ba="0,1" sc="275,-10,302,-10,155,30,258,-10" hai2="3,5,10,26,27,46,50,55,57,63,64,83,84" /><INIT seed="6,1,1,4,5,17" ten="265,292,185,248" oya="2" hai0="48,111,30,65,25,104,108,113,116,86,72,18,28" hai1="12,84,14,51,22,53,39,63,74,26,6,66,10" hai2="87,1,20,89,99,106,43,61,101,37,100,134,59" hai3="24,124,115,75,94,71,110,35,7,13,123,58,121"/><V127/><F134/><W29/><G71/><T93/><D72/><U50/><E74/><V114/><F114/><W38/><G75/><T27/><D104/><U44/><E39/><V118/><F127/><W69/><G69/><T46/><D113/><U31/><E51/><V4/><F118/><W0/><G38/><T19/><D65/><U64/><E63/><V41/><F101/><W102/><G115/><T34/><D116/><U70/><E70/><V107/><F107/><W5/><G110/><T67/><D67/><U125/><E125/><V36/><F36/><W68/><G68/><T9/><D9/><N who="1" m="4151" /><E84/><V126/><F126/><W32/><G124/><T92/><D86/><U120/><E120/><V42/><F37/><W88/><G102/><T40/><D111/><U131/><E131/><V128/><F128/><W96/><G35/><T54/><D40/><U57/><E44/><V90/><F4/><AGARI ba="1,1" hai="4,10,14,22,26,31,50,53,57,64,66" m="4151" machi="4" ten="30,2000,0" yaku="8,1,52,1" doraHai="17" who="1" fromWho="2" sc="265,0,292,33,185,-23,248,0" /><INIT seed="7,0,0,0,2,85" ten="265,325,162,248" oya="3" hai0="2,27,131,60,113,7,33,106,99,91,67,111,62" hai1="119,95,130,88,125,10,44,4,47,63,13,54,94" hai2="128,20,135,16,23,48,41,11,105,64,104,82,78" hai3="97,37,123,43,114,109,68,3,73,19,28,40,117"/><W5/><G117/><T92/><D111/><U100/><E119/><V133/><F64/><W12/><G73/><T39/><D39/><U32/><E32/><V71/><F71/><W9/><G68/><T120/><D120/><U101/><E125/><V75/><F11/><W30/><G123/><T26/><D113/><U70/><E130/><V80/><F128/><W83/><G114/><T59/><D33/><U31/><E31/><V1/><F1/><W116/><G116/><T17/><D106/><U57/><E70/><V102/><F82/><W122/><G122/><T98/><D98/><N who="1" m="59487" /><E101/><V50/><F23/><W121/><G121/><T53/><D7/><U15/><E13/><V55/><F41/><W79/><G97/><AGARI ba="0,0" hai="4,10,15,44,47,54,57,63,88,94,97" m="59487" machi="97" ten="30,3900,0" yaku="8,1,52,1,54,1" doraHai="85" who="1" fromWho="3" sc="265,0,325,39,162,0,248,-39" owari="265,7.0,364,46.0,162,-34.0,209,-19.0" /></mjloggm>