<mjloggm ver="2.3"><GO type="169" lobby="0"/><UN n0="%53%63%61%6E%64%61%6C" n1="%E5%AE%9D%E5%90%8A%E5%AE%9D" n2="%E3%81%B4%E3%81%8A%E3%81%B4%E3%81%8A%EF%BC%91%EF%BC%91" n3="%E3%83%AA%E3%83%BC%E3%83%84%E3%83%A2%E3%83%89%E3%83%A9%E3%82%A6%E3%83%A9" dan="16,16,18,16" rate="2135.34,2119.14,2280.23,2123.81" sx="M,M,M,M"/><TAIKYOKU oya="0"/><INIT seed="0,0,0,0,0,98" ten="250,250,250,250" oya="0" hai0="116,41,99,33,1,11,49,72,92,25,112,50,82" hai1="64,83,42,86,60,119,89,28,84,81,2,110,117" hai2="118,7,95,113,109,76,62,16,10,129,111,43,127" hai3="14,32,51,46,54,39,15,0,132,80,8,69,53"/><T68/><D68/><U56/><E110/><N who="2" m="41995" /><F113/><W134/><G32/><T100/><D112/><U107/><E2/><V121/><F121/><W19/><G0/><T30/><D116/><U4/><E4/><V124/><F118/><W12/><G39/><T104/><D41/><U66/><E107/><V47/><F129/><W18/><G69/><T63/><D63/><U24/><E42/><V87/><F62/><W22/><G14/><T31/><D30/><U23/><REACH who="1" step="1"/><E64/><REACH who="1" ten="250,240,250,250" step="2"/><V97/><F7/><W105/><G105/><T133/><D104/><U44/><E44/><V40/><F40/><W71/><G132/><T29/><D133/><U65/><E65/><V55/><F43/><W70/><G134/><T37/><D37/><U128/><E128/><V114/><F114/><W108/><G108/><T135/><D135/><U78/><AGARI ba="0,1" hai="23,24,28,56,60,66,78,81,83,84,86,89,117,119" machi="78" ten="20,5200,0" yaku="1,1,0,1,7,1,53,1" doraHai="98" doraHaiUra="26" who="1" fromWho="1" sc="250,-26,240,62,250,-13,250,-13" /><INIT seed="1,0,0,2,4,24" ten="224,302,237,237" oya="1" hai0="131,56,44,113,19,89,91,29,132,90,33,119,10" hai1="79,134,48,78,83,3,121,93,73,55,126,135,114" hai2="54,18,99,108,112,110,35,96,100,60,41,118,28" hai3="71,94,21,75,72,80,63,32,61,117,122,57,69"/><U39/><E3/><V2/><F118/><W23/><G32/><T37/><D119/><U8/><E39/><V16/><F2/><W85/><G117/><T109/><D113/><U12/><E114/><V49/><F112/><W34/><G34/><T11/><D109/><N who="2" m="42090" /><F41/><W50/><G94/><T120/><D132/><U97/><E121/><V123/><F60/><W98/><G98/><N who="2" m="37417" /><F100/><W26/><G50/><T77/><D131/><U111/><E79/><V107/><F107/><W7/><G7/><T22/><D56/><U46/><E111/><V65/><F65/><W31/><G122/><T81/><D120/><U87/><E73/><V5/><F5/><W101/><G101/><T9/><D33/><U15/><E126/><V70/><F70/><W105/><G105/><T4/><D4/><U88/><REACH who="1" step="1"/><E8/><REACH who="1" ten="224,292,237,237" step="2"/><V27/><F123/><W47/><G72/><T74/><D37/><U20/><E20/><V102/><F102/><W1/><G21/><T68/><D9/><U17/><E17/><V59/><AGARI ba="0,1" hai="16,18,27,28,35,49,54,59" m="37417,42090" machi="59" ten="30,4000,0" yaku="14,1,52,1,54,1" doraHai="24" who="2" fromWho="2" sc="224,-10,292,-20,237,50,237,-10" /><INIT seed="2,0,0,2,0,62" ten="214,272,287,227" oya="2" hai0="121,48,115,10,95,90,13,46,58,52,97,18,15" hai1="51,133,80,37,74,2,25,5,64,53,26,27,65" hai2="83,89,71,91,75,94,56,132,134,9,131,34,68" hai3="42,78,11,117,39,38,81,72,124,47,12,30,123"/><V23/><F34/><W70/><G123/><T55/><D115/><U96/><E37/><V128/><F56/><W0/><G124/><T109/><D109/><U87/><E74/><V103/><F9/><W102/><G117/><T45/><D121/><U106/><E133/><N who="2" m="51307" /><F23/><W54/><G30/><T21/><REACH who="0" step="1"/><D55/><REACH who="0" ten="204,272,287,227" step="2"/><U98/><E106/><V60/><F128/><W61/><G54/><T130/><D130/><U35/><E35/><V126/><F131/><W107/><G107/><T59/><D59/><U112/><E112/><V113/><F113/><W79/><G70/><T111/><D111/><U22/><E53/><V105/><F71/><W14/><G47/><T36/><D36/><U33/><E33/><V63/><F105/><W108/><G39/><T28/><D28/><U86/><E51/><V99/><F126/><W119/><G108/><T24/><D24/><U8/><E27/><V7/><F7/><AGARI ba="0,1" hai="7,10,13,15,18,21,45,46,48,52,58,90,95,97" machi="7" ten="30,12000,2" yaku="1,1,7,1,8,1,54,1,53,2" doraHai="62" doraHaiUra="43" who="0" fromWho="2" sc="204,130,272,0,287,-120,227,0" /><INIT seed="3,0,0,0,1,104" ten="334,272,167,227" oya="3" hai0="49,106,26,14,109,29,59,110,20,18,132,130,17" hai1="0,69,57,116,38,41,8,36,135,101,30,67,1" hai2="11,68,28,77,125,118,47,79,84,124,78,107,22" hai3="70,5,74,15,48,73,46,43,52,82,126,96,35"/><W121/><G121/><T113/><D106/><U122/><E122/><V100/><F68/><W37/><G70/><T117/><D117/><U111/><E30/><V115/><F118/><W71/><G35/><T92/><D130/><U91/><E101/><V64/><F115/><W34/><G34/><T72/><D132/><U81/><E1/><V127/><F64/><W76/><G96/><T105/><D105/><U99/><E57/><V123/><F123/><W120/><G120/><T83/><D92/><U98/><E98/><N who="2" m="61847" /><F11/><W27/><G27/><T44/><D59/><U19/><E99/><V25/><F47/><W86/><G71/><T39/><D39/><U2/><E36/><V62/><F62/><W56/><G126/><N who="2" m="32257" /><V131/><DORA hai="6" /><F131/><W89/><REACH who="3" step="1"/><G76/><REACH who="3" ten="334,272,167,217" step="2"/><N who="0" m="44423" /><D113/><U50/><E69/><V16/><F28/><W128/><G128/><T88/><D29/><U114/><E116/><V4/><F4/><W33/><G33/><T10/><D18/><U55/><E19/><V119/><F119/><W60/><G60/><T87/><D17/><U85/><E114/><V3/><F3/><W66/><G66/><T95/><D26/><U80/><E67/><V51/><F51/><W90/><G90/><T133/><D88/><U12/><E91/><V31/><F31/><W32/><G32/><T94/><D133/><U7/><E135/><V129/><F129/><W58/><G58/><T108/><D14/><U13/><E12/><V61/><F61/><W45/><G45/><T23/><D44/><U97/><E0/><V40/><F84/><W21/><G21/><T65/><D23/><RYUUKYOKU ba="0,1" sc="334,-15,272,-15,167,15,217,15" hai2="16,22,25,40,77,78,79" hai3="5,15,37,43,46,48,52,56,73,74,82,86,89" /><INIT seed="3,1,1,2,4,132" ten="319,257,182,232" oya="3" hai0="81,124,13,44,96,12,92,36,116,112,20,40,103" hai1="75,126,71,65,118,101,78,60,125,24,49,32,31" hai2="25,54,14,110,93,41,2,16,69,114,23,11,123" hai3="45,88,52,50,29,33,68,109,90,85,77,70,8"/><W115/><G115/><T63/><D116/><U43/><E118/><V80/><F110/><W94/><G109/><T107/><D112/><U122/><E122/><V131/><F131/><W111/><G111/><T61/><D124/><N who="1" m="47723" /><E101/><V53/><F114/><W82/><G8/><T59/><D81/><N who="1" m="45279" /><E49/><V67/><F2/><W19/><G19/><T5/><D5/><U113/><E113/><V104/><F104/><W99/><REACH who="3" step="1"/><G77/><REACH who="3" ten="319,257,182,222" step="2"/><T108/><D108/><U3/><E43/><V130/><F41/><W51/><G51/><T58/><D36/><U57/><E3/><V133/><F123/><W97/><G97/><T46/><D96/><U34/><E34/><V55/><F130/><W18/><G18/><T15/><D40/><U119/><E119/><V62/><F133/><W127/><G127/><T105/><D12/><U120/><E120/><V87/><F11/><W48/><G48/><T129/><D129/><U0/><E0/><V66/><F14/><W86/><G86/><T4/><D4/><U10/><E10/><V30/><F16/><W28/><G28/><T76/><D76/><U117/><E117/><V22/><F30/><W135/><G135/><T73/><D73/><U47/><E47/><V100/><F87/><W42/><G42/><T1/><D1/><U56/><AGARI ba="1,2" hai="24,31,32,56,57,60,65,71" m="45279,47723" machi="56" ten="30,7900,0" yaku="18,1,52,3" doraHai="132" who="1" fromWho="1" sc="319,-21,257,102,182,-21,222,-40" /><INIT seed="4,0,0,1,2,99" ten="298,359,161,182" oya="0" hai0="5,81,8,60,131,40,94,24,76,128,119,47,27" hai1="71,15,89,58,115,59,93,83,114,44,32,7,121" hai2="56,51,28,63,34,72,122,82,55,14,35,129,33" hai3="84,62,123,9,105,132,6,74,61,125,46,118,80"/><T57/><D119/><U19/><E121/><V70/><F122/><W4/><G118/><T45/><D94/><U25/><E83/><V2/><F2/><W29/><G123/><T133/><D133/><U134/><E7/><V43/><F129/><N who="0" m="49738" /><D47/><U130/><E134/><V39/><F14/><W22/><G132/><T90/><D90/><U92/><E71/><V109/><F109/><W30/><G74/><N who="0" m="43159" /><D57/><U18/><E44/><V52/><F39/><W85/><G105/><T64/><D60/><U16/><E130/><V95/><F43/><W11/><G46/><T36/><D64/><U86/><E93/><V42/><F42/><W127/><G80/><T1/><AGARI ba="0,0" hai="1,5,8,24,27,36,40,45" m="43159,49738" machi="1" ten="30,3000,0" yaku="25,1,19,1" doraHai="99" who="0" fromWho="0" sc="298,30,359,-10,161,-10,182,-10" /><INIT seed="4,1,0,4,4,51" ten="328,349,151,172" oya="0" hai0="66,111,60,72,7,30,65,20,115,69,97,18,123" hai1="105,127,113,44,100,54,58,116,5,63,31,96,2" hai2="35,24,135,84,21,45,128,48,25,94,37,1,112" hai3="101,117,15,9,0,99,56,11,39,120,43,125,71"/><T38/><D123/><U3/><E116/><V79/><F112/><W64/><G120/><T118/><D118/><U90/><E113/><V131/><F37/><W42/><G71/><T108/><D38/><U53/><E127/><V61/><F1/><W36/><G125/><T85/><D72/><U126/><E126/><V104/><F104/><W83/><G117/><T6/><D66/><U49/><E5/><V134/><F61/><W119/><G119/><T87/><D115/><U22/><REACH who="1" step="1"/><E90/><REACH who="1" ten="328,339,151,172" step="2"/><V133/><F128/><W130/><G130/><T23/><D7/><U124/><E124/><V14/><F131/><W26/><G36/><T106/><D6/><U103/><E103/><V59/><F133/><W40/><G39/><T8/><D108/><U91/><E91/><V67/><F134/><W95/><G0/><T122/><D111/><U68/><E68/><V92/><F135/><W73/><G101/><T4/><D4/><U98/><E98/><V132/><F132/><W47/><G99/><T74/><D122/><U57/><E57/><V34/><F59/><W13/><G56/><T12/><D97/><U10/><E10/><V86/><F34/><W80/><G9/><T41/><D8/><U75/><E75/><V129/><F35/><W16/><G11/><T27/><D74/><U110/><E110/><V70/><F70/><W19/><G73/><T78/><D78/><U50/><E50/><V77/><F129/><W52/><G47/><T28/><D69/><U93/><E93/><N who="2" m="35947" /><F45/><W88/><G95/><T82/><D106/><U121/><E121/><V33/><F77/><RYUUKYOKU ba="1,1" sc="328,-10,339,30,151,-10,172,-10" hai1="2,3,22,31,44,49,53,54,58,63,96,100,105" /><INIT seed="5,2,1,0,1,107" ten="318,369,141,162" oya="1" hai0="128,80,3,123,114,122,70,14,7,95,99,63,105" hai1="68,85,129,98,77,132,37,131,5,79,12,126,23" hai2="124,112,74,6,34,65,47,32,111,67,93,22,46" hai3="101,60,27,66,61,13,31,89,35,0,56,86,42"/><U51/><E37/><V64/><F111/><W48/><G0/><T108/><D108/><U2/><E68/><V130/><F6/><W59/><G101/><T21/><D128/><N who="1" m="49227" /><E2/><V103/><F130/><W20/><G13/><T43/><D114/><U84/><E51/><V15/><F124/><W133/><G133/><T26/><D43/><U18/><E126/><V28/><F112/><W69/><G35/><T83/><D3/><U19/><E5/><V11/><F22/><W36/><G36/><T81/><D105/><U1/><E1/><V50/><F28/><W44/><REACH who="3" step="1"/><G61/><REACH who="3" ten="318,369,141,152" step="2"/><T90/><D63/><U113/><E132/><V29/><F34/><W17/><G17/><T10/><REACH who="0" step="1"/><D70/><REACH who="0" ten="308,369,141,152" step="2"/><U53/><E113/><V41/><F32/><W40/><G40/><T76/><D76/><U57/><E79/><V62/><F41/><W134/><G134/><T52/><D52/><U9/><E77/><V102/><F62/><W115/><G115/><T58/><D58/><U121/><E53/><V120/><F67/><W94/><AGARI ba="2,3" hai="20,27,31,42,44,48,56,59,60,66,69,86,89,94" machi="94" ten="20,2700,0" yaku="1,1,0,1,7,1,53,0" doraHai="107" doraHaiUra="78" who="3" fromWho="3" sc="308,-9,369,-15,141,-9,152,63" /><INIT seed="6,0,0,5,2,134" ten="299,354,132,215" oya="2" hai0="75,24,91,102,18,74,27,1,76,38,16,119,13" hai1="82,107,93,59,77,30,116,34,106,123,85,36,132" hai2="131,62,46,109,71,48,53,70,96,15,51,31,21" hai3="97,92,135,89,72,42,29,113,63,25,37,105,114"/><V64/><F131/><W69/><G72/><T124/><D1/><U14/><E116/><V6/><F109/><W28/><G135/><T41/><D102/><U110/><E36/><V49/><F71/><W101/><G42/><T54/><D91/><U90/><E110/><V23/><F96/><W127/><G37/><T95/><D95/><U79/><E79/><V20/><REACH who="2" step="1"/><F31/><REACH who="2" ten="299,354,122,215" step="2"/><W108/><G108/><T10/><D119/><U129/><E129/><V39/><F39/><W47/><G29/><T33/><D38/><U50/><E30/><V99/><F99/><W19/><G28/><T4/><D74/><U126/><E132/><V100/><F100/><W84/><G101/><T58/><D75/><U66/><E123/><V44/><F44/><W117/><G47/><T87/><D33/><U12/><E34/><V0/><F0/><W125/><G117/><T103/><D103/><U115/><E106/><V11/><AGARI ba="0,1" hai="6,11,15,20,21,23,46,48,49,51,53,62,64,70" machi="11" ten="30,6000,0" yaku="1,1,0,1,53,1" doraHai="134" doraHaiUra="57" who="2" fromWho="2" sc="299,-20,354,-20,122,70,215,-20" /><INIT seed="6,1,0,1,4,120" ten="279,334,192,195" oya="2" hai0="60,63,86,9,43,15,24,74,49,23,75,125,90" hai1="118,53,116,18,104,93,33,44,45,7,79,48,92" hai2="85,2,61,1,91,50,132,135,96,28,35,42,39" hai3="52,34,108,20,110,99,102,128,72,98,130,67,11"/><V100/><F39/><W77/><G34/><T83/><D125/><U32/><E104/><V4/><F61/><N who="0" m="23626" /><D75/><U122/><E79/><V21/><F35/><W117/><G67/><T76/><D74/><U54/><E18/><V89/><F42/><W14/><G117/><T27/><D23/><U8/><E122/><V105/><F50/><W111/><G20/><T41/><D76/><U46/><E8/><V107/><F107/><W78/><G52/><T38/><D38/><U109/><E46/><V57/><F57/><W126/><G126/><T47/><D43/><U127/><E48/><V30/><F91/><W29/><G29/><N who="2" m="11369" /><F4/><AGARI ba="1,0" hai="4,9,15,24,27,41,47,49,83,86,90" m="23626" machi="4" ten="30,1000,0" yaku="8,1" doraHai="120" who="0" fromWho="2" sc="279,13,334,0,192,-13,195,0" /><INIT seed="7,0,0,4,0,44" ten="292,334,179,195" oya="3" hai0="52,129,123,64,36,56,41,118,83,119,8,85,20" hai1="72,95,79,42,82,93,134,50,40,92,104,22,49" hai2="39,26,45,66,86,67,114,35,11,57,110,130,80" hai3="75,33,96,14,71,9,27,46,38,16,111,60,94"/><W5/><G111/><T2/><D123/><U23/><E104/><V128/><F110/><W101/><G75/><T77/><D129/><N who="2" m="49770" /><F114/><W91/><G71/><T70/><D20/><U105/><E105/><V131/><N who="2" m="49778" /><V55/><DORA hai="21" /><F11/><W28/><G60/><N who="0" m="40199" /><D8/><U17/><E134/><V108/><F108/><W30/><G101/><T59/><D2/><U6/><E6/><V10/><F10/><W112/><G112/><T29/><D29/><U120/><E120/><V37/><F45/><W69/><G69/><T48/><D59/><U34/><E34/><V116/><F116/><W135/><G135/><T31/><D31/><U76/><E23/><V102/><F102/><W74/><G74/><T18/><D18/><U88/><E88/><N who="2" m="51271" /><F35/><W113/><G113/><T62/><D62/><U121/><E121/><V3/><F3/><W106/><G106/><T133/><D133/><U78/><E82/><V124/><F124/><W25/><G5/><T99/><D99/><U73/><E73/><V127/><F127/><W81/><G81/><T51/><D51/><N who="1" m="19467" /><E72/><V65/><F26/><AGARI ba="0,0" hai="17,22,26,40,42,76,78,79,92,93,95" m="19467" machi="26" ten="30,8000,1" yaku="8,1,52,4" doraHai="44,21" who="1" fromWho="2" sc="292,0,334,80,179,-80,195,0" owari="292,9.0,414,51.0,99,-40.0,195,-20.0" /></mjloggm>