<mjloggm ver="2.3"><GO type="185" lobby="0"/><UN n0="%E3%81%AE%E3%81%B6%E3%81%AE%E3%81%B6" n1="%E5%8C%97%E5%B0%8F%E8%B7%AF%3A%E9%9A%86%E5%A4%AA" n2="%E6%A8%BD%E3%81%AA%E3%81%AE%E5%A3%8A%E3%81%95%E3%81%AA%E3%81%84%E3%81%A7" n3="" dan="16,16,17,0" rate="2172.14,2197.68,2293.38,1500.00" sx="M,M,M,C"/><TAIKYOKU oya="0"/><INIT seed="0,0,0,5,4,40" ten="350,350,350,0" oya="0" hai0="116,51,110,39,68,45,133,70,89,82,126,128,104" hai1="114,43,119,78,34,53,41,109,33,86,48,71,65" hai2="61,131,134,91,123,132,92,111,79,75,125,1,62" hai3=""/><T129/><D104/><U74/><E74/><V112/><N who="2" m="31520" /><V44/><F112/><T130/><D116/><U59/><E119/><V76/><F1/><T37/><D126/><U90/><E114/><V100/><F131/><T106/><D106/><U32/><E109/><V84/><F100/><T95/><D82/><U49/><E78/><V113/><F113/><T87/><D110/><U46/><E71/><N who="0" m="27177" /><D133/><U96/><E96/><V101/><F111/><T77/><D77/><U115/><E115/><V69/><F125/><T67/><D67/><U99/><E99/><V83/><F79/><T117/><D117/><U81/><REACH who="1" step="1"/><E65/><REACH who="1" ten="350,340,350,0" step="2"/><V66/><F75/><T50/><D50/><U121/><N who="1" m="31008" /><U0/><E0/><V127/><F76/><T120/><N who="0" m="30752" /><T94/><D94/><U105/><E105/><V72/><F72/><T35/><D35/><U122/><N who="1" m="31264" /><U38/><E38/><V58/><F127/><T118/><D118/><U54/><AGARI ba="0,1" hai="32,33,34,41,43,46,48,49,53,54,59,81,86,90" m="31264,31008" machi="54" ten="40,6000,1" yaku="1,1,0,1,52,3,53,0" doraHai="40" doraHaiUra="135" who="1" fromWho="1" sc="350,-40,340,70,350,-20,0,0" /><INIT seed="1,0,0,3,4,89" ten="310,410,330,0" oya="1" hai0="134,72,106,87,110,81,34,85,52,95,39,38,36" hai1="0,46,77,47,58,78,92,71,51,120,53,54,67" hai2="60,119,91,74,98,131,68,113,62,44,96,88,127" hai3=""/><U84/><N who="1" m="30752" /><U49/><E0/><V107/><F119/><T40/><D106/><U93/><E71/><V50/><F74/><T59/><D34/><U118/><E118/><V82/><F127/><T3/><D3/><U128/><E128/><V76/><F131/><T125/><D125/><U129/><E129/><V79/><F113/><T1/><D1/><U122/><N who="1" m="31264" /><U105/><E105/><V37/><F37/><T124/><D72/><U57/><E67/><V32/><F32/><T97/><D40/><U133/><E133/><V109/><F109/><T73/><D134/><U126/><REACH who="1" step="1"/><E84/><REACH who="1" ten="310,400,330,0" step="2"/><V69/><F107/><T115/><D124/><AGARI ba="0,1" hai="46,47,49,51,53,54,57,58,77,78,92,93,124,126" m="31264,30752" machi="124" ten="25,24000,3" yaku="1,1,2,1,22,2,52,4,53,0" doraHai="89" doraHaiUra="63" who="1" fromWho="0" sc="310,-240,400,250,330,0,0,0" /><INIT seed="1,1,0,4,2,92" ten="70,650,330,0" oya="1" hai0="43,128,65,90,115,113,53,1,75,48,70,67,50" hai1="121,51,134,44,112,46,96,39,58,80,103,64,71" hai2="102,127,52,105,60,116,89,73,40,111,123,83,45" hai3=""/><U129/><N who="1" m="31008" /><U135/><E112/><V32/><N who="2" m="31520" /><V101/><F32/><T33/><D33/><U119/><E119/><V76/><F127/><T35/><D35/><U57/><E129/><V124/><F124/><T54/><D75/><U87/><E71/><V49/><F111/><T72/><D72/><U125/><E125/><V56/><F105/><T81/><D81/><U94/><E39/><V99/><F116/><T122/><N who="0" m="31264" /><T37/><D90/><U132/><E64/><N who="0" m="24649" /><D1/><U63/><E63/><V55/><F89/><T120/><N who="0" m="30752" /><T100/><D100/><U108/><E108/><V79/><F79/><T93/><D93/><U77/><REACH who="1" step="1"/><E44/><REACH who="1" ten="70,640,330,0" step="2"/><V2/><F45/><T69/><D128/><U59/><E59/><V41/><F56/><T110/><D110/><U104/><E104/><V106/><F106/><T42/><D37/><U74/><E74/><V61/><F73/><T117/><D117/><U107/><E107/><V133/><F61/><T130/><D130/><U126/><E126/><V68/><F60/><T82/><D113/><U85/><E85/><V114/><F114/><T95/><D115/><U109/><E109/><V86/><F86/><T84/><D70/><U118/><E118/><V47/><F68/><RYUUKYOKU ba="1,1" sc="70,-10,640,20,330,-10,0,0" hai1="46,51,57,58,77,80,87,94,96,103,132,134,135" /><INIT seed="1,2,1,0,1,70" ten="60,660,320,0" oya="1" hai0="59,126,33,49,82,81,1,123,103,128,102,36,133" hai1="83,55,86,71,32,34,134,48,63,99,66,120,89" hai2="118,73,61,46,121,107,80,88,35,97,3,101,42" hai3=""/><U60/><N who="1" m="30752" /><U78/><E134/><V0/><N who="2" m="31008" /><V79/><F35/><T96/><N who="0" m="31520" /><T132/><D33/><U43/><E43/><V72/><F72/><T41/><D1/><U51/><E60/><V125/><F125/><T105/><D126/><U50/><E99/><V38/><F118/><T92/><D59/><U76/><E76/><V129/><F129/><T56/><D56/><U68/><E68/><V111/><F111/><T87/><D49/><U75/><REACH who="1" step="1"/><E55/><REACH who="1" ten="60,650,320,0" step="2"/><V131/><F61/><T53/><D53/><U47/><E47/><V130/><F130/><T57/><D41/><U100/><E100/><V95/><F131/><T44/><D57/><U91/><E91/><V106/><F106/><T127/><D44/><U114/><E114/><V116/><F116/><T74/><D128/><U90/><E90/><V122/><F122/><T112/><D112/><U62/><E62/><V85/><AGARI ba="2,2" hai="0,3,38,42,46,73,79,80,85,88,95,97,101,107" m="31008" machi="85" ten="20,9000,2" yaku="0,1,7,1,24,2,52,2,54,1" doraHai="70" who="2" fromWho="2" sc="60,-32,650,-62,320,114,0,0" /><INIT seed="2,0,0,1,0,131" ten="28,588,434,0" oya="2" hai0="88,101,47,119,122,58,111,127,108,112,107,104,69" hai1="135,99,73,118,113,59,76,125,96,75,53,93,106" hai2="65,70,64,56,36,62,121,91,81,86,97,45,117" hai3=""/><V72/><N who="2" m="31008" /><V114/><F114/><T132/><D58/><U61/><E113/><V105/><F117/><T49/><D49/><U92/><E118/><V130/><F130/><T133/><D47/><U84/><E125/><V83/><F105/><N who="0" m="40522" /><D112/><U2/><E2/><V120/><N who="2" m="30752" /><V46/><F97/><T41/><N who="0" m="31264" /><T66/><D66/><U71/><E71/><V116/><F116/><T128/><D128/><U3/><E3/><V90/><F36/><T43/><D69/><U57/><E106/><V95/><F70/><T89/><D101/><U103/><E135/><N who="0" m="51785" /><D119/><U33/><E33/><V40/><F65/><T39/><D39/><U38/><E38/><V68/><F68/><T74/><D74/><U80/><E57/><V102/><F40/><N who="0" m="15434" /><D127/><U0/><E0/><V34/><F34/><T100/><D100/><AGARI ba="0,0" hai="53,59,61,73,75,76,80,84,92,93,96,99,100,103" machi="100" ten="30,2000,0" yaku="7,1,9,1" doraHai="131" who="1" fromWho="0" sc="28,-20,588,20,434,0,0,0" /><INIT seed="4,0,0,0,4,45" ten="8,608,434,0" oya="0" hai0="112,76,40,132,43,36,2,117,56,100,33,53,55" hai1="64,0,71,103,52,66,128,84,88,37,39,121,94" hai2="38,79,65,48,119,111,107,116,108,96,50,114,47" hai3=""/><T3/><D117/><U34/><N who="1" m="31008" /><U32/><E0/><V41/><F79/><T101/><D33/><U134/><E134/><V59/><F96/><T104/><D132/><U129/><E103/><V126/><F107/><T92/><D104/><U35/><E52/><V86/><F86/><T95/><D76/><U93/><E93/><V75/><F75/><T87/><D56/><U115/><E115/><V80/><F80/><T102/><D36/><N who="1" m="13899" /><E71/><V57/><F114/><T110/><D101/><U90/><E90/><V49/><F59/><T122/><N who="0" m="31264" /><T85/><D112/><U42/><E42/><V106/><F106/><T97/><D97/><U67/><E67/><V83/><F83/><T99/><D99/><U62/><E62/><V120/><N who="2" m="30752" /><V91/><F91/><T98/><D98/><U130/><AGARI ba="0,0" hai="32,34,35,64,66,84,88,94,128,129,130" m="13899,31008" machi="130" ten="50,4800,0" yaku="19,1,52,1,54,1" doraHai="45" who="1" fromWho="1" sc="8,-32,608,48,434,-16,0,0" owari="-24,-62.0,656,60.0,418,2.0,0,0.0" /></mjloggm>