<mjloggm ver="2.3"><GO type="169" lobby="0"/><UN n0="%E9%AB%98%E6%9C%88%E5%AE%BF%E7%94%B7" n1="%E8%A5%BF%E9%83%B7" n2="%E3%81%86%E3%81%A9%E3%82%93%E3%81%93" n3="%66%69%63%74%69%6F%6E" dan="16,16,16,16" rate="2176.96,2088.72,2065.83,2028.24" sx="M,M,M,M"/><TAIKYOKU oya="0"/><INIT seed="0,0,0,4,3,117" ten="250,250,250,250" oya="0" hai0="62,84,30,0,33,57,101,102,114,12,88,105,64" hai1="66,75,40,39,133,23,100,69,119,104,11,87,32" hai2="50,96,6,83,80,124,7,82,61,81,95,60,14" hai3="68,27,103,3,115,56,76,110,70,134,126,20,113"/><T116/><D0/><U112/><E75/><V26/><F124/><W71/><G126/><T72/><D72/><U37/><E32/><V19/><F26/><W38/><G3/><T120/><D116/><U22/><E87/><V74/><N who="2" m="20480" /><DORA hai="86" /><V63/><F50/><W78/><G38/><T16/><D105/><U52/><E11/><V109/><F109/><W58/><G110/><T65/><D114/><U41/><E66/><N who="0" m="25705" /><D30/><U131/><E104/><V92/><F74/><W121/><G103/><N who="0" m="39435" /><D33/><U94/><E100/><V90/><REACH who="2" step="1"/><F95/><REACH who="2" ten="250,250,240,250" step="2"/><W106/><G106/><T77/><D77/><U122/><E94/><V55/><F55/><W127/><G127/><T8/><D120/><U132/><E52/><V21/><AGARI ba="0,1" hai="6,7,14,19,21,60,61,63,90,92,96" m="20480" machi="21" ten="50,8000,1" yaku="1,1,0,1,8,1,52,1,53,1" doraHai="117,86" doraHaiUra="98,17" who="2" fromWho="2" sc="250,-40,250,-20,240,90,250,-20" /><INIT seed="1,0,0,5,1,80" ten="210,230,330,230" oya="1" hai0="52,81,95,32,128,33,44,86,85,18,61,129,3" hai1="93,66,125,2,41,26,8,133,63,115,134,116,106" hai2="67,96,124,100,91,64,62,30,121,50,23,126,40" hai3="21,54,87,104,31,55,102,11,70,0,122,49,119"/><U9/><E106/><V51/><F121/><W7/><G122/><T94/><D3/><U135/><E115/><V77/><F77/><W92/><G70/><T79/><D18/><U10/><E116/><V28/><F91/><W117/><G104/><T78/><D44/><U73/><E73/><V131/><F131/><N who="0" m="50250" /><D95/><U60/><E125/><N who="2" m="48235" /><F67/><W75/><G75/><T68/><D68/><U24/><E93/><N who="2" m="58383" /><F23/><W35/><G35/><N who="0" m="13387" /><D94/><U108/><E41/><V57/><F40/><W27/><G102/><T101/><D101/><U69/><E2/><V43/><F43/><W82/><G92/><T72/><D79/><U97/><E97/><V13/><F13/><W71/><G71/><T107/><D107/><U110/><REACH who="1" step="1"/><E63/><REACH who="1" ten="210,220,330,230" step="2"/><V59/><F62/><W37/><G37/><T76/><D76/><U90/><E90/><V47/><F51/><W132/><G49/><T14/><D14/><U83/><E83/><V112/><F112/><W36/><G36/><T65/><D65/><U109/><AGARI ba="0,1" hai="8,9,10,24,26,60,66,69,108,109,110,133,134,135" machi="109" ten="50,18000,2" yaku="1,1,0,1,29,2,14,1,10,1,20,1,53,0" doraHai="80" doraHaiUra="38" who="1" fromWho="1" sc="210,-60,220,190,330,-60,230,-60" /><INIT seed="1,1,0,0,2,135" ten="150,410,270,170" oya="1" hai0="119,2,77,32,89,101,79,125,68,96,90,91,100" hai1="94,87,97,11,121,93,61,66,37,30,107,76,9" hai2="116,8,108,47,67,111,114,20,95,123,49,99,38" hai3="16,118,131,23,28,56,134,43,41,10,17,52,64"/><U40/><E121/><V71/><F123/><W92/><G134/><T44/><D44/><U110/><E107/><V120/><F120/><W88/><G131/><T53/><D53/><U51/><E37/><V85/><F116/><W133/><G133/><T86/><D68/><U115/><E115/><V24/><F38/><W69/><G69/><T81/><D32/><U83/><E30/><V1/><F114/><W72/><G72/><T22/><D22/><U48/><E110/><V58/><F85/><N who="3" m="52239" /><G118/><T25/><D25/><U42/><E51/><V63/><F71/><W73/><G64/><T54/><D54/><U6/><E48/><V0/><F8/><W127/><G127/><T27/><D27/><U117/><E117/><V129/><F129/><W39/><G73/><T78/><D2/><U126/><E126/><V62/><F63/><N who="3" m="36231" /><G39/><T109/><D109/><U128/><E128/><V45/><F45/><W15/><G28/><T59/><D59/><N who="1" m="37183" /><E94/><V130/><F130/><W57/><G57/><T19/><D19/><U65/><E65/><V13/><F108/><W4/><G4/><T36/><D36/><U70/><E70/><V18/><F111/><W29/><G29/><T74/><D125/><U102/><E6/><V12/><F1/><W33/><G33/><T3/><D3/><U84/><E87/><V106/><F106/><W98/><G98/><T82/><D119/><U35/><E35/><V60/><F0/><W113/><G113/><T132/><D132/><U104/><E104/><V105/><F105/><W55/><G55/><T26/><D74/><U31/><E31/><RYUUKYOKU ba="1,0" sc="150,-15,410,15,270,-15,170,15" hai1="9,11,40,42,76,83,84,93,97,102" hai3="10,15,16,17,23,41,43" /><INIT seed="1,2,0,4,2,43" ten="135,425,255,185" oya="1" hai0="104,111,18,130,79,84,41,57,50,91,90,19,106" hai1="72,101,22,42,83,64,71,129,108,27,14,31,36" hai2="15,62,126,125,45,120,0,34,107,17,115,28,56" hai3="4,44,86,70,49,35,97,80,132,113,93,88,73"/><U109/><E129/><V76/><F107/><W110/><G110/><N who="1" m="42602" /><E101/><V33/><F120/><W26/><G132/><T51/><D41/><U78/><E14/><V38/><F0/><W61/><G113/><T121/><D57/><U40/><E36/><V81/><F115/><W99/><G4/><T114/><D114/><U48/><E48/><V124/><F28/><W46/><G73/><T20/><D20/><U118/><E118/><V21/><F38/><W69/><G99/><T47/><D84/><U3/><E3/><V60/><F45/><W32/><G26/><T23/><D23/><U117/><E117/><V94/><F94/><W102/><G46/><T6/><D111/><U123/><E123/><V10/><F21/><W75/><G75/><T112/><D112/><U16/><E31/><V122/><F122/><W25/><G25/><T5/><D121/><U54/><E54/><V95/><F95/><W98/><G98/><T135/><D135/><U119/><E119/><V29/><F29/><W30/><G30/><T53/><D53/><U7/><E7/><V12/><F12/><W131/><G131/><T116/><D116/><U87/><E72/><N who="2" m="43143" /><F60/><AGARI ba="2,0" hai="16,22,27,40,42,60,64,71,78,83,87" m="42602" machi="60" ten="30,5800,0" yaku="14,1,10,1,54,1" doraHai="43" who="1" fromWho="2" sc="135,0,425,64,255,-64,185,0" /><INIT seed="1,3,0,2,1,131" ten="135,489,191,185" oya="1" hai0="9,60,120,2,10,3,114,0,105,18,48,83,34" hai1="64,17,52,65,129,117,22,15,55,111,21,61,82" hai2="116,107,1,135,46,96,29,20,133,128,54,7,12" hai3="100,44,24,108,80,8,88,5,91,38,25,37,56"/><U76/><E129/><V87/><F128/><W66/><G108/><T67/><D105/><U115/><E115/><V31/><F116/><W19/><G100/><T92/><D114/><U73/><E117/><V16/><F87/><W118/><G118/><T13/><D34/><U41/><E111/><V63/><F1/><W35/><G25/><T112/><D112/><U101/><E65/><V122/><F122/><W106/><G106/><T132/><D120/><U134/><E134/><N who="2" m="51211" /><F7/><W77/><G19/><T70/><D132/><U27/><E101/><N who="2" m="62887" /><F63/><W110/><G110/><T121/><D121/><U50/><E50/><AGARI ba="3,0" hai="12,16,20,29,31,46,50,54" m="62887,51211" machi="50" ten="30,8000,1" yaku="20,1,52,3,54,1" doraHai="131" who="2" fromWho="1" sc="135,0,489,-89,191,89,185,0" /><INIT seed="2,0,0,3,2,133" ten="135,400,280,185" oya="2" hai0="17,119,105,23,21,103,14,37,90,48,13,97,36" hai1="35,125,80,20,3,19,111,89,0,27,130,113,93" hai2="110,77,79,54,91,92,73,47,6,52,94,88,109" hai3="25,84,129,126,34,82,57,83,135,51,11,67,68"/><V75/><REACH who="2" step="1"/><F47/><REACH who="2" ten="135,400,270,185" step="2"/><W31/><G135/><T128/><D119/><U101/><E113/><V2/><F2/><W10/><G129/><T116/><D116/><U100/><E130/><V115/><F115/><W86/><G82/><T65/><D128/><U102/><E3/><V72/><F72/><W18/><G83/><T98/><D65/><U66/><E0/><V114/><F114/><W122/><G67/><T95/><D48/><U87/><E111/><V96/><F96/><W64/><G51/><T45/><D45/><U55/><E66/><V85/><F85/><W22/><G86/><T46/><D46/><U58/><E35/><V12/><F12/><W107/><G84/><T106/><D106/><U112/><E112/><V44/><F44/><W39/><G107/><T29/><D13/><U124/><REACH who="1" step="1"/><E80/><REACH who="1" ten="135,390,270,185" step="2"/><V38/><F38/><W81/><G39/><T33/><D33/><U132/><E132/><V30/><F30/><W99/><G81/><T127/><D37/><U4/><E4/><AGARI ba="0,2" hai="4,6,52,54,73,75,77,79,88,91,92,94,109,110" machi="4" ten="25,18000,2" yaku="21,2,22,2,54,2,53,0" doraHai="133" doraHaiUra="41" who="2" fromWho="1" sc="135,0,390,-180,270,200,185,0" /><INIT seed="2,1,0,4,5,10" ten="135,210,470,185" oya="2" hai0="40,54,16,14,34,41,119,127,96,101,86,6,0" hai1="132,111,79,94,28,20,1,36,43,134,97,84,112" hai2="91,59,25,2,26,93,120,85,74,131,125,7,116" hai3="77,72,87,12,135,107,78,57,82,76,128,121,19"/><V126/><F120/><W18/><G121/><T98/><D34/><U106/><E1/><V103/><F116/><W114/><G107/><T30/><D30/><U24/><E112/><V100/><F74/><W118/><G118/><T4/><D0/><U71/><E71/><V23/><F131/><W56/><G128/><T69/><D69/><U83/><E111/><V102/><F2/><W66/><G135/><T90/><D54/><U80/><E106/><V133/><F133/><W68/><G68/><T89/><D127/><U95/><E95/><V48/><F7/><N who="0" m="2602" /><D119/><U124/><E124/><N who="2" m="47723" /><F23/><W37/><G37/><T44/><D44/><U92/><E92/><V51/><F51/><W110/><G110/><T53/><D53/><AGARI ba="1,0" hai="25,26,48,53,59,85,91,93,100,102,103" m="47723" machi="53" ten="30,1500,0" yaku="18,1" doraHai="10" who="2" fromWho="0" sc="135,-18,210,0,470,18,185,0" /><INIT seed="2,2,0,4,0,14" ten="117,210,488,185" oya="2" hai0="115,79,43,98,12,55,116,17,107,4,46,16,73" hai1="10,11,129,63,28,21,5,128,2,59,19,124,72" hai2="134,99,42,133,40,44,106,29,87,18,127,68,80" hai3="102,75,81,77,25,114,9,126,74,52,7,94,96"/><V70/><F29/><W61/><G126/><T112/><D55/><U31/><E72/><V23/><F127/><W121/><G121/><T30/><D30/><U49/><E49/><V54/><F54/><W56/><G114/><T111/><D111/><U105/><E63/><V22/><F99/><W91/><G25/><T67/><D67/><U0/><E124/><V83/><F106/><W13/><REACH who="3" step="1"/><G102/><REACH who="3" ten="117,210,488,175" step="2"/><T47/><D116/><U110/><E110/><V66/><F133/><W35/><G35/><T34/><D34/><U86/><E105/><V95/><F134/><W64/><G64/><T8/><D115/><U97/><E97/><V93/><F66/><W71/><G71/><T38/><D112/><U6/><E86/><AGARI ba="2,1" hai="7,9,13,52,56,61,74,75,77,81,86,91,94,96" machi="86" ten="30,7700,0" yaku="1,1,7,1,54,1,53,1" doraHai="14" doraHaiUra="89" who="3" fromWho="1" sc="117,0,210,-83,488,0,175,93" /><INIT seed="3,0,0,4,5,57" ten="117,127,488,268" oya="3" hai0="93,134,48,23,22,26,72,12,90,78,92,128,91" hai1="36,133,66,40,19,54,107,75,51,101,115,116,0" hai2="109,97,63,68,6,21,33,96,30,29,94,14,58" hai3="100,3,119,105,69,8,20,24,83,43,13,41,31"/><W117/><G69/><T81/><D134/><U42/><E115/><V67/><F33/><W10/><G105/><T71/><D71/><U89/><E133/><V125/><F109/><W106/><G106/><T65/><D128/><U127/><E75/><V110/><F125/><W46/><G100/><T85/><D65/><U4/><E127/><V38/><F38/><W135/><G135/><T5/><D48/><U27/><E66/><V95/><F68/><W84/><G3/><T32/><D32/><U104/><E89/><V37/><F37/><W16/><G10/><T7/><D12/><U34/><E36/><V80/><F80/><W60/><G60/><T122/><D23/><U114/><E114/><V118/><F118/><W53/><G119/><T129/><D129/><U111/><E111/><V123/><F123/><W108/><G108/><T1/><D1/><U17/><E116/><V73/><F73/><W70/><G70/><T124/><D124/><U74/><E74/><V131/><F131/><W52/><G117/><T130/><D130/><U18/><E4/><V44/><F44/><W28/><G28/><T88/><D122/><U76/><E76/><V86/><F30/><W99/><G99/><T15/><D72/><U47/><E0/><V98/><F29/><W82/><G82/><T55/><D5/><U64/><E64/><V103/><F97/><W25/><G25/><T50/><D7/><U56/><E101/><N who="2" m="60567" /><F110/><W62/><G46/><N who="0" m="28119" /><D15/><U59/><E59/><V120/><F120/><W49/><G13/><T121/><D121/><U126/><E126/><V87/><F6/><RYUUKYOKU ba="0,0" sc="117,15,127,-15,488,15,268,-15" hai0="22,26,78,81,85,88,90,91,92,93" hai2="14,21,58,63,67,86,87,95,98,103" /><INIT seed="4,1,0,1,0,114" ten="132,112,503,253" oya="0" hai0="16,45,32,74,46,103,108,48,90,135,131,26,78" hai1="61,43,72,102,93,133,1,30,98,63,83,12,34" hai2="130,120,92,119,33,94,29,23,115,67,71,20,81" hai3="104,17,54,13,116,66,42,58,79,59,124,10,86"/><T123/><D123/><U73/><E1/><V95/><F120/><W11/><G104/><T22/><D32/><U134/><E43/><V100/><F130/><W4/><G124/><T53/><D131/><U21/><E34/><V109/><F109/><W126/><G126/><T52/><D108/><U122/><E122/><V106/><F81/><W41/><G116/><T24/><D135/><N who="1" m="51723" /><E83/><V14/><F14/><W125/><G125/><T121/><D121/><U7/><E30/><V91/><F91/><W64/><G79/><T113/><D113/><U85/><E85/><V27/><F119/><W110/><G86/><T101/><D90/><U99/><E99/><N who="2" m="61727" /><F115/><W15/><G110/><T75/><D78/><U89/><E89/><V38/><F38/><W84/><G84/><T31/><D75/><N who="1" m="28747" /><E21/><V50/><F50/><N who="3" m="31063" /><G64/><T2/><D2/><U35/><E35/><V49/><F49/><W57/><G57/><T117/><D74/><U6/><E12/><V127/><F127/><W18/><G17/><T44/><D117/><U88/><E102/><N who="0" m="38921" /><D31/><U39/><E39/><V37/><F37/><W77/><G77/><T70/><D70/><U19/><E19/><V76/><F76/><W60/><AGARI ba="1,0" hai="4,10,11,13,15,18,41,42,59,60,66" m="31063" machi="60" ten="30,1100,0" yaku="8,1" doraHai="114" who="3" fromWho="3" sc="132,-6,112,-4,503,-4,253,14" /><INIT seed="5,0,0,2,5,111" ten="126,108,499,267" oya="1" hai0="37,94,59,57,53,23,113,104,9,60,2,54,21" hai1="135,78,86,19,25,105,43,116,1,129,100,108,51" hai2="97,77,12,44,63,58,107,73,26,117,0,14,75" hai3="109,123,52,88,81,68,22,55,122,17,5,48,47"/><U28/><E116/><V70/><F0/><W120/><G109/><T62/><D104/><U90/><E108/><V103/><F70/><W133/><G68/><T34/><D34/><U38/><E38/><V125/><F125/><W131/><G5/><T121/><D37/><U50/><E1/><V65/><F117/><W79/><G133/><T95/><D2/><U119/><E119/><V82/><F75/><W49/><G131/><T101/><D9/><U3/><E3/><V126/><F126/><W18/><G88/><T35/><D35/><U99/><E19/><V46/><F26/><W32/><G32/><T91/><D91/><U76/><E129/><V11/><F12/><W102/><G102/><T134/><D101/><U112/><E135/><V110/><F110/><W6/><G6/><AGARI ba="0,0" hai="6,11,14,44,46,58,63,65,73,77,82,97,103,107" machi="6" ten="30,1000,0" yaku="7,1" doraHai="111" who="2" fromWho="3" sc="126,0,108,0,499,10,267,-10" /><INIT seed="6,0,0,1,5,19" ten="126,108,509,257" oya="2" hai0="132,96,10,12,89,13,112,76,74,40,118,107,127" hai1="2,67,6,133,22,98,49,52,91,116,62,5,45" hai2="18,113,15,25,63,71,20,31,39,99,32,84,129" hai3="28,47,121,44,123,108,92,68,33,11,110,53,93"/><V58/><F39/><W102/><G68/><T72/><D40/><U34/><E34/><V37/><F37/><W23/><G33/><T51/><D51/><U7/><E133/><V115/><F129/><W30/><G11/><T105/><D10/><U122/><E116/><V82/><F71/><W35/><G35/><T4/><D4/><U36/><E122/><V94/><F84/><W65/><G102/><T14/><D96/><U69/><E2/><V114/><F82/><W101/><G101/><T57/><D57/><U119/><E119/><V120/><F120/><W77/><G53/><T27/><D27/><U17/><E36/><V134/><F134/><W61/><G61/><T87/><D132/><U106/><E106/><V97/><F94/><W86/><G86/><T80/><D118/><U124/><E124/><V64/><AGARI ba="0,0" hai="15,18,20,25,31,32,58,63,64,97,99,113,114,115" machi="64" ten="30,6000,0" yaku="0,1,15,1,52,1" doraHai="19" who="2" fromWho="2" sc="126,-20,108,-20,509,60,257,-20" /><INIT seed="6,1,0,3,5,40" ten="106,88,569,237" oya="2" hai0="16,2,107,49,131,63,47,19,7,88,109,46,83" hai1="27,126,57,51,32,59,96,102,77,121,111,100,112" hai2="118,117,82,78,25,124,37,26,56,14,123,122,21" hai3="5,113,34,119,85,54,105,55,134,60,103,45,125"/><V24/><F37/><W3/><G119/><T93/><D107/><U120/><E111/><V36/><F36/><W10/><G134/><T128/><D109/><U20/><E32/><V38/><F38/><W35/><G125/><T132/><D132/><U135/><E135/><V44/><F124/><W39/><G105/><T30/><D30/><U68/><E68/><V62/><F14/><W79/><G103/><T97/><D49/><U70/><E70/><V89/><F89/><W72/><G85/><T18/><D63/><U114/><E126/><V127/><F21/><W65/><G55/><T8/><D83/><U76/><E20/><V86/><F127/><W41/><G54/><T28/><D28/><U43/><E27/><V13/><F13/><W84/><G84/><T129/><AGARI ba="1,0" hai="2,7,8,16,18,19,46,47,88,93,97,128,129,131" machi="129" ten="40,12000,2" yaku="0,1,19,1,52,2,54,2" doraHai="40" who="0" fromWho="0" sc="106,123,88,-31,569,-61,237,-31" /><INIT seed="7,0,0,1,3,30" ten="229,57,508,206" oya="3" hai0="32,7,84,39,110,77,107,131,50,42,112,24,129" hai1="46,33,36,12,91,127,93,80,101,20,37,108,68" hai2="86,135,78,134,31,15,14,10,65,28,8,29,66" hai3="22,57,83,62,69,19,98,4,1,45,70,124,96"/><W88/><G124/><T72/><D50/><U48/><E108/><V90/><F78/><W9/><G45/><N who="0" m="23775" /><D84/><U73/><E127/><V115/><F115/><W71/><G83/><N who="0" m="45479" /><D110/><U63/><E101/><V94/><F10/><W114/><G114/><T122/><D112/><U82/><E20/><V105/><F105/><W104/><G104/><T52/><D52/><U113/><E113/><V59/><F59/><W60/><G98/><T54/><D54/><U41/><E12/><N who="2" m="4651" /><F8/><W18/><G60/><T51/><D51/><U95/><E63/><V103/><F103/><W49/><G49/><T123/><D7/><U116/><E48/><V25/><F25/><W2/><G2/><T21/><D107/><U61/><E61/><V125/><F125/><W97/><G97/><T102/><D102/><U16/><E116/><V40/><F40/><W75/><G75/><T74/><D74/><U109/><E73/><V118/><F118/><W79/><G79/><T5/><D5/><U89/><E109/><V53/><F53/><W100/><G100/><T133/><D133/><AGARI ba="0,0" hai="28,29,31,65,66,86,90,94,133,134,135" m="4651" machi="133" ten="30,1000,0" yaku="20,1" doraHai="30" who="2" fromWho="0" sc="229,-10,57,0,508,10,206,0" owari="219,2.0,57,-44.0,518,61.0,206,-19.0" /></mjloggm>