<mjloggm ver="2.3"><GO type="185" lobby="0"/><UN n0="%E3%81%A0%E3%81%83" n1="%E6%99%82%E9%96%93%E3%81%AF%E6%B0%B4%E9%8A%80" n2="%E5%8C%97%E5%B0%8F%E8%B7%AF%3A%E9%9A%86%E5%A4%AA" n3="" dan="16,16,16,0" rate="2157.50,2190.18,2209.12,1500.00" sx="M,F,M,C"/><TAIKYOKU oya="0"/><INIT seed="0,0,0,4,1,71" ten="350,350,350,0" oya="0" hai0="37,50,45,79,51,61,43,93,121,35,110,108,68" hai1="119,86,87,73,58,115,66,100,103,53,114,127,46" hai2="64,52,77,1,44,94,59,117,97,109,95,48,76" hai3=""/><T33/><N who="0" m="31008" /><T123/><N who="0" m="31520" /><T70/><D79/><U75/><E119/><V116/><F1/><T88/><D35/><U131/><E66/><V120/><N who="2" m="30752" /><V39/><F109/><N who="0" m="42090" /><D33/><U107/><E131/><V132/><F132/><T57/><D70/><U3/><E46/><V49/><F39/><T78/><D78/><U83/><E87/><V122/><N who="2" m="31264" /><V42/><F64/><T111/><N who="0" m="42098" /><T130/><DORA hai="99" /><D130/><U92/><E115/><V40/><F40/><T63/><D68/><U81/><E114/><V56/><F56/><T124/><D124/><U98/><E127/><V54/><F42/><T2/><D2/><U85/><E58/><V104/><F104/><T74/><D74/><U113/><E3/><V34/><F34/><T47/><D47/><U126/><E113/><V128/><F128/><T106/><D106/><U0/><E126/><V72/><F72/><T41/><D41/><U38/><E0/><V90/><F117/><T112/><D112/><U60/><E73/><V96/><F116/><T36/><D36/><U55/><E75/><V118/><F118/><T129/><D129/><U105/><E38/><V133/><F133/><T91/><D91/><AGARI ba="0,0" hai="44,48,49,52,54,59,76,77,90,91,94,95,96,97" m="31264,30752" machi="91" ten="30,12000,2" yaku="7,1,9,1,8,1,52,2,54,1" doraHai="71,99" who="2" fromWho="0" sc="350,-120,350,0,350,120,0,0" /><INIT seed="1,0,0,4,2,124" ten="230,350,470,0" oya="1" hai0="116,135,66,69,98,93,34,126,33,76,52,42,134" hai1="45,78,103,119,65,128,67,102,108,41,3,100,99" hai2="125,113,32,111,56,92,73,50,87,122,88,70,63" hai3=""/><U60/><E119/><V112/><N who="2" m="31264" /><V39/><F32/><T95/><D126/><U123/><N who="1" m="31520" /><U68/><E3/><V118/><F118/><T101/><D42/><U86/><E108/><V74/><F125/><T132/><D116/><U0/><E0/><V109/><F39/><T90/><D76/><U47/><E128/><V79/><F50/><T127/><D127/><U36/><E47/><V85/><F85/><T62/><REACH who="0" step="1"/><D52/><REACH who="0" ten="220,350,470,0" step="2"/><U54/><E54/><V48/><F79/><T133/><N who="0" m="34304" /><DORA hai="61" /><T2/><D2/><U57/><E78/><V38/><F109/><T71/><D71/><U43/><E43/><V89/><F89/><T107/><D107/><U77/><E77/><V106/><F70/><T94/><D94/><U1/><E1/><V44/><F106/><T64/><D64/><U51/><E68/><V104/><F111/><T80/><D80/><U129/><E67/><V110/><F110/><T91/><D91/><U131/><E131/><V130/><F130/><T46/><D46/><U97/><E129/><V83/><F104/><T120/><N who="0" m="30752" /><T96/><AGARI ba="0,1" hai="33,34,62,66,69,90,93,95,96,98,101" m="30752,34304" machi="96" ten="60,9000,2" yaku="1,1,4,1,0,1,20,1,52,2,53,1" doraHai="124,61" doraHaiUra="82,59" who="0" fromWho="0" sc="220,100,350,-60,470,-30,0,0" /><INIT seed="2,0,0,0,1,93" ten="320,290,440,0" oya="2" hai0="74,109,2,36,56,67,126,1,64,97,87,37,47" hai1="72,128,103,100,115,69,114,133,88,41,127,45,52" hai2="62,79,75,44,86,66,106,32,33,0,82,94,34" hai3=""/><V96/><F0/><T124/><D74/><U59/><E72/><V112/><F112/><T123/><N who="0" m="31520" /><T76/><D109/><U132/><E128/><V95/><F44/><T134/><D134/><N who="1" m="51819" /><E69/><V121/><N who="2" m="31008" /><V38/><F38/><T58/><D76/><U54/><E127/><V55/><F55/><N who="1" m="21033" /><E59/><V46/><F46/><T42/><D87/><U70/><E70/><V118/><F118/><T3/><D47/><U120/><N who="1" m="30752" /><U130/><E88/><V84/><F106/><T78/><D78/><U113/><E130/><V108/><F95/><T117/><D2/><U35/><E35/><V92/><F94/><T125/><D125/><U105/><E105/><V50/><F108/><T73/><D73/><U43/><E43/><V122/><N who="2" m="31264" /><V85/><F50/><AGARI ba="0,0" hai="41,45,50,100,103,113,114,115" m="30752,21033,51819" machi="50" ten="40,5200,0" yaku="20,1,52,1,54,1" doraHai="93" who="1" fromWho="2" sc="320,0,290,52,440,-52,0,0" /><INIT seed="4,0,0,1,0,69" ten="320,342,388,0" oya="0" hai0="97,34,79,44,54,123,64,98,48,45,73,121,76" hai1="39,83,42,56,128,115,62,94,71,88,37,126,103" hai2="84,53,3,35,52,108,89,90,55,65,57,118,135" hai3=""/><T92/><N who="0" m="31008" /><T132/><N who="0" m="31520" /><T113/><D34/><U58/><E115/><V106/><F3/><T66/><D113/><U133/><E133/><V107/><F35/><T91/><D132/><U40/><E128/><V80/><F135/><T67/><D73/><U82/><E103/><V77/><F108/><T46/><D98/><U112/><E112/><V125/><F125/><T129/><D129/><U110/><E71/><V61/><REACH who="2" step="1"/><F118/><REACH who="2" ten="320,342,378,0" step="2"/><T38/><D38/><U87/><E110/><V36/><F36/><T41/><REACH who="0" step="1"/><D41/><REACH who="0" ten="310,342,378,0" step="2"/><U105/><E39/><V96/><F96/><T51/><D51/><U99/><E37/><V60/><F60/><T63/><D63/><U74/><E62/><V0/><F0/><T43/><D43/><U114/><E40/><V50/><F50/><T32/><D32/><U104/><E42/><V102/><F102/><T47/><AGARI ba="0,2" hai="44,45,46,47,48,54,64,66,67,76,79,91,92,97" m="31520,31008" machi="47" ten="30,8000,1" yaku="1,1,0,1,8,1,52,2,53,0" doraHai="69" doraHaiUra="81" who="0" fromWho="0" sc="310,100,342,-40,378,-40,0,0" /><INIT seed="4,1,0,4,2,92" ten="410,302,338,0" oya="0" hai0="79,64,88,90,38,69,118,33,100,125,106,84,91" hai1="110,121,104,93,122,82,120,132,61,107,86,127,55" hai2="54,95,87,83,85,43,94,105,98,50,123,37,72" hai3=""/><T58/><D118/><U126/><N who="1" m="30752" /><U35/><N who="1" m="31008" /><U129/><N who="1" m="31264" /><U119/><E110/><V68/><N who="2" m="31520" /><V112/><F68/><T113/><D69/><U57/><E119/><V80/><F112/><T73/><D33/><U67/><E35/><V109/><F109/><T3/><D3/><U71/><E132/><V44/><F72/><T115/><D38/><U52/><E93/><V1/><F1/><T124/><D64/><U134/><E134/><V78/><F105/><N who="1" m="40521" /><E129/><V135/><F135/><T36/><D36/><U59/><E59/><V49/><F95/><T128/><D58/><U63/><E55/><V32/><F32/><T62/><D62/><U48/><E63/><V65/><F65/><T34/><D34/><U51/><E51/><V70/><F70/><T117/><D117/><U77/><E67/><V0/><F0/><T102/><D128/><U39/><E71/><V66/><F66/><T96/><D113/><U60/><E39/><V42/><F37/><T75/><D115/><U111/><E111/><V103/><F49/><T99/><D106/><U53/><E53/><V89/><AGARI ba="1,0" hai="42,43,44,50,54,78,80,83,85,87,89,94,98,103" m="31520" machi="89" ten="20,6000,1" yaku="0,1,7,1,8,1,52,2" doraHai="92" who="2" fromWho="2" sc="410,-41,302,-21,338,62,0,0" /><INIT seed="5,0,0,5,2,112" ten="369,281,400,0" oya="1" hai0="116,117,75,66,123,68,59,55,99,121,2,102,44" hai1="65,89,32,107,70,104,39,64,74,93,111,40,134" hai2="37,118,47,0,73,130,133,109,46,92,85,52,51" hai3=""/><U122/><N who="1" m="31264" /><U82/><E32/><V72/><F0/><T53/><N who="0" m="31008" /><T115/><N who="0" m="31520" /><T113/><D75/><U54/><E134/><V83/><F133/><T132/><D132/><U56/><E70/><V84/><F109/><T49/><D2/><U129/><E111/><V36/><F130/><T81/><D81/><U105/><E107/><V90/><F118/><N who="0" m="45674" /><D66/><U126/><E129/><V127/><F127/><T125/><D68/><U119/><E119/><V91/><REACH who="2" step="1"/><F36/><REACH who="2" ten="369,281,390,0" step="2"/><T63/><D125/><U45/><E126/><V76/><F76/><T86/><D86/><U108/><E108/><V41/><AGARI ba="0,1" hai="37,41,46,47,51,52,72,73,83,84,85,90,91,92" machi="41" ten="30,3000,0" yaku="1,1,0,1,54,1,53,0" doraHai="112" doraHaiUra="110" who="2" fromWho="2" sc="369,-10,281,-20,390,40,0,0" /><INIT seed="6,0,0,0,4,34" ten="359,261,430,0" oya="2" hai0="40,110,121,83,52,115,105,32,92,58,134,74,94" hai1="49,107,36,45,72,119,95,46,48,135,3,50,118" hai2="76,126,77,102,0,116,67,61,97,78,84,42,106" hai3=""/><V112/><F0/><T122/><N who="0" m="31008" /><T103/><N who="0" m="31264" /><T93/><D110/><U108/><E72/><V69/><F116/><N who="1" m="44585" /><E108/><V111/><F111/><T85/><D32/><U101/><E107/><V62/><F126/><T89/><D134/><U124/><E124/><V75/><F112/><T96/><D115/><U38/><E3/><V64/><F42/><T68/><D68/><U47/><E101/><V127/><F127/><T113/><D40/><U80/><E80/><V130/><F130/><T114/><REACH who="0" step="1"/><D74/><REACH who="0" ten="349,261,430,0" step="2"/><U98/><E135/><V53/><F75/><T117/><D117/><U133/><E133/><V125/><F125/><T63/><AGARI ba="0,1" hai="52,58,63,83,85,89,92,93,94,96,103,105,113,114" m="31264,31008" machi="63" ten="30,6000,1" yaku="1,1,0,1,52,2,54,1,53,0" doraHai="34" doraHaiUra="123" who="0" fromWho="0" sc="349,70,261,-20,430,-40,0,0" owari="419,37.0,241,-36.0,390,-1.0,0,0.0" /></mjloggm>