<mjloggm ver="2.3"><GO type="169" lobby="0"/><UN n0="%E9%9D%92%E6%98%A5%E3%81%AE%E6%8F%A1%E3%82%8A%E6%8B%B3" n1="%67%75%73%68" n2="%64%61%7A%61%69" n3="%E3%82%AB%E3%83%83%E3%83%95%E3%82%A7" dan="16,17,16,16" rate="2074.47,2199.81,2146.59,2091.18" sx="M,M,M,M"/><TAIKYOKU oya="0"/><INIT seed="0,0,0,0,3,32" ten="250,250,250,250" oya="0" hai0="57,24,30,66,1,131,15,90,55,79,99,116,2" hai1="35,37,115,65,82,87,101,128,52,113,96,54,29" hai2="130,41,95,127,88,120,5,61,111,7,33,123,43" hai3="10,69,67,75,126,132,26,98,18,107,21,134,110"/><T72/><D116/><U13/><E37/><V68/><F33/><W84/><G75/><T11/><D131/><U64/><E128/><V56/><F130/><W31/><G126/><T63/><D72/><U119/><E119/><V73/><F73/><W112/><G112/><N who="1" m="43082" /><E13/><V135/><F127/><W25/><G110/><T49/><D79/><N who="1" m="46559" /><E29/><V4/><F68/><W6/><G84/><T100/><D90/><U59/><E35/><V80/><F111/><W60/><G107/><T46/><D24/><U114/><N who="1" m="43090" /><U17/><DORA hai="12" /><E17/><V42/><F135/><W8/><G98/><T81/><D81/><U34/><E54/><V77/><F80/><W85/><G85/><T133/><D133/><U122/><E34/><V124/><F124/><W51/><G132/><T19/><REACH who="0" step="1"/><D30/><REACH who="0" ten="240,250,250,250" step="2"/><U0/><E122/><V58/><F77/><W39/><G134/><T48/><D48/><N who="1" m="31111" /><E0/><V86/><F123/><W50/><G31/><T40/><D40/><U92/><AGARI ba="0,1" hai="64,65,92,96,101" m="31111,46559,43090" machi="92" ten="40,2700,0" yaku="11,1,54,1" doraHai="32,12" who="1" fromWho="1" sc="240,-13,250,37,250,-7,250,-7" /><INIT seed="1,0,0,5,0,76" ten="227,287,243,243" oya="1" hai0="30,33,119,7,123,118,69,131,107,20,11,58,37" hai1="19,109,96,97,128,35,120,106,108,67,29,16,68" hai2="17,117,41,54,74,9,49,18,46,14,83,47,132" hai3="26,93,2,111,78,135,27,38,66,126,122,24,22"/><U57/><E120/><V53/><F132/><W51/><G38/><T87/><D69/><U81/><E68/><V95/><F117/><W105/><G105/><T80/><D131/><U56/><E128/><V130/><F130/><W103/><G122/><T21/><D37/><U4/><E4/><V114/><F114/><W10/><G135/><T39/><D39/><U62/><E56/><V52/><F95/><W133/><G133/><T86/><D107/><U60/><E60/><V63/><F63/><W116/><G116/><T79/><D33/><U90/><E29/><V70/><F70/><W88/><G103/><T59/><D123/><U65/><E35/><V91/><F18/><N who="1" m="6697" /><E67/><V61/><F61/><W64/><G22/><T110/><D119/><U92/><E106/><V98/><F98/><W112/><G112/><T25/><D110/><N who="1" m="42603" /><E92/><V82/><F74/><W55/><G111/><T75/><D118/><U12/><E12/><V13/><F91/><W77/><G66/><T73/><D59/><U8/><E8/><V50/><F14/><W102/><G64/><T36/><D58/><U85/><AGARI ba="0,0" hai="57,62,65,81,85,90,96,97" m="42603,6697" machi="85" ten="30,11700,0" yaku="14,1,10,1,52,1,54,1" doraHai="76" who="1" fromWho="1" sc="227,-39,287,117,243,-39,243,-39" /><INIT seed="1,1,0,4,2,42" ten="188,404,204,204" oya="1" hai0="100,33,5,59,110,135,122,25,117,10,14,29,47" hai1="51,11,19,129,90,30,67,20,103,26,44,8,85" hai2="81,28,60,71,58,120,83,70,78,107,119,99,66" hai3="127,131,114,68,32,48,54,36,108,74,55,87,52"/><U65/><E103/><V125/><F119/><W77/><G74/><T82/><D135/><U130/><E130/><V46/><F120/><W39/><G32/><T17/><D117/><U62/><E129/><V123/><F123/><W101/><G131/><T80/><D110/><U1/><E1/><V16/><F125/><W105/><G127/><T92/><D122/><U109/><E109/><V4/><F28/><W24/><G68/><T35/><D35/><U121/><E121/><V76/><F4/><W132/><G132/><T73/><D73/><U57/><E67/><V102/><F81/><W89/><G77/><T22/><D59/><U64/><E64/><V2/><F78/><W86/><G114/><T134/><D134/><U63/><E63/><V61/><F2/><W49/><G24/><T31/><D31/><U75/><E30/><V27/><F46/><W97/><G108/><T43/><D92/><N who="1" m="54351" /><E75/><V91/><F91/><W21/><G21/><T113/><D100/><U38/><E38/><V98/><F98/><W15/><G87/><T112/><D112/><U53/><AGARI ba="1,0" hai="8,11,19,20,26,44,51,53,57,62,65" m="54351" machi="53" ten="30,3000,0" yaku="8,1,52,1" doraHai="42" who="1" fromWho="1" sc="188,-11,404,33,204,-11,204,-11" /><INIT seed="1,2,0,4,0,65" ten="177,437,193,193" oya="1" hai0="118,99,85,42,68,116,129,64,97,130,70,47,112" hai1="125,20,132,60,16,63,104,134,121,4,28,74,53" hai2="100,5,114,128,117,67,108,8,86,61,126,106,78" hai3="33,31,87,98,23,71,49,95,12,11,19,90,36"/><U73/><E121/><V3/><F117/><N who="0" m="45162" /><D64/><U101/><E28/><V40/><F108/><W88/><G36/><N who="0" m="21959" /><D112/><U66/><E4/><V131/><F114/><W26/><G49/><T56/><D85/><U76/><E125/><V32/><F126/><W39/><G39/><T13/><D13/><U37/><E37/><V83/><F40/><W22/><REACH who="3" step="1"/><G71/><REACH who="3" ten="177,437,193,183" step="2"/><N who="0" m="27179" /><D56/><U34/><E134/><V52/><F3/><W72/><G72/><T10/><D10/><U120/><E74/><V110/><F8/><W51/><G51/><T79/><D79/><U18/><E76/><V35/><F78/><W77/><G77/><T0/><D0/><U1/><E73/><V30/><F110/><W44/><G44/><T82/><D82/><AGARI ba="2,1" hai="11,12,19,22,23,26,31,33,82,87,88,90,95,98" machi="82" ten="30,3900,0" yaku="1,1,7,1,54,1,53,0" doraHai="65" doraHaiUra="59" who="3" fromWho="0" sc="177,-45,437,0,193,0,183,55" /><INIT seed="2,0,0,3,3,129" ten="132,437,193,238" oya="2" hai0="48,87,105,2,3,131,44,21,79,12,117,35,23" hai1="41,7,70,101,125,66,17,90,9,85,65,124,45" hai2="97,115,118,91,36,30,22,130,99,114,61,31,19" hai3="103,92,55,25,59,83,126,68,5,13,102,71,120"/><V1/><F118/><W81/><G120/><T96/><D131/><U94/><E17/><V128/><F36/><W47/><G47/><T58/><D35/><U104/><E104/><V16/><F61/><W135/><G25/><T72/><D72/><U116/><E101/><V98/><F98/><W133/><G126/><N who="1" m="48746" /><E70/><V6/><F6/><W113/><G113/><T62/><D96/><U14/><E116/><V108/><F22/><W134/><G68/><T89/><D23/><U18/><E7/><V4/><F4/><W8/><G71/><T53/><D79/><U32/><E32/><V78/><F78/><W24/><G24/><T77/><D77/><U63/><E63/><V106/><F91/><W38/><G38/><AGARI ba="0,0" hai="9,14,18,38,41,45,65,66,85,90,94" m="48746" machi="38" ten="30,1000,0" yaku="18,1" doraHai="129" who="1" fromWho="3" sc="132,0,437,10,193,0,238,-10" /><INIT seed="3,0,0,0,3,5" ten="132,447,193,228" oya="3" hai0="92,91,59,77,35,22,69,75,107,25,117,71,130" hai1="118,135,48,72,37,128,124,32,27,88,54,26,49" hai2="14,7,45,51,58,28,112,127,44,111,56,9,110" hai3="13,4,52,31,99,122,87,55,11,76,89,80,42"/><W132/><G122/><T16/><D117/><U86/><E37/><V2/><F112/><W78/><G132/><T63/><D107/><U30/><E72/><V24/><F127/><W83/><G31/><T73/><D130/><U105/><E105/><V109/><F2/><W66/><G66/><T43/><D43/><U98/><E128/><V113/><F113/><W68/><G68/><T82/><D35/><U70/><E70/><V121/><F121/><W94/><REACH who="3" step="1"/><G42/><REACH who="3" ten="132,447,193,218" step="2"/><T81/><D71/><U50/><E135/><V17/><F28/><W84/><AGARI ba="0,1" hai="4,11,13,52,55,76,78,80,83,84,87,89,94,99" machi="84" ten="20,24000,3" yaku="1,1,2,1,0,1,7,1,9,1,8,1,52,1,54,1,53,1" doraHai="5" doraHaiUra="10" who="3" fromWho="3" sc="132,-80,447,-80,193,-80,218,250" /><INIT seed="3,1,0,4,1,22" ten="52,367,113,468" oya="3" hai0="5,30,65,46,42,47,72,35,66,50,20,6,55" hai1="70,32,51,8,45,33,29,68,93,131,80,38,37" hai2="77,110,61,58,127,96,82,62,27,128,102,130,43" hai3="121,28,108,100,106,118,85,67,57,78,109,71,39"/><W84/><G39/><T105/><D105/><U0/><E131/><N who="2" m="50219" /><F110/><N who="3" m="42603" /><G121/><T74/><D35/><U24/><E33/><V53/><F127/><W15/><G118/><T34/><D34/><U86/><E93/><N who="2" m="58639" /><F43/><W135/><G135/><T83/><D74/><U56/><E56/><V91/><F91/><W19/><G28/><T75/><D75/><U31/><E31/><V16/><F58/><W23/><G71/><T123/><D123/><U59/><E59/><V122/><F53/><W119/><G119/><T90/><D66/><U103/><E103/><V87/><F122/><W134/><G134/><T9/><D65/><U26/><E70/><V88/><F77/><W114/><G114/><T3/><D5/><U116/><E68/><V63/><F63/><N who="3" m="38383" /><G78/><T52/><D46/><U124/><E116/><V73/><F73/><W97/><AGARI ba="1,0" hai="15,19,23,84,85,97,100,106" m="38383,42603" machi="97" ten="30,3000,0" yaku="14,1,10,1" doraHai="22" who="3" fromWho="3" sc="52,-11,367,-11,113,-11,468,33" /><INIT seed="3,2,0,1,1,36" ten="41,356,102,501" oya="3" hai0="104,49,26,135,107,77,69,82,46,122,72,88,114" hai1="13,14,10,30,31,100,116,38,7,70,84,43,21" hai2="3,75,58,44,0,129,112,96,78,119,34,90,123" hai3="51,134,32,65,54,2,29,40,66,6,131,56,63"/><W45/><G134/><T22/><D122/><U68/><E116/><V8/><F112/><W24/><REACH who="3" step="1"/><G131/><REACH who="3" ten="41,356,102,491" step="2"/><T81/><D135/><U12/><E68/><V132/><F132/><W127/><G127/><T28/><D114/><U15/><E70/><V79/><F129/><W71/><G71/><T20/><D69/><U4/><E100/><V55/><F123/><W5/><G5/><T50/><D107/><U1/><E84/><V74/><F119/><W25/><G25/><T9/><D104/><U39/><E4/><V94/><F74/><W103/><G103/><T105/><D105/><U115/><E115/><V19/><F75/><W117/><G117/><T37/><D72/><U113/><E113/><V18/><F0/><W17/><G17/><T130/><D26/><U93/><E1/><V27/><F19/><W121/><G121/><T95/><D130/><U48/><E30/><V125/><F18/><W126/><G126/><T85/><D28/><U41/><E31/><V128/><F27/><W62/><G62/><T33/><D33/><U87/><E21/><V86/><F34/><W73/><G73/><T42/><D22/><U23/><E23/><V83/><F3/><W133/><G133/><T101/><D20/><U61/><E61/><V124/><F128/><W57/><G57/><T108/><D101/><U52/><N who="1" m="3072" /><DORA hai="102" /><U89/><E10/><AGARI ba="2,1" hai="2,6,10,24,29,32,40,45,51,54,56,63,65,66" machi="10" ten="40,7700,0" yaku="1,1,52,1,53,1" doraHai="36,102" doraHaiUra="59,64" who="3" fromWho="1" sc="41,0,356,-83,102,0,491,93" /><INIT seed="3,3,0,2,2,115" ten="41,273,102,584" oya="3" hai0="105,21,73,102,120,71,11,88,109,58,122,55,113" hai1="134,77,114,1,63,66,24,124,2,100,9,60,108" hai2="32,91,22,69,13,125,14,119,68,96,74,56,31" hai3="47,94,28,117,89,67,62,12,40,90,25,85,34"/><W127/><G127/><T64/><D113/><U107/><E114/><V111/><F119/><W112/><G112/><T36/><D73/><U135/><E124/><V84/><F74/><W52/><G117/><T81/><D36/><U110/><E77/><V70/><F125/><W116/><G116/><T86/><D109/><U118/><E118/><V54/><F32/><W53/><G89/><T43/><D43/><U121/><E24/><V98/><F111/><N who="1" m="42537" /><E121/><V17/><F13/><W15/><G12/><T19/><D11/><U131/><E60/><V93/><REACH who="2" step="1"/><F31/><REACH who="2" ten="41,273,92,584" step="2"/><W133/><G15/><N who="0" m="9471" /><D122/><U16/><E1/><V82/><F82/><W8/><G133/><T132/><D132/><U50/><E2/><V65/><F65/><W78/><G8/><T37/><D64/><U35/><E35/><V0/><F0/><W42/><G67/><T61/><D120/><U49/><E135/><V106/><F106/><W5/><G28/><T4/><D105/><U97/><E134/><V20/><F20/><W123/><G34/><T18/><D81/><U51/><E131/><V99/><F99/><W129/><G129/><T41/><D86/><U75/><E75/><V103/><F103/><W3/><G85/><T6/><D102/><U79/><E9/><V46/><F46/><W26/><G3/><T87/><D87/><U95/><E107/><V7/><F7/><W104/><G5/><T126/><D4/><U80/><E80/><V59/><F59/><W27/><G47/><T29/><D6/><U48/><N who="1" m="12288" /><DORA hai="45" /><U23/><E23/><V57/><F57/><W130/><G104/><RYUUKYOKU ba="3,1" sc="41,-10,273,-10,92,30,584,-10" hai2="14,17,22,54,56,68,69,70,84,91,93,96,98" /><INIT seed="4,4,1,3,2,7" ten="31,263,122,574" oya="0" hai0="36,28,69,53,44,18,127,15,10,51,111,32,55" hai1="47,35,17,72,86,131,63,100,38,59,135,78,8" hai2="43,122,76,117,25,65,128,0,114,40,67,120,109" hai3="71,58,2,129,48,34,84,19,11,12,50,83,90"/><T57/><D111/><U29/><E131/><V61/><F0/><W98/><G71/><T113/><D69/><U26/><E135/><V95/><F109/><W116/><G129/><T112/><D127/><U103/><E72/><V16/><F128/><W13/><G34/><T64/><D64/><U101/><E78/><V41/><F114/><W121/><G2/><T125/><D125/><U105/><E86/><V6/><F6/><W45/><G121/><T118/><D118/><U85/><E85/><V110/><F110/><W54/><G98/><T87/><D87/><U62/><E105/><V79/><F117/><W130/><G130/><T104/><D104/><U106/><E106/><V82/><F95/><W94/><G13/><T52/><D36/><U42/><REACH who="1" step="1"/><E59/><REACH who="1" ten="31,253,122,574" step="2"/><V96/><F122/><W49/><G116/><T5/><D113/><U132/><E132/><V115/><F79/><W81/><G58/><T4/><D112/><U108/><E108/><V60/><F115/><W22/><G83/><T74/><D74/><U133/><E133/><V21/><F96/><W31/><G94/><T97/><D97/><U123/><E123/><V1/><F120/><W126/><G126/><T9/><D57/><U93/><E93/><V23/><F82/><W119/><G119/><T33/><D28/><U20/><E20/><V56/><F21/><W77/><G77/><T39/><D33/><U73/><E73/><V124/><F124/><W68/><G68/><T75/><D75/><U70/><E70/><N who="2" m="42279" /><F76/><W107/><G107/><T134/><D32/><U66/><E66/><V91/><F67/><RYUUKYOKU ba="4,2" sc="31,-15,253,15,122,-15,574,15" hai1="8,17,26,29,35,38,42,47,62,63,100,101,103" hai3="11,12,19,22,31,45,48,49,50,54,81,84,90" /><INIT seed="5,5,2,5,2,23" ten="16,268,107,589" oya="1" hai0="43,42,22,88,110,16,52,61,50,112,53,95,65" hai1="111,80,104,106,86,29,67,99,92,87,101,31,21" hai2="69,130,131,72,129,41,76,107,40,3,63,116,45" hai3="18,20,17,135,2,79,44,19,100,89,127,24,66"/><U124/><E124/><V13/><F116/><W74/><G2/><T98/><D110/><U9/><E111/><V6/><F107/><W122/><G122/><T25/><D112/><U47/><E87/><V84/><F72/><W114/><G100/><T15/><D15/><U73/><E73/><V108/><F108/><W78/><G114/><T10/><D10/><U32/><E32/><V33/><F3/><W30/><G74/><T28/><D28/><U58/><E9/><N who="2" m="4279" /><F33/><W93/><G135/><T81/><D81/><U82/><E82/><N who="2" m="47175" /><F45/><W123/><G123/><T102/><D102/><U39/><E47/><V5/><F5/><W118/><G118/><T4/><D4/><U70/><E39/><V64/><AGARI ba="5,2" hai="40,41,63,64,69,129,130,131" m="47175,4279" machi="64" ten="40,1500,0" yaku="19,1" doraHai="23" who="2" fromWho="2" sc="16,-9,268,-12,107,50,589,-9" /><INIT seed="6,0,0,3,1,93" ten="7,256,157,580" oya="2" hai0="90,39,22,54,10,133,52,132,34,41,86,2,79" hai1="0,95,134,11,31,8,125,120,42,65,21,122,85" hai2="16,96,124,70,29,87,108,112,111,17,127,76,33" hai3="12,5,103,13,26,98,106,57,7,44,130,88,49"/><V46/><F70/><W45/><G26/><T102/><D34/><U56/><E42/><V28/><F112/><W18/><G57/><T128/><D79/><U43/><E43/><V20/><F46/><W53/><G130/><T126/><D128/><U66/><E134/><N who="0" m="51817" /><D126/><N who="2" m="48170" /><F87/><W27/><G27/><T89/><D41/><U72/><E72/><V47/><F47/><W81/><G13/><T35/><D39/><U59/><E125/><V50/><F50/><W131/><G45/><T116/><D35/><U74/><E74/><V78/><F96/><W25/><G25/><T119/><D102/><U101/><E85/><V99/><F99/><W117/><G131/><T105/><D105/><U40/><E40/><V24/><F17/><W61/><G61/><T114/><D114/><U51/><E51/><V37/><F37/><W84/><G117/><N who="0" m="45131" /><D22/><AGARI ba="0,0" hai="5,7,12,18,22,44,49,53,81,84,88,98,103,106" machi="22" ten="30,3900,0" yaku="7,1,52,1,54,1" doraHai="93" who="3" fromWho="0" sc="7,-39,256,0,157,0,580,39" owari="-32,-53.0,256,6.0,157,-24.0,619,71.0" /></mjloggm>