<mjloggm ver="2.3"><GO type="185" lobby="0"/><UN n0="%7A%6B%75%72%74" n1="%28%C2%B4%E3%81%B8%CE%B5%E3%81%B8%60%29" n2="%E5%8C%97%E5%B0%8F%E8%B7%AF%3A%E9%9A%86%E5%A4%AA" n3="" dan="18,20,16,0" rate="2273.49,2233.31,2209.26,1500.00" sx="M,M,M,C"/><TAIKYOKU oya="0"/><INIT seed="0,0,0,4,0,40" ten="350,350,350,0" oya="0" hai0="102,76,74,67,96,35,120,121,131,64,122,129,115" hai1="100,58,135,113,134,2,89,111,109,128,75,34,68" hai2="36,50,61,48,32,41,97,125,114,84,38,62,94" hai3=""/><T53/><N who="0" m="30752" /><T44/><N who="0" m="31008" /><T51/><N who="0" m="31264" /><T33/><D115/><U92/><E68/><V72/><F114/><T77/><D67/><U57/><E113/><V52/><F32/><T98/><D64/><U46/><E34/><V88/><F72/><T39/><D39/><U124/><E75/><V59/><F125/><T119/><D119/><U95/><E124/><V71/><F36/><T123/><N who="0" m="31520" /><T126/><D126/><U87/><E2/><V86/><F38/><T80/><D77/><U127/><E127/><V70/><F70/><T0/><D0/><U54/><E46/><V91/><F97/><T106/><D98/><U60/><E57/><V104/><F104/><T37/><D37/><U130/><E100/><V112/><F112/><T101/><D101/><U1/><E95/><V108/><F108/><N who="1" m="41545" /><E1/><V78/><F78/><T66/><D66/><U90/><E90/><V69/><F69/><T110/><D110/><U133/><AGARI ba="0,0" hai="54,58,60,87,89,92,128,130,133,134,135" m="41545" machi="133" ten="40,2000,0" yaku="20,1,14,1" doraHai="40" who="1" fromWho="1" sc="350,-13,350,20,350,-7,0,0" /><INIT seed="1,0,0,4,0,111" ten="337,370,343,0" oya="1" hai0="117,32,60,33,40,135,91,134,70,79,125,55,107" hai1="80,35,110,69,81,103,68,36,84,1,74,77,130" hai2="67,63,96,47,121,0,58,133,50,46,95,42,122" hai3=""/><U64/><E35/><V99/><N who="2" m="31008" /><V2/><N who="2" m="31264" /><V114/><F114/><T108/><D108/><U38/><E1/><V129/><F129/><T66/><D125/><U119/><E110/><V3/><F133/><N who="0" m="50698" /><D117/><U85/><E119/><V127/><F127/><T59/><D107/><U116/><E116/><V102/><F99/><T101/><D101/><U120/><N who="1" m="30752" /><U34/><E34/><V126/><F126/><T98/><D79/><U131/><E64/><V82/><F82/><T52/><D40/><U61/><E61/><V83/><F83/><T71/><D55/><U100/><REACH who="1" step="1"/><E74/><REACH who="1" ten="337,360,343,0" step="2"/><V41/><REACH who="2" step="1"/><F2/><REACH who="2" ten="337,360,333,0" step="2"/><T132/><D132/><U128/><E128/><V90/><F90/><T51/><D32/><U113/><E113/><V112/><F112/><T76/><D33/><U123/><N who="1" m="31520" /><U78/><AGARI ba="0,2" hai="36,38,68,69,77,78,80,81,84,85,100,103,130,131" m="31520,30752" machi="78" ten="25,12000,2" yaku="1,1,4,1,0,1,22,2,52,2,53,0" doraHai="111" doraHaiUra="37" who="1" fromWho="1" sc="337,-60,360,140,333,-60,0,0" /><INIT seed="1,1,0,5,2,91" ten="277,500,273,0" oya="1" hai0="117,66,112,92,119,75,109,43,78,97,125,107,99" hai1="116,47,96,63,55,122,100,129,83,81,127,103,50" hai2="57,2,32,86,49,64,95,45,61,65,46,89,133" hai3=""/><U87/><N who="1" m="31264" /><U71/><E129/><V114/><F2/><T42/><D112/><U74/><E116/><V67/><F32/><T69/><D109/><U40/><E127/><V72/><F72/><T132/><D125/><U53/><E74/><V111/><F114/><T123/><N who="0" m="31520" /><T51/><D132/><U44/><E103/><V34/><F34/><T128/><D128/><U115/><E115/><V35/><F35/><T60/><D107/><U70/><E81/><V39/><F133/><T48/><D99/><U135/><E135/><V110/><F45/><T41/><D78/><U79/><E63/><V124/><F39/><T1/><D1/><U94/><REACH who="1" step="1"/><E55/><REACH who="1" ten="277,490,273,0" step="2"/><V90/><F124/><T121/><N who="0" m="31008" /><T102/><D75/><U3/><E3/><V101/><F101/><T73/><D73/><U118/><E118/><AGARI ba="1,1" hai="41,42,43,48,51,60,66,69,92,97,102,117,118,119" m="31008,31520" machi="118" ten="40,8000,1" yaku="12,1,52,3" doraHai="91" who="0" fromWho="1" sc="277,92,490,-82,273,0,0,0" /><INIT seed="2,0,0,1,2,61" ten="369,408,273,0" oya="2" hai0="48,124,75,129,74,3,135,130,126,121,132,34,102" hai1="134,33,113,60,50,56,96,125,37,128,66,0,69" hai2="77,51,62,110,64,99,112,57,71,79,115,32,82" hai3=""/><V119/><F32/><T44/><N who="0" m="31008" /><T59/><D3/><U70/><E0/><V53/><F119/><T118/><D102/><U65/><E33/><V88/><F110/><T93/><D93/><U131/><E113/><V49/><F49/><T80/><D59/><U114/><E114/><V83/><F77/><T89/><D34/><U116/><E37/><V123/><N who="2" m="31520" /><V90/><F83/><T117/><D48/><U39/><E39/><V46/><F46/><T103/><D44/><U97/><E116/><V76/><F76/><T127/><D103/><U95/><E134/><N who="0" m="51241" /><D89/><U72/><E95/><V41/><F41/><T35/><D35/><U100/><E100/><V73/><REACH who="2" step="1"/><F88/><REACH who="2" ten="369,408,263,0" step="2"/><T36/><D36/><U105/><E50/><V63/><F63/><T55/><D80/><U87/><E60/><V104/><F104/><T40/><D40/><U133/><E105/><V67/><F67/><T47/><D47/><U107/><E107/><V98/><F98/><T2/><D2/><U122/><N who="1" m="31264" /><U92/><E97/><V84/><F84/><T94/><D117/><U101/><E96/><V109/><F109/><T81/><D118/><U68/><E133/><V54/><F54/><T38/><D55/><U91/><E91/><RYUUKYOKU ba="0,1" sc="369,-10,408,-10,263,20,0,0" hai2="51,53,57,62,64,71,73,79,82,90,99,112,115" /><INIT seed="2,1,1,1,4,67" ten="359,398,283,0" oya="2" hai0="48,102,74,111,100,124,86,44,99,47,134,0,68" hai1="60,116,49,78,125,122,107,75,81,73,98,123,53" hai2="45,50,121,42,63,70,90,101,76,94,57,35,56" hai3=""/><V118/><N who="2" m="31008" /><V109/><F35/><T65/><D0/><U46/><N who="1" m="31264" /><U133/><N who="1" m="31520" /><U69/><E125/><V37/><F118/><T92/><D74/><U85/><E116/><V83/><F109/><T55/><D124/><U58/><E133/><V93/><F101/><T115/><D134/><U52/><REACH who="1" step="1"/><E69/><REACH who="1" ten="359,388,283,0" step="2"/><V128/><F128/><T135/><D135/><U126/><E126/><V113/><F113/><T66/><D115/><U72/><E72/><V34/><F34/><T3/><D3/><U104/><E104/><V130/><F130/><T84/><D111/><U82/><E82/><V88/><F70/><T33/><D33/><U41/><E41/><V79/><F83/><T87/><D68/><U77/><E77/><V51/><F79/><T127/><D127/><U105/><E105/><V80/><F80/><T2/><D2/><U114/><E114/><V64/><F76/><T129/><D129/><U108/><E108/><V39/><F42/><T120/><N who="0" m="30752" /><T117/><D117/><U59/><E59/><V54/><F56/><T119/><D119/><U95/><E95/><V96/><F94/><T89/><D47/><U36/><E36/><V131/><F39/><T61/><D92/><U38/><E38/><RYUUKYOKU ba="1,2" sc="359,-10,388,20,283,-10,0,0" hai1="46,49,52,53,58,60,73,75,78,81,85,98,107" /><INIT seed="4,2,2,2,5,40" ten="349,408,273,0" oya="0" hai0="110,79,0,103,94,88,106,76,113,60,65,44,108" hai1="125,66,46,38,39,53,128,82,52,48,71,35,111" hai2="56,87,90,131,129,64,75,37,59,73,123,91,96" hai3=""/><T3/><D113/><U133/><E35/><V72/><N who="2" m="31520" /><V62/><F37/><T130/><D130/><N who="2" m="49674" /><F96/><T95/><D106/><U74/><E128/><V45/><F45/><T61/><D103/><U67/><E111/><N who="0" m="42537" /><D95/><U100/><E100/><V124/><F124/><T117/><D117/><U120/><N who="1" m="30752" /><U81/><E125/><V51/><F87/><T134/><D134/><U85/><E133/><V121/><N who="2" m="31008" /><V50/><F50/><T32/><D32/><U115/><E38/><V54/><AGARI ba="2,2" hai="51,54,56,59,62,64,72,73,75,90,91" m="31008,49674,31520" machi="54" ten="40,3900,0" yaku="19,1,52,2" doraHai="40" who="2" fromWho="2" sc="349,-28,408,-15,273,63,0,0" /><INIT seed="5,0,0,3,1,120" ten="321,393,336,0" oya="1" hai0="69,115,78,101,60,130,85,62,34,47,102,81,74" hai1="112,46,71,35,108,94,3,96,107,42,110,73,116" hai2="126,67,128,48,114,1,106,99,98,75,55,121,37" hai3=""/><U54/><E116/><V59/><N who="2" m="31008" /><V113/><F1/><T49/><D34/><U40/><E35/><V79/><F37/><T2/><D2/><U100/><E3/><V87/><F128/><T41/><D130/><U56/><E71/><V111/><F126/><T80/><D115/><N who="2" m="44042" /><F75/><T123/><N who="0" m="31520" /><T50/><D50/><U92/><E73/><V64/><F111/><N who="1" m="42537" /><E112/><V135/><F135/><T36/><D36/><U104/><E94/><V70/><F70/><T118/><D118/><U103/><E103/><V134/><F134/><T133/><D133/><U131/><E131/><V45/><F106/><N who="1" m="40489" /><E46/><V86/><F45/><T119/><D119/><U109/><N who="1" m="42545" /><U51/><AGARI ba="0,0" hai="40,42,51,54,56,92,96,100" m="40489,42545" machi="51" ten="50,12000,2" yaku="4,1,10,1,52,4" doraHai="120" who="1" fromWho="1" sc="321,-60,393,120,336,-60,0,0" /><INIT seed="5,1,0,0,3,3" ten="261,513,276,0" oya="1" hai0="86,108,93,79,47,52,82,45,42,41,113,92,65" hai1="50,96,74,39,95,112,80,118,98,72,133,64,0" hai2="54,101,38,63,85,134,90,76,58,126,81,102,33" hai3=""/><U116/><E0/><V48/><F38/><T55/><D108/><U88/><E39/><V60/><F134/><T40/><D113/><U46/><E112/><V32/><F126/><T106/><D106/><U35/><E133/><V120/><N who="2" m="30752" /><V68/><F60/><T36/><D65/><U107/><E64/><V43/><F68/><T66/><D66/><U75/><E35/><V124/><F124/><T109/><D109/><U104/><E50/><V122/><N who="2" m="31264" /><V87/><F102/><T57/><D55/><U77/><E46/><V37/><F37/><T62/><D36/><U91/><E91/><V70/><F101/><T83/><D83/><U115/><E115/><V49/><F70/><T84/><REACH who="0" step="1"/><D86/><REACH who="0" ten="251,513,276,0" step="2"/><U111/><E111/><V135/><F135/><T128/><D128/><U97/><E104/><V123/><N who="2" m="31520" /><V53/><F43/><T56/><D56/><U114/><E107/><V94/><F63/><T89/><D89/><U110/><E114/><V78/><F78/><T119/><D119/><N who="1" m="45611" /><E110/><V131/><F131/><T1/><D1/><U73/><AGARI ba="1,1" hai="72,73,74,75,77,80,88,95,96,97,98" m="45611" machi="73" ten="40,5200,0" yaku="34,2,54,1" doraHai="3" who="1" fromWho="1" sc="251,-27,513,64,276,-27,0,0" /><INIT seed="5,2,0,2,1,115" ten="224,577,249,0" oya="1" hai0="58,110,118,52,83,48,101,108,129,47,100,61,73" hai1="97,93,62,49,69,113,42,38,132,84,70,76,72" hai2="67,79,33,105,134,127,126,124,87,109,3,2,34" hai3=""/><U75/><E113/><V63/><F105/><T102/><D129/><U89/><E38/><V68/><F134/><T0/><D0/><N who="2" m="42" /><F109/><T46/><D46/><U85/><E132/><V120/><N who="2" m="30752" /><V66/><F66/><T119/><D73/><U122/><N who="1" m="31264" /><U36/><E36/><V86/><F79/><T57/><D83/><U88/><E76/><V50/><F50/><T39/><D39/><U55/><E42/><V1/><N who="2" m="50" /><V77/><DORA hai="54" /><F77/><T94/><D94/><U112/><E112/><V53/><F53/><T131/><D131/><U95/><E97/><V96/><F96/><T59/><REACH who="0" step="1"/><D61/><REACH who="0" ten="214,577,249,0" step="2"/><U111/><E111/><AGARI ba="2,1" hai="47,48,52,57,58,59,100,101,102,108,110,111,118,119" machi="111" ten="50,16000,3" yaku="1,1,2,1,52,5,54,1,53,0" doraHai="115,54" doraHaiUra="78,128" who="0" fromWho="1" sc="214,174,577,-164,249,0,0,0" /><INIT seed="6,0,0,2,4,47" ten="388,413,249,0" oya="2" hai0="86,83,41,101,65,43,45,105,116,103,122,49,99" hai1="54,33,81,59,63,134,118,62,68,60,132,36,77" hai2="78,123,75,94,42,58,50,109,44,124,40,117,89" hai3=""/><V108/><N who="2" m="31520" /><V88/><F117/><T104/><N who="0" m="31264" /><T67/><D116/><U0/><E118/><V39/><F124/><T37/><D43/><U46/><E33/><V52/><F42/><T115/><D115/><U35/><E35/><V121/><N who="2" m="31008" /><V55/><F55/><T82/><D37/><U85/><E0/><V127/><F127/><T66/><D86/><U69/><E46/><V64/><F64/><T84/><D84/><U97/><E36/><V98/><REACH who="2" step="1"/><F89/><REACH who="2" ten="388,413,239,0" step="2"/><T71/><D71/><U73/><E68/><V113/><F113/><T102/><D102/><U80/><E69/><V32/><F32/><T2/><D2/><U72/><E54/><V76/><F76/><T135/><D135/><U34/><E34/><V87/><F87/><T119/><D119/><U126/><E126/><V51/><F51/><T61/><D61/><U3/><E3/><V131/><F131/><T53/><D53/><U57/><E62/><V56/><F56/><T112/><D112/><U100/><E57/><V110/><F110/><T128/><D128/><U125/><E125/><V92/><F92/><T70/><D70/><U107/><E85/><V95/><F95/><T96/><AGARI ba="0,1" hai="41,45,49,65,66,67,82,83,96,99,101,103,104,105" m="31264" machi="96" ten="30,5900,0" yaku="0,1,9,1,52,2" doraHai="47" who="0" fromWho="0" sc="388,69,413,-20,239,-39,0,0" owari="457,41.0,393,-1.0,200,-40.0,0,0.0" /></mjloggm>