<mjloggm ver="2.3"><GO type="185" lobby="0"/><UN n0="%E5%8C%97%E5%B0%8F%E8%B7%AF%3A%E9%9A%86%E5%A4%AA" n1="%65%67%75" n2="%E9%BA%BB%E7%94%9F%E9%9B%80%E5%AD%90" n3="" dan="16,16,16,0" rate="2201.92,2167.18,2150.17,1500.00" sx="M,M,F,C"/><TAIKYOKU oya="0"/><INIT seed="0,0,0,2,5,47" ten="350,350,350,0" oya="0" hai0="103,97,132,110,124,118,78,1,120,2,33,37,70" hai1="34,85,109,67,92,55,96,93,107,82,77,100,83" hai2="117,73,36,134,123,50,87,72,90,53,64,75,91" hai3=""/><T133/><RYUUKYOKU type="yao9" ba="0,0" sc="350,0,350,0,350,0,0,0" hai0="1,2,33,37,70,78,97,103,110,118,120,124,132,133" /><INIT seed="0,1,0,1,5,81" ten="350,350,350,0" oya="0" hai0="98,35,93,99,78,75,68,122,32,42,41,109,116" hai1="95,59,61,83,104,105,110,38,1,90,111,63,134" hai2="62,89,45,101,107,106,112,91,123,51,58,131,64" hai3=""/><T0/><N who="0" m="31264" /><T37/><D0/><U69/><E1/><V54/><N who="2" m="31520" /><V118/><F112/><T67/><D116/><U46/><E69/><V34/><F34/><T74/><D109/><N who="1" m="41483" /><E134/><V127/><F118/><T76/><D68/><U88/><E38/><V113/><F113/><T56/><D93/><U72/><E46/><V85/><F127/><T53/><D67/><U40/><E40/><V3/><F3/><T130/><D53/><U57/><E72/><V86/><F101/><T48/><D48/><U132/><E63/><V96/><F96/><T135/><D56/><N who="1" m="21579" /><E83/><V126/><F126/><T55/><D55/><U2/><E61/><V103/><F62/><T70/><D70/><U129/><E132/><V65/><F45/><T84/><D135/><U77/><E77/><V125/><F125/><T39/><REACH who="0" step="1"/><D130/><REACH who="0" ten="340,350,350,0" step="2"/><U114/><E2/><V79/><F131/><T97/><D97/><U73/><E95/><V47/><F58/><T50/><D50/><U60/><E129/><V108/><F108/><T124/><D124/><U66/><E60/><V71/><F71/><T92/><D92/><U49/><E66/><V36/><F64/><T128/><D128/><U43/><E49/><V82/><F65/><T102/><D102/><RYUUKYOKU ba="1,1" sc="340,20,350,-10,350,-10,0,0" hai0="32,35,37,39,41,42,74,75,76,78,84,98,99" /><INIT seed="0,2,1,3,4,49" ten="360,340,340,0" oya="0" hai0="102,82,110,34,33,105,40,52,85,38,45,89,129" hai1="46,2,124,79,101,36,135,109,86,61,88,104,3" hai2="53,132,74,42,90,68,76,83,113,106,37,71,70" hai3=""/><T63/><D129/><U108/><E124/><V0/><F0/><T114/><D114/><U95/><E135/><V98/><F113/><T72/><D72/><U134/><E134/><V84/><F132/><T39/><D39/><U43/><E79/><V78/><F42/><T47/><D110/><N who="1" m="42603" /><E61/><V119/><F37/><T51/><REACH who="0" step="1"/><D63/><REACH who="0" ten="350,340,340,0" step="2"/><U48/><E36/><V123/><N who="2" m="31520" /><V107/><F119/><T112/><D112/><U32/><E32/><V133/><F133/><T94/><D94/><U131/><E131/><V117/><F117/><T111/><D111/><U127/><E127/><V115/><F115/><T57/><D57/><U56/><E56/><V58/><F74/><T81/><D81/><U91/><E2/><V130/><F130/><T67/><D67/><U126/><E3/><V54/><F58/><T87/><D87/><U62/><E126/><V60/><F60/><T59/><D59/><U80/><E62/><V100/><REACH who="2" step="1"/><F107/><REACH who="2" ten="350,340,330,0" step="2"/><T96/><AGARI ba="2,3" hai="33,34,38,40,45,47,51,52,82,85,89,96,102,105" machi="96" ten="30,8000,1" yaku="1,1,0,1,52,1,54,1,53,1" doraHai="49" doraHaiUra="44" who="0" fromWho="0" sc="350,114,340,-42,330,-42,0,0" /><INIT seed="0,3,0,5,4,85" ten="464,298,288,0" oya="0" hai0="131,106,95,101,116,117,40,113,61,43,42,134,120" hai1="122,57,49,58,96,75,79,70,53,41,60,56,111" hai2="74,90,52,48,71,54,65,121,115,86,64,50,47" hai3=""/><T67/><N who="0" m="30752" /><T51/><D113/><U99/><N who="1" m="31264" /><U88/><E111/><V123/><N who="2" m="31008" /><V89/><N who="2" m="31520" /><V112/><F74/><T130/><D106/><U107/><E107/><V34/><F34/><T32/><D32/><U2/><E2/><V80/><F71/><T119/><D134/><U125/><E125/><V36/><F36/><T87/><D101/><U68/><E75/><V103/><F103/><T0/><D0/><U78/><E41/><V132/><F132/><T35/><D35/><U63/><E57/><V46/><REACH who="2" step="1"/><F90/><REACH who="2" ten="464,298,278,0" step="2"/><T73/><D73/><U92/><E68/><V118/><F118/><T37/><D37/><U38/><E70/><V135/><F135/><T72/><D72/><U108/><E38/><V133/><F133/><T62/><D119/><U102/><E102/><V66/><AGARI ba="3,1" hai="46,47,48,50,52,54,64,65,66,80,86,89,112,115" m="31520,31008" machi="66" ten="30,9000,2" yaku="1,1,0,1,9,1,52,3,54,1,53,0" doraHai="85" doraHaiUra="104" who="2" fromWho="2" sc="464,-63,298,-33,278,106,0,0" /><INIT seed="1,0,0,1,0,55" ten="401,265,384,0" oya="1" hai0="50,33,121,82,69,77,129,86,124,48,52,32,57" hai1="106,49,40,73,87,104,46,54,90,3,42,115,70" hai2="105,107,111,108,80,112,43,91,74,118,36,116,62" hai3=""/><U67/><E3/><V127/><F43/><T119/><N who="0" m="31008" /><T117/><D69/><U37/><E115/><V133/><F36/><T98/><D129/><U93/><E73/><V35/><F35/><T61/><D124/><U72/><E42/><V63/><F127/><T76/><D76/><U1/><E72/><V75/><F63/><T85/><D98/><U53/><E53/><V41/><F41/><T97/><D97/><U83/><E83/><V110/><F62/><T128/><D86/><U102/><E102/><V132/><F112/><T130/><D130/><U134/><E134/><N who="2" m="51819" /><F74/><T101/><D101/><U64/><E1/><V114/><F114/><T100/><D100/><U34/><E34/><N who="0" m="13417" /><D128/><U56/><E67/><V58/><F58/><T89/><D77/><U92/><REACH who="1" step="1"/><E93/><REACH who="1" ten="401,255,384,0" step="2"/><V123/><N who="2" m="31520" /><V113/><F113/><T126/><D126/><U88/><E88/><V60/><F75/><T84/><D89/><U44/><E44/><V95/><F80/><T109/><D82/><U38/><E38/><V135/><F135/><T45/><D45/><U2/><E2/><V59/><F95/><T78/><D52/><U94/><E94/><V120/><N who="2" m="30752" /><V103/><F91/><T99/><D78/><U65/><E65/><RYUUKYOKU ba="0,1" sc="401,-10,255,20,384,-10,0,0" hai1="37,40,46,49,54,56,64,70,87,90,92,104,106" /><INIT seed="1,1,1,0,2,48" ten="391,275,374,0" oya="1" hai0="36,78,74,51,129,93,82,34,111,98,84,33,122" hai1="105,63,0,94,109,101,83,35,96,46,127,116,73" hai2="76,115,40,117,60,92,72,86,45,38,134,47,119" hai3=""/><U62/><E35/><V44/><F134/><T135/><N who="0" m="31264" /><T80/><D36/><U56/><E0/><V87/><F72/><T102/><D135/><U52/><E116/><V106/><F106/><T91/><D129/><U50/><E127/><V124/><F124/><T57/><D111/><U95/><E109/><V81/><F115/><T133/><D133/><U125/><E63/><V130/><F130/><T104/><D82/><U99/><E125/><V68/><F40/><T113/><D113/><U120/><N who="1" m="30752" /><U61/><E61/><V131/><F38/><T128/><D128/><U65/><REACH who="1" step="1"/><E99/><REACH who="1" ten="391,265,374,0" step="2"/><V3/><F3/><T55/><AGARI ba="1,2" hai="33,34,51,55,57,74,78,80,84,91,93,98,102,104" m="31264" machi="55" ten="30,6000,1" yaku="0,1,24,2,52,2" doraHai="48" who="0" fromWho="0" sc="391,82,265,-41,374,-21,0,0" /><INIT seed="2,0,0,1,0,50" ten="473,224,353,0" oya="2" hai0="67,133,115,87,74,98,121,117,108,111,100,103,54" hai1="120,2,125,86,56,97,109,53,130,116,59,37,122" hai2="65,118,34,129,33,44,41,78,61,94,104,55,32" hai3=""/><V106/><F118/><T48/><N who="0" m="31008" /><T38/><D74/><U93/><N who="1" m="30752" /><U84/><N who="1" m="31264" /><U42/><E2/><V88/><F129/><T114/><D117/><U85/><E116/><V113/><F78/><T92/><D38/><U134/><E130/><V57/><F113/><N who="0" m="43018" /><D133/><U0/><E0/><V89/><F89/><T36/><D36/><U123/><N who="1" m="31520" /><U107/><E107/><V52/><F104/><T68/><D67/><U80/><E134/><V64/><F64/><T1/><D68/><U112/><E112/><V47/><F106/><T46/><D1/><U72/><E109/><N who="0" m="42057" /><D87/><U77/><E125/><V58/><F65/><T40/><D100/><U83/><E42/><AGARI ba="0,0" hai="40,42,46,48,54,92,98,103" m="42057,43018,31008" machi="42" ten="30,7700,0" yaku="11,1,14,1,52,2" doraHai="50" who="0" fromWho="1" sc="473,77,224,-77,353,0,0,0" /><INIT seed="4,0,0,5,4,130" ten="550,147,353,0" oya="0" hai0="85,105,59,104,107,88,126,106,63,98,81,2,38" hai1="37,72,42,52,121,102,103,129,45,84,48,76,114" hai2="3,54,50,44,115,66,120,77,79,109,116,49,47" hai3=""/><T95/><N who="0" m="26624" /><DORA hai="110" /><T75/><D2/><U83/><N who="1" m="31008" /><U92/><E129/><V108/><N who="2" m="30752" /><V94/><F3/><T119/><D38/><U117/><E117/><V86/><F116/><T122/><N who="0" m="31264" /><T127/><D75/><U133/><E133/><V111/><F66/><T56/><D119/><U41/><E41/><V96/><F115/><T87/><D87/><U1/><E1/><V64/><F64/><T57/><REACH who="0" step="1"/><D63/><REACH who="0" ten="540,147,353,0" step="2"/><U60/><E60/><V99/><F86/><T89/><AGARI ba="0,1" hai="56,57,59,81,85,88,89,95,98,126,127" m="31264,26624" machi="89" ten="60,8000,1" yaku="1,1,2,1,0,1,52,1,54,1,53,0" doraHai="130,110" doraHaiUra="33,32" who="0" fromWho="0" sc="540,90,147,-40,353,-40,0,0" /><INIT seed="4,1,0,4,1,84" ten="630,107,313,0" oya="0" hai0="69,114,46,80,42,83,118,123,102,104,74,89,63" hai1="86,132,41,47,94,128,115,125,79,76,120,117,52" hai2="109,135,121,72,131,71,100,45,56,60,93,33,99" hai3=""/><T112/><N who="0" m="31520" /><T92/><D118/><U126/><N who="1" m="30752" /><U73/><E41/><V98/><N who="2" m="31008" /><V54/><F33/><T34/><D34/><U39/><E39/><V36/><F109/><T68/><D102/><U1/><E47/><V65/><F72/><T107/><D104/><U3/><E52/><V64/><F135/><T108/><D107/><U37/><E37/><V50/><F131/><T90/><D108/><U0/><E117/><V113/><F113/><N who="0" m="43626" /><D92/><U2/><E115/><V61/><F99/><T88/><D74/><U124/><E73/><V85/><F85/><T40/><D40/><U133/><N who="1" m="0" /><DORA hai="35" /><U127/><N who="1" m="31744" /><DORA hai="111" /><U97/><E86/><V101/><F36/><T95/><D95/><U106/><E106/><V87/><F87/><T38/><D63/><U66/><E66/><V44/><F101/><T91/><N who="0" m="22528" /><DORA hai="75" /><T77/><D77/><N who="1" m="29771" /><E128/><V32/><F32/><T82/><AGARI ba="1,0" hai="38,42,46,68,69,80,82,83" m="22528,43626,31520" machi="82" ten="50,16000,3" yaku="15,1,52,8,54,1" doraHai="84,35,111,75" who="0" fromWho="0" sc="630,162,107,-81,313,-81,0,0" /><INIT seed="4,2,0,1,1,76" ten="792,26,232,0" oya="0" hai0="131,111,87,73,107,115,85,48,50,68,0,64,79" hai1="44,104,58,120,88,77,35,63,118,52,53,97,3" hai2="112,113,96,128,56,133,99,43,90,2,83,135,91" hai3=""/><T55/><D0/><U101/><N who="1" m="30752" /><U78/><E3/><V117/><F2/><T47/><D107/><U38/><E118/><V65/><F43/><T108/><D115/><U103/><E35/><V39/><F39/><T1/><D1/><U81/><E101/><V132/><F117/><T41/><D131/><U110/><E110/><N who="0" m="42025" /><D68/><U49/><REACH who="1" step="1"/><E38/><REACH who="1" ten="792,16,232,0" step="2"/><V67/><F132/><T71/><D71/><U119/><E119/><V114/><F135/><T60/><D60/><U54/><E54/><V57/><F133/><T106/><D64/><U86/><AGARI ba="2,1" hai="44,49,52,53,58,63,77,78,81,86,88,97,103,104" m="30752" machi="86" ten="30,9000,2" yaku="1,1,0,1,52,2,54,2,53,0" doraHai="76" doraHaiUra="32" who="1" fromWho="1" sc="792,-62,16,104,232,-32,0,0" /><INIT seed="5,0,0,4,5,89" ten="730,120,200,0" oya="1" hai0="80,123,82,3,35,124,112,79,56,87,114,98,91" hai1="129,97,69,102,42,126,32,99,77,119,94,84,74" hai2="134,36,52,92,88,67,64,81,53,2,85,58,38" hai3=""/><U50/><E32/><V83/><F2/><T55/><N who="0" m="31520" /><T43/><D3/><U101/><E69/><V130/><F130/><T45/><D35/><U51/><E119/><V120/><N who="2" m="30752" /><V116/><F116/><T68/><D68/><U93/><E126/><V95/><F134/><T37/><D124/><U113/><E129/><V131/><F131/><T47/><D47/><U105/><E113/><V122/><N who="2" m="31264" /><V48/><F38/><T107/><D107/><U108/><E108/><V115/><F36/><T100/><D100/><U90/><E42/><V73/><F115/><T111/><D111/><U78/><E50/><V59/><F73/><T49/><REACH who="0" step="1"/><D98/><REACH who="0" ten="720,120,200,0" step="2"/><U117/><E117/><V75/><F75/><AGARI ba="0,1" hai="37,43,45,49,55,56,75,79,80,82,87,91,112,114" m="31520" machi="75" ten="40,5200,0" yaku="1,1,2,1,52,1,53,0" doraHai="89" doraHaiUra="34" who="0" fromWho="2" sc="720,62,120,0,200,-52,0,0" /><INIT seed="6,0,0,5,2,113" ten="782,120,148,0" oya="2" hai0="130,74,53,47,32,50,57,99,51,127,61,40,115" hai1="101,91,116,70,56,92,63,33,52,59,78,121,90" hai2="89,112,72,117,97,134,2,36,107,68,1,88,129" hai3=""/><V45/><RYUUKYOKU type="yao9" ba="0,0" sc="782,0,120,0,148,0,0,0" hai2="1,2,36,45,68,72,88,89,97,107,112,117,129,134" /><INIT seed="6,1,0,0,0,42" ten="782,120,148,0" oya="2" hai0="44,94,126,120,60,135,51,67,109,53,76,99,98" hai1="38,127,130,107,87,108,33,59,3,47,73,71,43" hai2="82,122,69,58,106,103,78,0,63,121,95,133,64" hai3=""/><V65/><N who="2" m="31008" /><V57/><N who="2" m="31264" /><V134/><F0/><T84/><N who="0" m="30752" /><T66/><D109/><U75/><E87/><V79/><F106/><T74/><D135/><N who="2" m="51722" /><F65/><T97/><D126/><U56/><E59/><N who="2" m="22539" /><F82/><T116/><D116/><U32/><E56/><V128/><F128/><T70/><D66/><U1/><E130/><V35/><F35/><N who="1" m="13385" /><E108/><V80/><F80/><T100/><D74/><N who="1" m="28171" /><E127/><V89/><F103/><T45/><D76/><U117/><E117/><V96/><AGARI ba="1,0" hai="63,64,69,78,79,89,95,96" m="22539,51722,31264,31008" machi="96" ten="30,4000,0" yaku="20,1,52,2" doraHai="42" who="2" fromWho="2" sc="782,-21,120,-21,148,42,0,0" /><INIT seed="6,2,0,0,2,121" ten="761,99,190,0" oya="2" hai0="107,102,50,56,41,83,40,37,82,128,109,73,112" hai1="91,63,110,38,97,48,111,64,113,46,1,114,90" hai2="42,94,126,34,100,74,33,75,68,84,36,87,69" hai3=""/><V72/><F126/><T116/><D116/><U95/><E1/><V89/><F100/><T55/><D128/><U62/><E38/><V118/><F118/><T129/><D109/><N who="1" m="41483" /><E64/><V88/><F42/><T78/><D112/><N who="1" m="43115" /><E91/><V92/><F36/><T125/><D129/><U71/><E71/><AGARI ba="2,0" hai="33,34,68,69,71,72,74,75,84,87,88,89,92,94" machi="71" ten="50,4800,0" yaku="9,1,54,1" doraHai="121" who="2" fromWho="1" sc="761,0,99,-52,190,52,0,0" /><INIT seed="6,3,0,3,2,52" ten="761,47,242,0" oya="2" hai0="42,92,130,94,93,79,85,72,64,55,133,74,126" hai1="131,124,40,115,41,70,129,36,76,45,116,77,132" hai2="135,63,82,67,97,32,81,111,65,51,44,100,68" hai3=""/><V109/><F32/><T119/><D119/><U103/><E103/><V62/><F135/><T108/><D108/><N who="2" m="41546" /><F51/><T43/><D133/><U127/><E77/><V84/><F84/><T107/><D107/><U47/><E76/><V121/><N who="2" m="31008" /><V60/><F44/><T57/><D85/><U38/><E116/><V90/><F90/><T99/><D72/><U0/><E0/><V35/><F35/><T112/><D74/><U1/><E1/><V88/><F88/><T113/><D79/><U87/><E87/><V73/><F73/><T39/><D99/><U3/><E3/><V58/><F63/><T83/><D83/><U89/><E89/><V37/><F37/><T80/><D39/><U118/><E118/><V49/><F49/><T71/><D80/><U53/><E115/><V46/><F46/><T120/><D113/><U34/><E34/><V128/><F128/><N who="1" m="49225" /><E53/><V134/><F134/><T61/><D112/><U125/><E70/><V105/><AGARI ba="3,0" hai="58,60,62,65,67,68,81,82,97,100,105" m="31008,41546" machi="105" ten="30,4000,0" yaku="10,1,52,2" doraHai="52" who="2" fromWho="2" sc="761,-23,47,-23,242,46,0,0" /><INIT seed="6,4,0,4,1,67" ten="738,24,288,0" oya="2" hai0="64,80,108,63,118,101,99,68,116,54,89,79,86" hai1="91,69,78,61,122,128,104,127,73,56,1,83,58" hai2="48,135,39,88,3,113,85,102,87,103,106,35,76" hai3=""/><V66/><F35/><T41/><D108/><U131/><N who="1" m="31264" /><U70/><E1/><V84/><F3/><T130/><D130/><N who="1" m="49707" /><E91/><V107/><F39/><T126/><D126/><U57/><E83/><V45/><F66/><T93/><D41/><U111/><E78/><V0/><F0/><T42/><D42/><U43/><E73/><V110/><F110/><T65/><D65/><U119/><E104/><V109/><F109/><T134/><D134/><U62/><E111/><V49/><F135/><T59/><D54/><U53/><E43/><V132/><F87/><T71/><D118/><U115/><E115/><V34/><F132/><T60/><D60/><N who="1" m="23147" /><E119/><V121/><N who="2" m="31008" /><V37/><F34/><T117/><D116/><U51/><E127/><V46/><F113/><T81/><D117/><U105/><E105/><V72/><F72/><AGARI ba="4,0" hai="59,63,64,68,71,72,79,80,81,86,89,93,99,101" machi="72" ten="30,3900,0" yaku="7,1,52,2" doraHai="67" who="0" fromWho="2" sc="738,47,24,0,288,-47,0,0" owari="785,74.0,24,-58.0,241,-16.0,0,0.0" /></mjloggm>