<mjloggm ver="2.3"><GO type="185" lobby="0"/><UN n0="%E9%B4%A8%E6%90%8D" n1="%E3%83%93%E3%83%83%E3%82%B0%E3%83%9E%E3%83%A1" n2="%E9%80%9F%E8%A6%8B%E5%B9%B8%E4%B8%80" n3="" dan="16,17,17,0" rate="2127.45,2198.43,2059.77,1500.00" sx="M,M,M,C"/><TAIKYOKU oya="0"/><INIT seed="0,0,0,1,3,135" ten="350,350,350,0" oya="0" hai0="81,114,85,2,119,95,92,33,115,90,36,80,125" hai1="87,132,120,106,127,123,134,42,131,98,65,55,45" hai2="93,79,40,75,52,117,83,113,63,112,73,62,46" hai3=""/><T101/><D33/><U3/><N who="1" m="30752" /><U89/><N who="1" m="31520" /><U59/><E131/><V116/><F93/><T56/><D2/><U122/><N who="1" m="31264" /><U67/><E98/><V82/><F46/><T86/><D36/><U124/><E106/><V102/><F40/><T34/><D34/><U32/><E32/><V70/><F70/><T44/><D44/><U48/><E3/><V61/><F102/><T107/><D56/><U58/><E58/><V110/><F110/><T72/><D119/><N who="2" m="45642" /><F52/><T49/><D49/><U129/><E129/><V108/><F108/><T77/><D125/><N who="1" m="48203" /><E67/><V60/><N who="2" m="15360" /><DORA hai="91" /><V96/><F96/><T130/><D130/><U104/><E104/><V133/><F133/><T66/><D66/><U35/><E65/><V47/><F47/><T100/><D107/><U68/><E68/><V88/><F88/><T103/><REACH who="0" step="1"/><D72/><REACH who="0" ten="340,350,350,0" step="2"/><U105/><E105/><V54/><F54/><T50/><D50/><U71/><E71/><V41/><F41/><T39/><D39/><U64/><E64/><V1/><F1/><T51/><D51/><U69/><E69/><V118/><F118/><T126/><D126/><U97/><E35/><V99/><F73/><T84/><D84/><U53/><E87/><V57/><F57/><RYUUKYOKU ba="0,1" sc="340,20,350,-10,350,-10,0,0" hai0="77,80,81,85,86,90,92,95,100,101,103,114,115" /><INIT seed="0,1,1,3,4,71" ten="360,340,340,0" oya="0" hai0="117,109,118,68,98,87,62,123,32,95,82,74,116" hai1="120,130,133,129,76,126,105,135,2,63,0,78,53" hai2="52,48,125,86,54,60,90,106,101,122,99,79,134" hai3=""/><T81/><N who="0" m="31520" /><T124/><D32/><U115/><N who="1" m="30752" /><U91/><E105/><V3/><N who="2" m="31264" /><V121/><N who="2" m="31008" /><V127/><F3/><N who="1" m="1065" /><E115/><V70/><F79/><N who="1" m="30249" /><E91/><V58/><F134/><N who="1" m="51209" /><E126/><V69/><F127/><T100/><D124/><U84/><E84/><V88/><F125/><T65/><D109/><U132/><N who="1" m="51217" /><U107/><DORA hai="47" /><E107/><V108/><F108/><T37/><D74/><U44/><E44/><V96/><F96/><T102/><D102/><U49/><E63/><V43/><F90/><T113/><D113/><U92/><E92/><V104/><F104/><T97/><D97/><U85/><E85/><V1/><F1/><T103/><D103/><U73/><E73/><V51/><F60/><T67/><D82/><U89/><E89/><V66/><F88/><T57/><D87/><U42/><E42/><V111/><F86/><T56/><D81/><U75/><E75/><V33/><F43/><T131/><D118/><U36/><E36/><V83/><F83/><T61/><D37/><U64/><E64/><V114/><F66/><T34/><D117/><U40/><E40/><V50/><F114/><T110/><D116/><U55/><E55/><V80/><F52/><T39/><D39/><U72/><E72/><RYUUKYOKU ba="1,1" sc="360,-10,340,20,340,-10,0,0" hai1="49,53,129,130" /><INIT seed="1,2,1,5,5,83" ten="350,360,330,0" oya="1" hai0="107,60,134,66,53,115,42,111,79,131,87,105,104" hai1="65,70,52,50,86,122,38,130,117,102,119,100,135" hai2="46,94,103,69,45,33,93,39,58,126,132,3,116" hai3=""/><U73/><N who="1" m="31264" /><U77/><E38/><V90/><F33/><T113/><D134/><U56/><E135/><V68/><F3/><T101/><D131/><U0/><E0/><V1/><F1/><T112/><D42/><U108/><E130/><V41/><F116/><T34/><D34/><U82/><E108/><V121/><N who="2" m="31008" /><V40/><F126/><T98/><D111/><U114/><E114/><V48/><F132/><T89/><D53/><U84/><E102/><V54/><F103/><T61/><D79/><U125/><E100/><V43/><F43/><T47/><D47/><U127/><E65/><V57/><F57/><T120/><N who="0" m="30752" /><T109/><D109/><U37/><E70/><V110/><F94/><T92/><REACH who="0" step="1"/><D60/><REACH who="0" ten="340,360,330,0" step="2"/><U129/><E129/><V96/><F110/><T74/><D74/><U49/><E49/><AGARI ba="2,2" hai="39,40,41,45,46,48,49,54,58,68,69,90,93,96" m="31008" machi="49" ten="30,2000,0" yaku="7,1,52,1" doraHai="83" who="2" fromWho="1" sc="340,0,360,-24,330,44,0,0" /><INIT seed="2,0,0,4,0,105" ten="340,336,374,0" oya="2" hai0="129,135,35,78,111,74,77,64,122,109,123,0,71" hai1="40,119,91,42,45,115,133,124,66,85,84,53,90" hai2="48,80,96,32,46,49,61,75,60,120,131,79,113" hai3=""/><V92/><N who="2" m="30752" /><V89/><F32/><T126/><D77/><U114/><E119/><V118/><F113/><T97/><D97/><U73/><E66/><V36/><F118/><T130/><D78/><U67/><E67/><V41/><F131/><T58/><D58/><U125/><E45/><V59/><REACH who="2" step="1"/><F61/><REACH who="2" ten="340,336,364,0" step="2"/><T81/><N who="0" m="31264" /><T39/><D130/><U107/><E115/><V62/><F62/><T72/><D129/><U100/><E114/><V56/><F56/><T38/><D35/><U63/><E63/><V95/><F95/><T98/><N who="0" m="31520" /><T68/><D68/><U34/><E34/><V104/><F104/><T57/><D57/><U86/><E107/><V37/><F37/><T3/><D71/><U82/><E125/><V2/><F2/><T51/><D126/><U110/><E124/><V44/><F44/><T69/><D69/><U116/><E116/><V76/><F76/><T70/><D70/><U52/><E82/><V50/><F50/><T121/><N who="0" m="31008" /><T47/><D81/><U101/><E133/><V87/><F87/><T99/><D47/><U55/><E86/><V108/><F108/><T94/><D51/><U33/><E110/><V43/><F43/><T1/><D109/><U65/><E33/><RYUUKYOKU ba="0,1" sc="340,-10,336,-10,364,20,0,0" hai2="36,41,46,48,49,59,60,75,79,80,89,92,96" /><INIT seed="2,1,1,1,0,120" ten="330,326,384,0" oya="2" hai0="118,48,105,73,88,94,112,36,130,71,113,107,98" hai1="90,99,53,59,51,85,76,50,38,40,78,39,67" hai2="60,66,80,102,121,81,82,109,111,119,41,84,35" hai3=""/><V33/><N who="2" m="31008" /><V110/><F119/><T57/><D36/><U37/><E67/><V132/><F132/><T54/><D71/><U117/><E117/><V103/><F84/><T135/><D118/><U91/><E40/><V74/><F74/><T133/><D73/><U1/><E1/><V69/><F41/><T97/><D130/><U45/><E99/><V127/><F127/><T129/><D129/><U75/><E91/><V34/><AGARI ba="1,1" hai="33,34,35,60,66,69,80,81,82,102,103,109,110,111" m="31008" machi="34" ten="50,16000,3" yaku="0,1,29,2,14,1,10,1,52,4" doraHai="120" who="2" fromWho="2" sc="330,-81,326,-81,384,172,0,0" /><INIT seed="2,2,0,3,4,88" ten="249,245,556,0" oya="2" hai0="71,49,68,123,112,56,110,55,69,80,34,113,90" hai1="51,132,1,67,84,45,54,83,91,94,44,63,99" hai2="109,101,70,85,95,117,32,130,59,127,47,103,3" hai3=""/><V100/><F70/><T108/><N who="0" m="31520" /><T61/><D34/><U128/><E132/><V50/><F117/><T64/><D80/><U104/><E128/><V2/><F32/><T105/><D105/><U135/><E135/><V118/><F118/><T121/><N who="0" m="31008" /><T98/><D98/><U57/><E1/><V36/><F127/><T39/><D90/><U66/><E104/><V53/><F130/><T126/><D39/><U92/><E92/><V33/><F33/><T124/><D69/><U133/><E133/><V129/><F129/><T107/><D107/><U48/><E67/><V122/><N who="2" m="31264" /><V77/><F109/><N who="0" m="42090" /><D71/><U35/><E35/><V93/><F77/><T119/><D119/><U73/><E73/><V42/><REACH who="2" step="1"/><F85/><REACH who="2" ten="249,245,546,0" step="2"/><T43/><D43/><U41/><E83/><V87/><F87/><AGARI ba="2,1" hai="41,44,45,48,51,54,57,63,66,84,87,91,94,99" machi="87" ten="40,2600,0" yaku="8,1,52,1" doraHai="88" who="1" fromWho="2" sc="249,0,245,40,546,-30,0,0" /><INIT seed="4,0,0,5,0,92" ten="249,285,516,0" oya="0" hai0="97,126,75,82,117,41,46,56,104,74,43,125,50" hai1="40,49,47,86,0,135,94,80,53,36,111,114,119" hai2="131,44,3,107,2,35,116,51,81,108,48,85,100" hai3=""/><T52/><D117/><U121/><N who="1" m="31008" /><U67/><E0/><V98/><F35/><T77/><D75/><U91/><E119/><V58/><F108/><T102/><REACH who="0" step="1"/><D41/><REACH who="0" ten="239,285,516,0" step="2"/><U39/><E111/><V123/><F116/><T55/><D55/><U68/><E53/><V71/><F123/><T70/><D70/><U64/><E68/><V32/><F71/><T113/><D113/><U87/><E114/><V89/><F32/><T93/><D93/><U96/><E135/><V128/><F3/><T129/><D129/><U83/><E67/><V61/><F2/><T78/><D78/><U130/><E64/><V112/><F112/><T59/><D59/><U95/><E130/><N who="2" m="49707" /><F44/><T60/><AGARI ba="0,1" hai="43,46,50,52,56,60,74,77,82,97,102,104,125,126" machi="60" ten="30,8000,1" yaku="1,1,0,1,52,1,54,1,53,1" doraHai="92" doraHaiUra="79" who="0" fromWho="0" sc="239,90,285,-40,516,-40,0,0" /><INIT seed="4,1,0,0,0,111" ten="329,245,476,0" oya="0" hai0="87,127,33,49,42,103,52,2,104,73,83,37,114" hai1="63,1,134,36,75,79,105,53,69,101,32,109,95" hai2="41,51,72,71,34,38,121,77,76,128,0,89,84" hai3=""/><T85/><D2/><U50/><E105/><V82/><F51/><T86/><D33/><U3/><E36/><V133/><F41/><T80/><D127/><U100/><E109/><V59/><F59/><T117/><D117/><U74/><E32/><V58/><F58/><T110/><D110/><U118/><E118/><V99/><F71/><T122/><N who="0" m="31264" /><T43/><D73/><U129/><E69/><V70/><F133/><T120/><N who="0" m="30752" /><T66/><D66/><U61/><E75/><V46/><F128/><T47/><D114/><U97/><E74/><V92/><F0/><T115/><D115/><U64/><E134/><V40/><F70/><T132/><D132/><U94/><E129/><V112/><F112/><T106/><D42/><U98/><E79/><V90/><F77/><T91/><D103/><U39/><E39/><V78/><F34/><T124/><D124/><U44/><E64/><V119/><F119/><T68/><D68/><U67/><E67/><V48/><F38/><T102/><D102/><U96/><E3/><V81/><N who="2" m="31008" /><V57/><F40/><T107/><REACH who="0" step="1"/><D91/><REACH who="0" ten="319,245,476,0" step="2"/><U130/><E1/><V131/><F89/><T62/><D62/><N who="1" m="23563" /><E130/><V54/><F131/><T55/><D55/><U126/><E126/><RYUUKYOKU ba="1,1" sc="319,0,245,0,476,0,0,0" hai0="37,43,47,49,52,80,83,85,86,87,104,106,107" hai1="44,50,53,94,95,96,97,98,100,101" hai2="46,48,54,57,72,76,78,81,82,84,90,92,99" /><INIT seed="4,2,1,0,1,116" ten="319,245,476,0" oya="0" hai0="46,57,68,122,108,3,128,132,38,95,118,115,45" hai1="104,76,102,62,1,89,71,86,49,101,0,70,39" hai2="64,121,117,124,109,69,65,82,55,41,32,119,97" hai3=""/><T92/><RYUUKYOKU type="yao9" ba="2,1" sc="319,0,245,0,476,0,0,0" hai0="3,38,45,46,57,68,92,95,108,115,118,122,128,132" /><INIT seed="4,3,1,4,3,75" ten="319,245,476,0" oya="0" hai0="80,72,125,120,128,102,0,2,39,68,119,43,121" hai1="103,108,87,98,135,129,94,93,89,55,73,48,52" hai2="62,86,49,76,130,61,65,40,58,109,132,54,47" hai3=""/><T92/><N who="0" m="30752" /><T104/><N who="0" m="31008" /><T63/><D119/><U133/><E129/><V41/><F132/><N who="1" m="50761" /><E108/><V113/><F113/><T53/><D128/><U107/><E73/><V60/><F109/><T105/><D125/><U111/><E111/><V38/><F130/><T32/><D32/><U115/><E115/><V82/><REACH who="2" step="1"/><F41/><REACH who="2" ten="319,245,466,0" step="2"/><T99/><D43/><U79/><E55/><V122/><N who="2" m="31264" /><V67/><AGARI ba="3,2" hai="38,40,47,49,54,58,60,61,62,65,67,76,82,86" m="31264" machi="67" ten="30,9000,2" yaku="1,1,4,1,0,1,52,2,53,1" doraHai="75" doraHaiUra="69" who="2" fromWho="2" sc="319,-63,245,-33,466,116,0,0" /><INIT seed="5,0,0,0,1,60" ten="256,212,582,0" oya="1" hai0="131,133,37,107,36,87,84,132,124,109,35,79,125" hai1="75,128,98,56,95,58,76,46,127,38,89,73,90" hai2="115,119,44,53,134,78,130,126,97,101,65,120,40" hai3=""/><U34/><E34/><V102/><N who="2" m="30752" /><V100/><F119/><T45/><D35/><U81/><E128/><V72/><F134/><N who="0" m="51818" /><D107/><U99/><E75/><V50/><F126/><N who="0" m="48746" /><D109/><U52/><E127/><V118/><F130/><T1/><D1/><U2/><E2/><V59/><F118/><T67/><D131/><U48/><E38/><N who="0" m="14953" /><D79/><U42/><E42/><V114/><F40/><T43/><D67/><U55/><E55/><V69/><F53/><T51/><AGARI ba="0,0" hai="43,45,51,84,87" m="14953,48746,51818" machi="51" ten="40,2000,0" yaku="20,1,18,1" doraHai="60" who="0" fromWho="0" sc="256,20,212,-13,582,-7,0,0" /><INIT seed="6,0,0,4,5,71" ten="276,199,575,0" oya="2" hai0="116,62,85,111,103,118,57,107,93,88,66,73,48" hai1="78,40,89,1,63,94,32,50,59,106,56,41,95" hai2="76,132,97,90,126,120,74,127,110,65,82,92,37" hai3=""/><V75/><N who="2" m="30752" /><V104/><F37/><T70/><D111/><U129/><E106/><V124/><F110/><T81/><D70/><U86/><E32/><V83/><F132/><T0/><D0/><U72/><E1/><V115/><F115/><T114/><D114/><U51/><E72/><V44/><F44/><T46/><D107/><U96/><E129/><V101/><F65/><T68/><D68/><U125/><E125/><V39/><F39/><T122/><N who="0" m="31264" /><T36/><D36/><U35/><E35/><V84/><F83/><T98/><D73/><AGARI ba="0,0" hai="73,74,75,76,82,84,90,92,97,101,104,124,126,127" m="30752" machi="73" ten="40,18000,2" yaku="24,2,18,1,34,3,52,1" doraHai="71" who="2" fromWho="0" sc="276,-180,199,0,575,180,0,0" owari="96,-50.0,199,-20.0,755,70.0,0,0.0" /></mjloggm>