<mjloggm ver="2.3"><GO type="169" lobby="0"/><UN n0="%E5%A4%A7%E8%A6%9A%E3%82%A2%E3%82%AD%E3%83%A9%E6%A7%98%40" n1="%55%74%61%6D%61%78" n2="%E5%AE%88%E6%9D%91%E6%A1%9C%E5%BC%A5" n3="%E9%BE%8D%E7%89%8C" dan="16,16,17,16" rate="2062.68,2096.39,2162.04,2083.35" sx="M,M,M,M"/><TAIKYOKU oya="0"/><INIT seed="0,0,0,4,4,17" ten="250,250,250,250" oya="0" hai0="14,68,115,121,31,62,134,120,57,106,24,97,86" hai1="43,1,53,93,104,129,48,135,117,58,41,59,56" hai2="47,35,71,102,36,112,98,16,130,2,37,21,111" hai3="91,26,96,94,88,128,12,79,127,70,15,19,33"/><T81/><D115/><U122/><E104/><V119/><F112/><W132/><G127/><T126/><D126/><U6/><E122/><V25/><F71/><W4/><G128/><T114/><D134/><U11/><E117/><V29/><F130/><W131/><G131/><T9/><D114/><U69/><E129/><V133/><F133/><W54/><G70/><T7/><D68/><U73/><E69/><V123/><F123/><W49/><G79/><T78/><D97/><U22/><E73/><V13/><F111/><W84/><G132/><T72/><D106/><U87/><E135/><V64/><F64/><W80/><G4/><T3/><D3/><U42/><E87/><V101/><F119/><W100/><G100/><T63/><D72/><U67/><E67/><V50/><F2/><W76/><G76/><T44/><D44/><U39/><E93/><V46/><F46/><W34/><G26/><T20/><REACH who="0" step="1"/><D63/><REACH who="0" ten="240,250,250,250" step="2"/><U107/><E107/><V0/><F0/><W66/><G15/><T113/><D113/><U38/><E38/><V60/><F60/><W85/><G96/><T30/><D30/><U82/><E39/><V110/><F110/><W74/><G74/><T5/><D5/><U10/><E1/><V105/><REACH who="2" step="1"/><F102/><REACH who="2" ten="240,250,240,250" step="2"/><W40/><G12/><T18/><D18/><U65/><E6/><V99/><F99/><W125/><G19/><T55/><AGARI ba="0,2" hai="7,9,14,20,24,31,55,57,62,78,81,86,120,121" machi="55" ten="20,12000,1" yaku="1,1,0,1,7,1,52,1,53,1" doraHai="17" doraHaiUra="27" who="0" fromWho="0" sc="240,140,250,-40,240,-40,250,-40" /><INIT seed="0,1,0,5,0,66" ten="380,210,200,210" oya="0" hai0="117,78,41,45,101,44,0,32,56,27,77,46,120" hai1="86,85,126,54,15,100,43,69,107,10,87,62,122" hai2="23,91,38,129,12,103,112,59,102,51,80,92,71" hai3="30,99,98,19,9,125,83,36,47,131,31,70,113"/><T104/><D117/><U121/><E126/><V2/><F112/><W73/><G113/><T96/><D120/><U5/><E43/><V74/><F2/><W20/><G125/><T130/><D0/><U76/><E54/><V84/><F38/><W110/><G110/><T108/><D130/><U72/><E100/><V55/><F71/><W82/><G70/><T97/><D108/><U90/><E107/><V49/><F129/><W3/><G36/><T124/><D124/><U116/><E116/><V134/><F134/><W58/><G47/><T109/><D109/><U93/><E76/><V114/><F114/><W39/><G39/><T25/><D96/><U28/><E28/><V29/><F29/><W50/><G131/><T63/><D41/><U123/><REACH who="1" step="1"/><E72/><REACH who="1" ten="380,200,200,210" step="2"/><V8/><F74/><W14/><G31/><N who="0" m="19567" /><D78/><U133/><E133/><V53/><F103/><W18/><G30/><T65/><D77/><U26/><E26/><V33/><F102/><W35/><G73/><T13/><D27/><U75/><E75/><V132/><F132/><W115/><G115/><T40/><D40/><U52/><E52/><V67/><F33/><W24/><G35/><T88/><D104/><U1/><E1/><V34/><F34/><W135/><G3/><T61/><D101/><U6/><E6/><V48/><F53/><N who="3" m="32055" /><G135/><T4/><D4/><U64/><AGARI ba="1,1" hai="5,10,15,62,64,69,85,86,87,90,93,121,122,123" machi="64" ten="40,5200,0" yaku="1,1,0,1,52,1,53,0" doraHai="66" doraHaiUra="105" who="1" fromWho="1" sc="380,-27,200,65,200,-14,210,-14" /><INIT seed="1,0,0,4,0,94" ten="353,265,186,196" oya="1" hai0="76,107,58,127,24,134,40,60,108,9,132,3,72" hai1="120,25,68,101,6,30,118,111,41,1,16,11,22" hai2="64,56,116,129,66,133,100,39,128,84,121,4,89" hai3="23,82,77,131,0,70,110,61,112,19,67,27,47"/><U46/><E68/><V20/><F116/><W69/><G110/><T124/><D107/><U95/><E118/><V42/><F121/><W125/><G131/><T32/><D108/><U97/><E120/><V5/><F133/><N who="0" m="51306" /><D40/><U26/><E111/><V12/><F100/><W87/><G125/><N who="0" m="48203" /><D76/><U96/><E95/><V8/><F4/><W106/><G106/><T78/><D78/><U28/><E101/><V71/><F71/><W62/><G112/><T63/><D72/><U126/><E126/><V80/><F20/><W31/><G0/><T122/><D122/><U102/><E102/><V104/><F104/><W18/><REACH who="3" step="1"/><G47/><REACH who="3" ten="353,265,186,186" step="2"/><T115/><D115/><U52/><E30/><V73/><F73/><W109/><G109/><T98/><D3/><U99/><E28/><V130/><F56/><W2/><G2/><T88/><D58/><U93/><E93/><V15/><F15/><W75/><G75/><T59/><D59/><U7/><E26/><V55/><F55/><W35/><G35/><T10/><D32/><U45/><E41/><V119/><F119/><W91/><G91/><T86/><D24/><U43/><E43/><V135/><F135/><W29/><G29/><T51/><D88/><U36/><E36/><V85/><F39/><W21/><G21/><T83/><D9/><N who="1" m="2255" /><E52/><V53/><F53/><W113/><G113/><T14/><D10/><U123/><E123/><V74/><F74/><W57/><G57/><T65/><D14/><N who="1" m="5503" /><E46/><V17/><F42/><W34/><G34/><T117/><D117/><U13/><E45/><V103/><F103/><W105/><G105/><RYUUKYOKU ba="0,1" sc="353,-15,265,15,186,-15,186,15" hai1="13,16,22,25,96,97,99" hai3="18,19,23,27,31,61,62,67,69,70,77,82,87" /><INIT seed="1,1,1,0,0,76" ten="338,280,171,201" oya="1" hai0="95,64,87,46,100,117,96,71,94,12,78,61,133" hai1="54,7,83,3,56,104,121,122,115,103,50,77,14" hai2="135,101,0,17,66,25,60,73,11,92,45,34,124" hai3="86,41,19,91,59,75,2,36,131,113,102,44,119"/><U30/><E115/><V47/><F135/><W72/><G113/><T33/><D117/><U5/><E3/><V134/><F134/><W58/><G119/><T130/><D133/><U65/><E30/><V55/><F124/><W74/><G2/><T4/><D33/><U39/><E39/><V15/><F0/><W108/><G108/><T68/><D130/><U82/><E103/><V112/><F112/><W110/><G110/><T10/><D46/><U126/><E104/><V57/><F73/><W70/><G70/><T107/><REACH who="0" step="1"/><D71/><REACH who="0" ten="328,280,171,201" step="2"/><U13/><E122/><V98/><F34/><W26/><G131/><T123/><D123/><U9/><E121/><V24/><F45/><W84/><G44/><T49/><D49/><AGARI ba="1,2" hai="11,15,17,24,25,47,49,55,57,60,66,92,98,101" machi="49" ten="40,1300,0" yaku="8,1" doraHai="76" who="2" fromWho="0" sc="328,-16,280,0,171,36,201,0" /><INIT seed="2,0,0,3,3,21" ten="312,280,207,201" oya="2" hai0="116,62,22,70,72,106,20,14,49,47,112,104,52" hai1="134,38,95,131,73,102,32,113,107,39,84,93,76" hai2="108,44,46,29,9,15,27,118,99,101,42,60,64" hai3="85,121,66,17,132,109,122,31,6,59,5,80,69"/><V28/><F118/><W11/><G69/><T119/><D72/><U67/><E32/><V110/><F28/><W77/><G109/><N who="2" m="42089" /><F42/><W88/><G132/><T50/><D112/><U18/><E134/><V48/><F48/><W19/><G31/><T2/><D2/><U35/><E35/><N who="2" m="20927" /><F15/><N who="3" m="7423" /><G122/><T45/><D62/><U56/><E39/><V33/><F33/><W105/><G105/><T128/><D70/><U120/><E38/><V125/><F125/><W100/><G121/><T133/><D133/><U83/><E113/><V86/><F9/><W92/><G100/><T0/><D0/><U130/><E107/><N who="2" m="63935" /><F86/><N who="3" m="48399" /><G19/><T43/><D128/><U114/><E120/><V75/><F75/><W24/><G24/><T87/><D87/><U51/><E73/><V12/><F12/><W65/><G59/><AGARI ba="0,0" hai="44,46,59,60,64" m="63935,20927,42089" machi="59" ten="30,5800,0" yaku="14,1,10,1,52,1" doraHai="21" who="2" fromWho="3" sc="312,0,280,0,207,58,201,-58" /><INIT seed="2,1,0,2,3,35" ten="312,280,265,143" oya="2" hai0="1,104,65,129,19,121,108,80,85,58,73,4,59" hai1="0,22,112,41,123,38,33,86,130,102,106,15,25" hai2="32,107,44,83,13,127,60,116,64,69,53,82,43" hai3="49,74,67,100,27,96,113,133,126,101,12,93,72"/><V77/><F116/><W91/><G126/><T68/><D121/><U132/><E86/><V46/><F127/><W76/><G133/><T114/><D104/><U55/><E15/><V2/><F107/><W90/><G113/><T87/><D114/><U122/><E22/><V111/><F32/><W30/><G67/><T71/><D108/><U50/><E55/><V6/><F111/><W109/><G109/><T97/><D129/><U117/><E50/><V119/><F119/><W66/><G66/><T34/><D34/><U26/><E26/><V79/><F13/><W56/><G12/><T98/><D73/><U99/><E25/><V36/><F46/><W57/><G100/><T47/><D19/><U16/><E102/><V42/><F42/><W24/><G74/><T37/><D47/><U10/><E99/><V61/><F61/><W54/><G27/><T62/><D37/><U118/><E10/><V81/><REACH who="2" step="1"/><F53/><REACH who="2" ten="312,280,255,143" step="2"/><W40/><G40/><T89/><D62/><U94/><E41/><V21/><F21/><W14/><G14/><T8/><D8/><AGARI ba="1,1" hai="2,6,8,36,43,44,60,64,69,77,79,81,82,83" machi="8" ten="40,3900,0" yaku="1,1,52,1,53,0" doraHai="35" doraHaiUra="110" who="2" fromWho="0" sc="312,-42,280,0,255,52,143,0" /><INIT seed="2,2,0,2,5,133" ten="270,280,307,143" oya="2" hai0="0,50,43,121,18,109,56,28,75,131,117,2,48" hai1="103,106,58,84,93,21,116,127,45,9,132,7,114" hai2="81,34,46,68,6,29,90,129,119,44,64,60,88" hai3="11,126,61,41,38,130,53,120,86,125,52,59,113"/><V17/><F119/><W79/><G120/><T83/><D121/><U135/><E114/><V72/><F129/><W124/><G130/><T30/><D131/><U102/><E116/><V89/><F6/><W134/><G134/><N who="1" m="51242" /><E21/><V73/><F17/><W82/><G113/><T87/><D117/><U10/><E45/><V111/><F111/><W12/><G41/><T1/><D75/><U66/><E106/><V78/><REACH who="2" step="1"/><F73/><REACH who="2" ten="270,280,297,143" step="2"/><W13/><G38/><T69/><D109/><U107/><E7/><V31/><F31/><W20/><G20/><T40/><D18/><U26/><E10/><V100/><F100/><W57/><REACH who="3" step="1"/><G11/><REACH who="3" ten="270,280,297,133" step="2"/><T54/><D30/><U74/><E9/><V70/><F70/><W71/><G71/><T80/><D28/><U8/><E8/><V108/><F108/><W92/><G92/><T118/><D69/><U51/><E93/><V24/><AGARI ba="2,2" hai="24,29,34,44,46,60,64,68,72,78,81,88,89,90" machi="24" ten="30,6000,0" yaku="1,1,0,1,54,1,53,0" doraHai="133" doraHaiUra="97" who="2" fromWho="2" sc="270,-22,280,-22,297,86,133,-22" /><INIT seed="2,3,0,2,0,94" ten="248,258,383,111" oya="2" hai0="98,38,56,59,104,58,71,116,23,2,127,96,69" hai1="106,24,101,134,125,14,117,88,75,54,26,113,133" hai2="4,32,80,124,73,112,121,6,82,100,90,11,3" hai3="30,86,17,89,29,27,64,126,132,110,66,92,93"/><V87/><F121/><W128/><G110/><T123/><D38/><U33/><E117/><V84/><F112/><W83/><G126/><T48/><D123/><U16/><E113/><V63/><F32/><W52/><G128/><T107/><D2/><U61/><E75/><V10/><F73/><W122/><G132/><N who="1" m="50794" /><E33/><V135/><F135/><W50/><G122/><T34/><D48/><U18/><E18/><V130/><F130/><W67/><G17/><T81/><D34/><U8/><E125/><V45/><F100/><W70/><G70/><T74/><D127/><U22/><E101/><V35/><F35/><W99/><G27/><T20/><D59/><N who="1" m="35063" /><E106/><V77/><F124/><W0/><G0/><T114/><D114/><U65/><E65/><V37/><F63/><W7/><G7/><T108/><D74/><U97/><E8/><V9/><F4/><W102/><REACH who="3" step="1"/><G92/><AGARI ba="3,0" hai="14,16,22,24,26,88,92,97" m="35063,50794" machi="92" ten="30,7700,0" yaku="20,1,52,1,54,2" doraHai="94" who="1" fromWho="3" sc="248,0,258,86,383,0,111,-86" /><INIT seed="3,0,0,5,5,124" ten="248,344,383,25" oya="3" hai0="67,75,102,96,57,100,125,79,85,37,93,31,53" hai1="101,122,135,54,107,90,72,52,69,86,28,126,26" hai2="88,1,13,46,9,105,21,115,15,25,73,14,16" hai3="11,35,84,10,106,12,94,83,76,56,48,104,62"/><W87/><G35/><T117/><D117/><U134/><E126/><V121/><F115/><W61/><G48/><N who="0" m="30887" /><D37/><U43/><E72/><V20/><F73/><W17/><G11/><T23/><D75/><U60/><E43/><V77/><F77/><W7/><G7/><T19/><D125/><U89/><E122/><V81/><F105/><W95/><G104/><T131/><D67/><N who="1" m="41191" /><E90/><V55/><F121/><W109/><G109/><T34/><D131/><U0/><E0/><V78/><F78/><W118/><G106/><T111/><D34/><N who="1" m="20759" /><E89/><V42/><F1/><W80/><G118/><T82/><D111/><U129/><E86/><N who="2" m="50255" /><F42/><W110/><G110/><T38/><D31/><U127/><E129/><V71/><F71/><W112/><G112/><T119/><D38/><U103/><E103/><V40/><F40/><W123/><G123/><T2/><D2/><U98/><E127/><V64/><F64/><W74/><G74/><T66/><D119/><U99/><E99/><V18/><F21/><W30/><G30/><T91/><D66/><U132/><AGARI ba="0,0" hai="52,54,98,101,107,132,134,135" m="20759,41191" machi="132" ten="30,4000,0" yaku="25,1,20,1,54,1" doraHai="124" who="1" fromWho="1" sc="248,-10,344,40,383,-10,25,-20" /><INIT seed="4,0,0,0,5,69" ten="238,384,373,5" oya="0" hai0="55,131,18,22,8,54,33,122,96,114,14,94,17" hai1="59,107,60,110,26,104,85,5,4,112,56,50,27" hai2="57,127,81,108,15,71,0,64,58,116,76,30,105" hai3="78,119,65,101,67,97,126,132,39,29,53,38,36"/><T83/><D122/><U43/><E110/><V125/><F108/><W88/><G119/><T86/><D33/><U99/><E104/><V134/><F0/><W63/><G78/><N who="0" m="46455" /><D114/><U48/><E43/><V13/><F116/><W21/><G126/><N who="2" m="48137" /><F105/><W124/><G124/><T87/><D87/><U92/><E107/><V74/><F134/><W120/><G132/><T130/><D131/><U79/><E112/><V95/><F30/><W1/><G1/><T10/><D130/><U37/><E79/><V6/><F95/><W72/><G72/><T11/><D18/><U35/><E35/><V12/><F6/><W9/><G120/><T115/><D115/><U103/><E92/><V23/><F23/><W77/><G77/><T61/><D61/><AGARI ba="0,0" hai="12,13,15,57,58,61,64,71,74,76,81" m="48137" machi="61" ten="30,1000,0" yaku="18,1" doraHai="69" who="2" fromWho="0" sc="238,-10,384,0,373,10,5,0" /><INIT seed="5,0,0,0,4,52" ten="228,384,383,5" oya="1" hai0="103,92,118,78,65,84,31,43,70,32,38,1,86" hai1="53,112,62,5,91,21,23,68,63,76,54,130,56" hai2="110,119,131,34,102,48,100,41,114,132,35,18,0" hai3="83,107,25,82,51,126,2,72,79,64,16,69,124"/><U125/><E125/><N who="3" m="48234" /><G107/><T44/><D118/><U104/><E104/><V30/><F119/><W55/><G2/><T19/><D1/><U45/><E130/><V22/><F110/><W94/><G83/><T24/><D19/><U89/><E112/><V71/><F71/><W135/><G135/><T27/><D27/><U28/><E76/><V14/><F131/><W42/><G94/><T98/><D78/><U6/><E68/><V40/><F132/><W26/><G42/><T59/><D70/><U101/><E101/><V129/><F129/><W15/><G64/><T60/><AGARI ba="0,0" hai="24,31,32,38,43,44,59,60,65,84,86,92,98,103" machi="60" ten="30,2000,0" yaku="0,1,52,1" doraHai="52" who="0" fromWho="0" sc="228,20,384,-10,383,-5,5,-5" /><INIT seed="6,0,0,5,0,15" ten="248,374,378,0" oya="2" hai0="122,55,37,10,12,44,79,99,51,38,16,131,128" hai1="2,68,61,13,19,17,72,78,65,87,20,48,103" hai2="76,82,95,67,77,21,41,126,62,56,0,29,71" hai3="130,110,83,97,88,113,70,90,6,127,45,1,100"/><V31/><F0/><W40/><G110/><T32/><D122/><U52/><E2/><V9/><F126/><W84/><G127/><T43/><D32/><U5/><E72/><V54/><F41/><W124/><G124/><T107/><D79/><U85/><E78/><N who="2" m="30315" /><F71/><W102/><G70/><T120/><D120/><U25/><E5/><V7/><F82/><W42/><G130/><T63/><D63/><U39/><E103/><V117/><F117/><W119/><G119/><T118/><D118/><U104/><E104/><V50/><F95/><W49/><G113/><T91/><D43/><U96/><E96/><V86/><F86/><W121/><G121/><T92/><REACH who="0" step="1"/><D107/><REACH who="0" ten="238,374,378,0" step="2"/><U74/><E74/><V58/><F62/><W105/><G40/><T81/><D81/><U109/><E109/><V23/><F67/><W36/><G36/><AGARI ba="0,1" hai="10,12,16,36,37,38,44,51,55,91,92,99,128,131" machi="36" ten="40,5200,0" yaku="1,1,52,1,54,1,53,0" doraHai="15" doraHaiUra="133" who="0" fromWho="3" sc="238,62,374,0,378,0,0,-52" owari="300,-10.0,374,17.0,378,48.0,-52,-55.0" /></mjloggm>