<mjloggm ver="2.3"><GO type="169" lobby="0"/><UN n0="%E7%9B%B4%E6%84%9F%E7%B2%BE%E8%AA%AD" n1="%6B%61%69%74%75" n2="%E3%83%8F%E3%82%B9%E5%A4%AA" n3="%E5%90%89%E7%B1%B3%E8%80%81%E5%B8%AB" dan="18,16,17,16" rate="2240.43,2106.02,2213.71,2071.40" sx="M,M,M,M"/><TAIKYOKU oya="0"/><INIT seed="0,0,0,1,4,14" ten="250,250,250,250" oya="0" hai0="101,45,108,41,84,78,70,79,18,35,15,82,113" hai1="69,104,0,129,98,19,126,11,47,114,110,76,54" hai2="71,37,27,132,13,52,6,21,22,133,5,130,51" hai3="34,33,50,60,26,87,29,123,121,63,42,105,72"/><T111/><D70/><U9/><E69/><V88/><F37/><W119/><G72/><T106/><D35/><U30/><E30/><V44/><F71/><W49/><G119/><T62/><D113/><U81/><E114/><V96/><F130/><W93/><G105/><T102/><D62/><N who="3" m="23593" /><G33/><T31/><D79/><U97/><E129/><V16/><F96/><W25/><G42/><T95/><D106/><U103/><E126/><V109/><F109/><N who="0" m="42058" /><D31/><U10/><E110/><V75/><F88/><N who="3" m="53407" /><G26/><T40/><D95/><U74/><E98/><V1/><F75/><W131/><G131/><T20/><D41/><U89/><E0/><V7/><REACH who="2" step="1"/><F1/><REACH who="2" ten="250,250,240,250" step="2"/><W134/><G134/><T117/><D117/><U8/><E89/><V55/><F55/><W67/><G67/><T36/><AGARI ba="0,1" hai="15,18,20,36,40,45,78,82,84,101,102" m="42058" machi="36" ten="30,6000,0" yaku="14,1,10,1,52,1" doraHai="14" who="0" fromWho="0" sc="250,70,250,-20,240,-20,250,-20" /><INIT seed="0,1,0,3,5,103" ten="320,230,220,230" oya="0" hai0="68,91,8,56,108,14,32,117,65,97,4,95,98" hai1="53,125,121,89,80,113,50,21,37,7,96,119,106" hai2="35,133,76,85,92,78,120,29,79,31,23,101,109" hai3="47,88,16,10,116,130,30,33,6,112,81,90,86"/><T128/><D117/><U71/><E119/><V13/><F120/><W62/><G116/><T131/><D32/><U2/><E121/><V83/><F109/><W73/><G112/><T114/><D114/><U93/><E113/><V134/><F35/><W124/><G73/><T44/><D68/><U57/><E71/><V43/><F43/><W19/><G124/><T94/><D108/><U64/><E37/><V41/><F41/><W39/><G130/><T45/><D128/><U9/><E64/><V102/><F13/><N who="3" m="5335" /><G47/><T105/><D105/><U123/><E125/><V118/><F118/><W84/><G30/><N who="2" m="11273" /><F23/><W0/><G0/><T107/><D107/><U67/><E67/><V54/><F54/><W38/><G33/><T126/><D126/><U22/><E123/><V59/><F59/><W135/><G135/><N who="2" m="51721" /><F92/><N who="3" m="54279" /><G39/><T17/><D131/><U74/><E74/><V36/><F36/><W51/><G38/><T77/><D77/><AGARI ba="1,0" hai="76,77,78,79,83,85,101,102" m="51721,11273" machi="77" ten="30,1000,0" yaku="20,1" doraHai="103" who="2" fromWho="0" sc="320,-13,230,0,220,13,230,0" /><INIT seed="1,0,0,4,5,66" ten="307,230,233,230" oya="1" hai0="131,57,86,103,2,106,26,17,102,63,23,126,113" hai1="120,9,25,91,98,108,43,109,97,32,51,72,85" hai2="130,59,48,1,36,82,79,116,75,41,122,24,92" hai3="123,10,34,28,132,77,7,95,61,67,127,83,56"/><U71/><E120/><V104/><F122/><W19/><G123/><T45/><D113/><U128/><E128/><V30/><F116/><W39/><G39/><T87/><D2/><U13/><E72/><V96/><F130/><W105/><G105/><T80/><D131/><U76/><E76/><V107/><F1/><W54/><G127/><T65/><D126/><U74/><E74/><V37/><F104/><W111/><G111/><N who="1" m="42570" /><E71/><V121/><F107/><W100/><G19/><T70/><D106/><U88/><E43/><V78/><F78/><W49/><G28/><T69/><D45/><U99/><E51/><V6/><F6/><W60/><G34/><T4/><D4/><N who="1" m="3239" /><E85/><V3/><F121/><W119/><G119/><T33/><D86/><U31/><AGARI ba="0,0" hai="25,31,32,88,91,97,98,99" m="3239,42570" machi="31" ten="40,7800,0" yaku="14,1,10,1,54,1" doraHai="66" who="1" fromWho="1" sc="307,-26,230,78,233,-26,230,-26" /><INIT seed="1,1,0,3,4,119" ten="281,308,207,204" oya="1" hai0="27,135,109,46,79,55,22,63,92,116,29,24,30" hai1="26,20,16,118,0,85,52,37,81,33,112,32,88" hai2="86,106,7,54,38,1,58,77,89,8,97,51,36" hai3="102,28,57,94,105,21,14,39,34,133,130,117,17"/><U75/><E118/><V56/><F77/><W114/><G114/><T45/><D116/><U67/><E112/><V103/><REACH who="2" step="1"/><F58/><REACH who="2" ten="281,308,197,204" step="2"/><W87/><G57/><N who="0" m="35263" /><D79/><U66/><E75/><V83/><AGARI ba="1,1" hai="1,7,8,36,38,51,54,56,83,86,89,97,103,106" machi="83" ten="20,2700,0" yaku="1,1,0,1,7,1,53,0" doraHai="119" doraHaiUra="31" who="2" fromWho="2" sc="281,-8,308,-14,197,40,204,-8" /><INIT seed="2,0,0,5,4,109" ten="273,294,237,196" oya="2" hai0="129,28,133,15,125,42,33,105,93,80,99,114,59" hai1="8,113,131,12,7,0,54,94,135,51,117,17,106" hai2="68,34,92,53,50,35,46,108,38,21,47,14,37" hai3="55,123,30,97,2,89,62,81,75,115,10,70,45"/><V112/><F68/><W64/><G123/><T23/><D105/><U20/><E117/><V120/><F120/><W44/><G30/><T5/><D42/><U65/><E106/><V60/><F108/><W111/><G111/><T85/><D129/><U110/><E131/><V103/><F60/><W95/><G115/><T36/><D36/><U3/><E110/><V101/><F112/><W48/><G2/><T76/><D114/><U72/><E113/><V11/><F21/><W57/><REACH who="3" step="1"/><G10/><REACH who="3" ten="273,294,237,186" step="2"/><T19/><D28/><U73/><E3/><V6/><F34/><W88/><G88/><T69/><D33/><U96/><E135/><V67/><F35/><W132/><G132/><T13/><D133/><U100/><REACH who="1" step="1"/><E65/><REACH who="1" ten="273,284,237,186" step="2"/><V90/><F67/><W74/><G74/><T130/><D130/><U43/><E43/><V56/><F38/><W63/><G63/><T16/><D125/><U61/><E61/><V39/><F37/><W27/><G27/><T104/><D15/><U77/><E77/><AGARI ba="0,2" hai="44,45,48,55,57,62,64,70,75,77,81,89,95,97" machi="77" ten="40,1300,0" yaku="1,1,53,0" doraHai="109" doraHaiUra="126" who="3" fromWho="1" sc="273,0,284,-13,237,0,186,33" /><INIT seed="3,0,0,0,5,22" ten="273,271,237,219" oya="3" hai0="102,77,132,108,111,36,16,53,106,114,17,84,118" hai1="68,121,5,81,40,27,79,103,90,78,101,80,58" hai2="55,87,109,30,37,32,66,93,19,85,104,51,135" hai3="115,47,97,13,129,71,133,4,10,112,69,34,6"/><W62/><G34/><T59/><D118/><U123/><E68/><V7/><F109/><N who="0" m="42058" /><D36/><U64/><E40/><V33/><F104/><W57/><G133/><T126/><D132/><U28/><E5/><V43/><F135/><W95/><G129/><T107/><D126/><U15/><E15/><V29/><F7/><W18/><G69/><T44/><D44/><U9/><E9/><V70/><F19/><N who="0" m="7242" /><D102/><N who="1" m="38923" /><E58/><V63/><F29/><W116/><G71/><T72/><D72/><U2/><E2/><V88/><F30/><W74/><G74/><T8/><D8/><U46/><E46/><N who="2" m="23919" /><F85/><W125/><G116/><T54/><D114/><U91/><E27/><V20/><F20/><W41/><G125/><T96/><D96/><U98/><E28/><V35/><F32/><W50/><G112/><T52/><D59/><AGARI ba="0,0" hai="33,35,51,55,59,63,66,70,87,88,93" m="23919" machi="59" ten="30,2000,0" yaku="24,1,54,1" doraHai="22" who="2" fromWho="0" sc="273,-20,271,0,237,20,219,0" /><INIT seed="4,0,0,3,5,28" ten="253,271,257,219" oya="0" hai0="27,19,73,4,31,51,114,43,116,38,93,81,64" hai1="122,52,42,117,7,56,77,0,72,110,34,96,100" hai2="75,92,112,8,127,18,87,119,26,89,134,16,133" hai3="97,84,65,61,135,102,66,17,41,48,111,67,94"/><T106/><D106/><U129/><E117/><V105/><F119/><W54/><G111/><T15/><D38/><U5/><E122/><V9/><F112/><W79/><G135/><N who="2" m="51721" /><F127/><W126/><G126/><T90/><D116/><U22/><E110/><V12/><F75/><W76/><G41/><T3/><D64/><U83/><E34/><V29/><F105/><W103/><G103/><T95/><D114/><U68/><E68/><V80/><F80/><W11/><G61/><T70/><D70/><U109/><E42/><V53/><F53/><W101/><G101/><T104/><D104/><U35/><E35/><N who="2" m="20919" /><F8/><W49/><G84/><T107/><D107/><U39/><E109/><V74/><F74/><W71/><G71/><T21/><D73/><U32/><E39/><V37/><F37/><W59/><REACH who="3" step="1"/><G49/><REACH who="3" ten="253,271,257,209" step="2"/><T125/><D125/><U14/><E83/><V60/><F60/><W121/><G121/><T45/><D81/><U47/><E100/><V10/><F10/><W30/><G30/><T131/><D51/><U13/><E72/><V2/><F2/><W24/><G24/><T88/><D27/><U124/><E0/><V1/><F1/><W6/><G6/><AGARI ba="0,1" hai="6,9,12,16,18,87,89,92" m="20919,51721" machi="6" ten="30,3900,0" yaku="20,1,52,1,54,1" doraHai="28" who="2" fromWho="3" sc="253,0,271,0,257,49,209,-39" /><INIT seed="5,0,0,3,1,121" ten="253,271,306,170" oya="1" hai0="38,76,130,49,50,66,100,55,105,106,45,23,72" hai1="0,126,36,21,67,9,48,28,96,43,5,81,32" hai2="18,25,117,91,109,15,39,116,65,12,52,7,10" hai3="120,132,6,119,97,42,47,114,53,93,11,46,108"/><U56/><E126/><V107/><F39/><W127/><G120/><T98/><D130/><U101/><E36/><V102/><F65/><W110/><G127/><T62/><D38/><U71/><E71/><V92/><F109/><W124/><G124/><T134/><D134/><U88/><E32/><V1/><F25/><W26/><G132/><T40/><D23/><U86/><E43/><V131/><F131/><W125/><G125/><T2/><D2/><U103/><E96/><V13/><F102/><W51/><G26/><T128/><D128/><U94/><E81/><V83/><F107/><W90/><G114/><T118/><D118/><U112/><E112/><V104/><F104/><W87/><G97/><T54/><D105/><U111/><E111/><V85/><F92/><W115/><G119/><T129/><D129/><U113/><E113/><V17/><F117/><W44/><G115/><T24/><D24/><N who="1" m="16399" /><E0/><V3/><F116/><W31/><G31/><T64/><D40/><U123/><E48/><V99/><F1/><W63/><G63/><T34/><D34/><U27/><E27/><V74/><F74/><W75/><G75/><T14/><D14/><N who="1" m="5423" /><E123/><V37/><F37/><W69/><G69/><T8/><D62/><AGARI ba="0,0" hai="56,62,67,86,88,94,101,103" m="5423,16399" machi="62" ten="30,2900,0" yaku="8,1,54,1" doraHai="121" who="1" fromWho="0" sc="253,-29,271,29,306,0,170,0" /><INIT seed="5,1,0,3,0,3" ten="224,300,306,170" oya="1" hai0="83,39,56,0,84,27,25,46,106,104,90,54,37" hai1="91,127,40,120,17,19,124,14,69,7,128,122,132" hai2="113,85,100,33,21,111,76,135,8,23,63,5,71" hai3="87,1,13,12,50,98,89,6,62,126,55,123,105"/><U80/><E69/><V38/><F111/><W10/><G123/><N who="1" m="47146" /><E40/><V44/><F33/><W34/><G34/><T72/><D0/><U52/><E132/><V112/><F135/><W68/><G126/><N who="1" m="48170" /><E52/><V57/><F71/><W24/><G24/><T43/><D37/><U18/><E80/><N who="2" m="47239" /><F100/><W109/><G109/><T121/><D121/><U31/><E91/><V4/><F8/><W86/><G86/><T82/><D72/><U61/><E61/><V53/><F44/><W116/><G116/><T36/><D36/><U119/><E31/><V107/><F38/><W51/><G51/><T133/><D83/><U32/><E32/><V29/><F29/><W2/><G62/><T47/><D47/><U67/><E67/><V81/><F81/><W88/><G68/><T78/><D133/><U92/><E92/><V117/><F107/><W49/><G49/><T102/><D90/><U97/><E97/><V73/><F73/><W65/><G65/><T130/><D104/><U95/><E95/><V66/><F53/><W16/><G98/><N who="0" m="61783" /><D54/><U70/><E70/><V30/><F30/><W101/><G105/><T20/><D56/><U35/><E35/><V79/><F79/><W103/><G89/><T108/><D78/><U77/><E77/><V64/><F64/><W99/><G99/><T26/><D39/><U115/><E119/><V59/><F57/><N who="3" m="33015" /><G88/><T42/><D42/><U11/><E128/><V58/><F58/><W118/><G118/><T96/><D130/><U9/><E9/><V28/><F117/><W94/><G94/><T45/><D43/><U93/><E93/><RYUUKYOKU ba="1,0" sc="224,-10,300,30,306,-10,170,-10" hai1="7,11,14,17,18,19,115" /><INIT seed="5,2,0,4,5,135" ten="214,330,296,160" oya="1" hai0="64,100,98,35,82,101,42,14,108,41,102,20,118" hai1="114,2,119,130,96,97,111,67,109,65,121,15,90" hai2="71,123,128,30,11,7,88,27,22,89,131,28,106" hai3="132,0,112,76,105,78,54,60,107,116,127,72,91"/><U79/><E2/><V110/><F110/><N who="1" m="41993" /><E121/><V126/><F123/><W92/><G0/><T16/><D108/><U86/><E79/><V6/><F71/><W37/><G37/><T66/><D118/><U55/><E119/><V93/><F106/><W115/><G116/><T17/><D35/><U125/><E114/><N who="3" m="43562" /><G132/><T83/><D98/><N who="1" m="37995" /><E15/><V68/><F68/><W84/><G54/><T8/><D82/><U59/><E130/><V38/><F38/><W85/><G60/><T4/><D83/><N who="1" m="49503" /><E125/><V62/><F126/><W34/><G34/><T56/><D4/><U61/><AGARI ba="2,0" hai="55,59,61,65,67" m="49503,37995,41993" machi="61" ten="30,1500,0" yaku="10,1" doraHai="135" who="1" fromWho="1" sc="214,-7,330,21,296,-7,160,-7" /><INIT seed="5,3,0,3,3,16" ten="207,351,289,153" oya="1" hai0="93,120,110,130,105,36,20,8,32,113,80,129,92" hai1="103,109,75,99,25,3,35,102,135,66,49,26,63" hai2="131,64,44,128,79,54,61,9,50,106,68,39,111" hai3="104,81,58,18,69,126,41,42,19,48,7,117,0"/><U127/><E135/><V6/><F106/><W33/><G69/><T132/><D32/><U95/><E3/><V89/><F79/><W22/><G33/><T57/><D105/><U70/><E127/><V76/><F76/><W119/><G104/><T85/><D36/><U2/><E2/><V98/><F98/><W52/><G126/><T45/><D110/><U14/><E75/><V112/><F89/><W124/><G124/><T114/><D45/><U13/><E103/><V91/><F91/><W53/><G19/><T4/><D57/><U115/><E115/><N who="0" m="44041" /><D132/><U67/><E67/><V28/><F112/><W71/><G71/><T97/><D20/><U60/><E60/><V82/><F111/><W107/><G107/><T116/><D116/><N who="3" m="44617" /><G81/><T86/><D120/><U74/><E74/><V12/><F82/><W11/><G53/><T46/><D46/><U21/><E26/><AGARI ba="3,0" hai="0,7,11,18,22,26,41,42,48,52,58" m="44617" machi="26" ten="30,3900,0" yaku="12,1,52,1,54,1" doraHai="16" who="3" fromWho="1" sc="207,0,351,-48,289,0,153,48" /><INIT seed="6,0,0,5,3,8" ten="207,303,289,201" oya="2" hai0="124,49,82,16,11,131,101,17,133,45,71,21,81" hai1="22,95,67,25,42,87,114,34,69,84,129,56,118" hai2="73,47,29,122,80,50,117,109,75,14,92,63,4" hai3="3,30,64,85,106,94,96,120,58,132,126,78,65"/><V105/><F117/><W59/><G120/><T104/><D71/><U79/><E118/><V9/><F122/><W113/><G3/><T99/><D131/><U53/><E129/><V127/><F127/><W41/><G106/><T128/><D128/><U35/><E42/><V74/><F109/><W10/><G41/><T110/><D110/><U2/><E2/><V48/><F105/><W55/><G30/><T12/><D133/><U51/><E67/><N who="3" m="25674" /><G132/><T112/><D112/><U135/><E114/><V103/><F63/><W31/><G31/><T26/><REACH who="0" step="1"/><D124/><REACH who="0" ten="197,303,289,201" step="2"/><U5/><E69/><V43/><F29/><W24/><G113/><T89/><D89/><U15/><E135/><V108/><F108/><W102/><G126/><T20/><D20/><U44/><E35/><V57/><F103/><W23/><G102/><T97/><D97/><U19/><E34/><V32/><F32/><W125/><G96/><T40/><AGARI ba="0,1" hai="11,12,16,17,21,26,40,45,49,81,82,99,101,104" machi="40" ten="20,8000,1" yaku="1,1,0,1,7,1,52,1,54,1,53,0" doraHai="8" doraHaiUra="52" who="0" fromWho="0" sc="197,90,303,-20,289,-40,201,-20" /><INIT seed="7,0,0,3,2,93" ten="287,283,249,181" oya="3" hai0="87,35,114,30,98,83,113,80,96,44,71,53,34" hai1="37,47,50,89,130,72,39,74,60,28,95,132,29" hai2="31,54,57,20,125,12,121,97,91,8,4,92,10" hai3="51,118,85,0,117,58,68,127,59,45,14,110,128"/><W18/><G0/><T124/><D71/><U15/><E132/><V100/><F125/><W5/><G5/><T111/><D111/><U75/><E130/><V46/><F121/><W78/><G128/><T94/><D124/><U26/><E60/><V36/><F36/><W135/><G127/><T67/><D67/><U9/><E29/><V52/><F31/><W102/><G135/><T106/><D106/><U108/><E108/><V24/><F10/><W119/><G110/><T41/><D53/><U77/><E77/><V33/><F33/><W115/><G68/><T131/><D131/><U116/><E116/><V1/><F1/><W66/><G115/><N who="0" m="44043" /><D98/><U84/><E50/><N who="2" m="28759" /><F20/><W23/><G66/><T133/><D30/><U134/><E47/><V79/><F79/><W19/><G102/><N who="0" m="60695" /><D133/><U22/><REACH who="1" step="1"/><E134/><REACH who="1" ten="287,273,249,181" step="2"/><V101/><F24/><W38/><G38/><N who="0" m="21559" /><D83/><U13/><E13/><V6/><F6/><AGARI ba="0,1" hai="6,9,15,22,26,28,37,39,72,74,75,84,89,95" machi="6" ten="40,2600,0" yaku="1,1,53,1" doraHai="93" doraHaiUra="25" who="1" fromWho="2" sc="287,0,273,36,249,-26,181,0" owari="287,9.0,309,41.0,223,-18.0,181,-32.0" /></mjloggm>