<mjloggm ver="2.3"><GO type="169" lobby="0"/><UN n0="%E6%AF%94%E5%98%89%E6%84%9B%E6%9C%AA" n1="%E6%A9%98%E3%83%AF%E3%83%AB%E3%83%84" n2="%E3%81%94%E3%82%8B%E3%81%AF%E3%82%80%33%30" n3="%E8%B0%B7%E5%8F%A3%E3%81%93%E3%81%86%E3%81%B8%E3%81%84" dan="16,16,16,18" rate="2108.38,2158.84,2090.34,2305.60" sx="F,M,F,M"/><TAIKYOKU oya="0"/><INIT seed="0,0,0,0,5,73" ten="250,250,250,250" oya="0" hai0="34,77,8,20,17,96,83,87,109,45,130,79,112" hai1="57,43,64,55,22,127,93,120,114,63,108,85,117" hai2="4,135,125,60,133,111,65,122,89,40,9,14,82" hai3="68,105,52,31,56,15,70,25,66,107,48,131,58"/><T75/><D112/><U88/><E120/><V2/><F122/><W30/><G131/><T12/><D34/><U46/><E117/><V33/><F111/><W80/><G31/><T24/><D130/><U124/><E108/><V36/><F125/><W7/><G58/><T5/><D109/><U99/><E114/><V103/><F33/><W134/><G134/><N who="2" m="51209" /><F103/><W101/><G66/><T37/><D75/><U102/><E22/><V123/><F2/><W3/><G3/><T62/><D96/><U49/><REACH who="1" step="1"/><E64/><REACH who="1" ten="250,240,250,250" step="2"/><V100/><F65/><W6/><G70/><T92/><D92/><AGARI ba="0,1" hai="43,46,49,55,57,63,85,88,92,93,99,102,124,127" machi="92" ten="40,8000,1" yaku="1,1,2,1,54,1,53,1" doraHai="73" doraHaiUra="59" who="1" fromWho="0" sc="250,-80,240,90,250,0,250,0" /><INIT seed="1,0,0,1,2,35" ten="170,330,250,250" oya="1" hai0="25,102,31,73,104,96,82,17,10,2,49,100,83" hai1="119,108,75,133,109,128,55,26,121,12,43,118,69" hai2="21,98,42,9,87,85,117,19,91,18,112,71,60" hai3="27,50,3,113,59,129,80,16,74,67,52,111,30"/><U125/><E75/><V53/><F117/><W44/><G113/><T24/><D73/><U89/><E121/><V94/><F112/><W61/><G111/><N who="1" m="42570" /><E69/><V116/><F116/><N who="1" m="44585" /><E43/><V32/><F42/><W63/><G129/><T79/><D79/><U47/><E128/><V90/><F32/><W130/><G130/><T77/><D77/><U57/><E26/><V70/><F70/><W126/><G126/><T92/><D25/><U4/><E125/><V120/><F120/><W48/><G3/><T6/><D17/><U127/><E127/><V11/><F19/><W46/><G74/><T81/><D49/><U66/><E89/><V110/><F110/><W29/><G80/><T95/><REACH who="0" step="1"/><D100/><REACH who="0" ten="160,330,250,250" step="2"/><U76/><E76/><V68/><F18/><W1/><G27/><T114/><D114/><U20/><E133/><V105/><F60/><W106/><G61/><T101/><D101/><U14/><E66/><V45/><F71/><W15/><G30/><T135/><D135/><U56/><E4/><V36/><F68/><W134/><G29/><T39/><D39/><U37/><E37/><V122/><F36/><W0/><G134/><T131/><D131/><U65/><E65/><V22/><F122/><W28/><G28/><T58/><D58/><U97/><E57/><V64/><F45/><W107/><G50/><T88/><D88/><U5/><E47/><V86/><F91/><W132/><G46/><T34/><AGARI ba="0,1" hai="2,6,10,24,31,34,81,82,83,92,95,96,102,104" machi="34" ten="30,4000,0" yaku="1,1,0,1,52,1,53,0" doraHai="35" doraHaiUra="38" who="0" fromWho="0" sc="160,50,330,-20,250,-10,250,-10" /><INIT seed="2,0,0,0,5,50" ten="210,310,240,240" oya="2" hai0="6,52,79,45,114,2,26,96,82,135,123,74,25" hai1="88,87,24,128,18,132,46,7,41,61,1,47,80" hai2="16,19,102,94,44,21,100,113,110,120,28,9,69" hai3="59,105,93,57,73,66,112,12,34,17,121,115,63"/><V51/><F113/><N who="3" m="43595" /><G34/><T111/><D114/><U85/><E132/><V0/><F120/><W90/><G73/><T116/><D123/><U83/><E128/><V48/><F69/><W43/><G43/><T118/><D135/><U40/><E61/><V10/><F110/><W49/><G105/><T62/><D111/><U122/><E122/><V20/><F0/><W124/><G124/><T103/><D6/><U68/><E68/><V31/><F94/><W33/><G33/><T35/><D2/><U30/><E7/><V127/><REACH who="2" step="1"/><F44/><REACH who="2" ten="210,310,230,240" step="2"/><W86/><G121/><T91/><D45/><U5/><E46/><V15/><F15/><W107/><G107/><T14/><D14/><U92/><E1/><V109/><F109/><W37/><G37/><T65/><D116/><U56/><E92/><V22/><F22/><W36/><G36/><T75/><D118/><U95/><E95/><V58/><F58/><N who="3" m="37239" /><G49/><T53/><D35/><U8/><E56/><V77/><F77/><W117/><G117/><T39/><D79/><U60/><E47/><V119/><F119/><W131/><G131/><T89/><D39/><U27/><E41/><V104/><F104/><W11/><AGARI ba="0,1" hai="11,12,17,57,59,86,90,93" m="37239,43595" machi="11" ten="30,1100,0" yaku="11,1" doraHai="50" who="3" fromWho="3" sc="210,-3,310,-3,230,-5,240,21" /><INIT seed="3,0,0,3,3,103" ten="207,307,225,261" oya="3" hai0="4,81,106,48,96,124,6,132,99,52,130,22,45" hai1="67,107,55,73,26,109,7,23,127,134,68,51,63" hai2="33,46,123,20,8,54,17,62,121,95,34,126,58" hai3="98,9,91,41,113,118,38,28,75,43,1,84,19"/><W60/><G113/><T116/><D116/><U93/><E73/><V71/><F126/><W131/><G118/><T108/><D124/><U65/><E127/><V35/><F71/><W86/><G75/><T115/><D108/><U12/><E109/><V29/><F29/><W117/><G117/><T53/><D115/><U129/><E134/><V59/><F8/><W122/><G122/><T89/><D132/><U2/><E2/><V76/><F76/><W44/><G41/><T32/><D32/><U80/><E80/><V70/><F70/><W13/><G131/><T16/><D130/><U15/><E65/><V120/><F95/><W14/><G1/><T74/><D74/><U50/><E50/><V78/><F78/><W69/><G28/><T97/><D106/><U82/><E82/><V83/><F83/><W133/><G133/><T112/><D53/><U135/><E7/><N who="0" m="2601" /><D112/><U18/><E135/><V57/><REACH who="2" step="1"/><F46/><REACH who="2" ten="207,307,215,261" step="2"/><W119/><G119/><T128/><D128/><U47/><E129/><V64/><F64/><W36/><G69/><T104/><D104/><U92/><E107/><V66/><F66/><W31/><G31/><T0/><D0/><U42/><E93/><V77/><F77/><W21/><G44/><T39/><D81/><U105/><E92/><V101/><F101/><W94/><G94/><N who="0" m="56399" /><D39/><N who="1" m="21983" /><E105/><V56/><F56/><AGARI ba="0,1" hai="12,15,18,23,26,51,55,56,63,67,68" m="21983" machi="56" ten="30,1000,0" yaku="24,1" doraHai="103" who="1" fromWho="2" sc="207,0,307,20,215,-10,261,0" /><INIT seed="4,0,0,3,3,33" ten="207,327,205,261" oya="0" hai0="13,110,135,125,84,116,58,120,63,119,100,25,60" hai1="109,93,117,78,14,12,4,107,17,18,54,123,87" hai2="129,40,24,81,95,88,133,30,94,66,34,21,8" hai3="74,127,29,32,70,80,15,38,111,1,48,6,37"/><T86/><D120/><U82/><E123/><V56/><F129/><W57/><G111/><T103/><D13/><U77/><E109/><V131/><F131/><W122/><G122/><T98/><D110/><U72/><E107/><V20/><F133/><W39/><G127/><T90/><D25/><U65/><E65/><V89/><F40/><W134/><G134/><T53/><D135/><U67/><E67/><V92/><F81/><W9/><G15/><T124/><D58/><U50/><E117/><V91/><REACH who="2" step="1"/><F8/><REACH who="2" ten="207,327,195,261" step="2"/><W62/><G80/><T55/><D116/><U104/><E72/><V7/><F7/><W0/><G9/><T97/><D119/><U102/><E4/><V27/><F27/><W130/><G6/><T106/><REACH who="0" step="1"/><D90/><REACH who="0" ten="197,327,195,261" step="2"/><U49/><E78/><V11/><F11/><W73/><G130/><T36/><D36/><U83/><E77/><V101/><F101/><W42/><G39/><T118/><D118/><U43/><E102/><V112/><F112/><W3/><G38/><T108/><D108/><U5/><E5/><V64/><F64/><W51/><G37/><T16/><D16/><U76/><E76/><V23/><F23/><W105/><G73/><T128/><D128/><U99/><E18/><V115/><F115/><W113/><G113/><T114/><D114/><U44/><E17/><V68/><F68/><W19/><G74/><T10/><D10/><U85/><E14/><V69/><F69/><W52/><G70/><T59/><D59/><U28/><E12/><V96/><F96/><W22/><G19/><T121/><D121/><U61/><E99/><RYUUKYOKU ba="0,2" sc="197,15,327,-15,195,15,261,-15" hai0="53,55,60,63,84,86,97,98,100,103,106,124,125" hai2="20,21,24,30,34,56,66,88,89,91,92,94,95" /><INIT seed="4,1,2,2,5,86" ten="212,312,210,246" oya="0" hai0="68,87,83,10,93,49,16,13,45,66,78,58,116" hai1="81,40,8,77,82,51,34,36,74,61,79,69,91" hai2="57,106,75,102,56,20,121,26,15,101,125,4,107" hai3="27,120,127,85,2,35,9,52,48,119,112,94,96"/><T25/><D68/><U122/><E122/><V84/><F121/><W76/><G120/><T128/><D116/><U64/><E51/><V12/><F75/><W38/><G38/><T114/><D114/><U22/><E22/><V80/><F125/><W3/><G119/><T95/><D128/><U5/><E91/><N who="2" m="51591" /><F107/><W7/><G112/><T50/><D25/><U73/><E40/><V55/><F57/><W103/><G127/><T33/><D33/><U54/><E54/><V14/><F4/><W70/><G70/><T118/><D118/><U126/><E126/><V134/><F134/><W99/><G99/><T24/><D24/><U17/><E17/><N who="2" m="12559" /><F106/><W135/><G135/><T131/><D131/><U130/><E130/><V133/><F133/><W0/><G27/><T71/><D71/><U115/><E115/><V100/><F100/><W60/><G35/><T37/><D37/><U62/><E62/><AGARI ba="1,2" hai="12,14,15,55,56,62,101,102" m="12559,51591" machi="62" ten="30,2000,0" yaku="8,1,52,1" doraHai="86" who="2" fromWho="1" sc="212,0,312,-23,210,43,246,0" /><INIT seed="5,0,0,0,2,86" ten="212,289,253,246" oya="1" hai0="44,83,123,26,74,88,2,31,97,38,121,28,77" hai1="79,57,100,120,56,75,16,51,78,32,37,129,134" hai2="133,66,7,23,10,25,73,131,18,117,80,0,98" hai3="99,60,130,125,11,19,52,49,53,119,40,55,84"/><U4/><E120/><N who="0" m="46153" /><D2/><U92/><E37/><V65/><F117/><W85/><G130/><T34/><D28/><U12/><E32/><V8/><F131/><W33/><G125/><T42/><D97/><U102/><E129/><V114/><F133/><W109/><G109/><T93/><D93/><U14/><E75/><V101/><F114/><W45/><G119/><T3/><D3/><U72/><E72/><V94/><REACH who="2" step="1"/><F10/><REACH who="2" ten="212,289,243,246" step="2"/><W124/><G124/><T105/><D105/><U29/><E134/><V30/><F30/><W58/><G33/><T21/><D34/><U35/><E29/><V126/><F126/><W6/><G11/><T68/><D68/><U20/><E35/><V64/><F64/><W46/><G19/><T17/><D17/><U127/><E127/><V104/><F104/><W107/><G6/><T106/><D106/><U24/><E4/><V87/><F87/><W122/><G122/><T110/><D110/><U70/><E70/><V63/><F63/><W27/><G107/><T48/><D38/><U47/><E16/><V112/><F112/><W115/><G115/><T76/><D74/><U1/><E20/><V90/><F90/><W118/><G118/><T5/><D5/><U54/><E79/><AGARI ba="0,1" hai="0,7,8,18,23,25,65,66,73,79,80,94,98,101" machi="79" ten="40,1300,0" yaku="1,1,53,0" doraHai="86" doraHaiUra="132" who="2" fromWho="1" sc="212,0,289,-13,243,23,246,0" /><INIT seed="6,0,0,2,4,76" ten="212,276,266,246" oya="2" hai0="77,17,102,115,0,14,63,103,66,24,38,95,37" hai1="40,96,132,67,12,98,125,133,121,112,5,60,109" hai2="56,2,7,16,42,122,104,127,134,99,8,101,50" hai3="43,78,25,118,36,41,81,53,31,80,44,114,39"/><V35/><F122/><W13/><G118/><T128/><D0/><U85/><E109/><V119/><F119/><W61/><G114/><T58/><D115/><U28/><E112/><V49/><F35/><W130/><G130/><T108/><D108/><U30/><E40/><V94/><F134/><W69/><G78/><T88/><D128/><U32/><E121/><V131/><F131/><W62/><G13/><T10/><D77/><U124/><E12/><V11/><F127/><N who="1" m="48713" /><E5/><V87/><F42/><W20/><G62/><T111/><D111/><U59/><E85/><V107/><F87/><W46/><REACH who="3" step="1"/><G53/><REACH who="3" ten="212,276,266,236" step="2"/><T64/><D64/><AGARI ba="0,1" hai="20,25,31,36,39,41,43,44,46,61,64,69,80,81" machi="64" ten="40,12000,2" yaku="1,1,2,1,9,1,52,2,53,2" doraHai="76" doraHaiUra="79" who="3" fromWho="0" sc="212,-120,276,0,266,0,236,130" /><INIT seed="7,0,0,4,3,116" ten="92,276,266,366" oya="3" hai0="47,12,113,36,5,123,86,79,68,35,108,11,28" hai1="15,106,49,67,24,66,127,115,25,90,20,57,56" hai2="72,69,78,114,31,41,10,22,52,117,101,54,134" hai3="13,94,53,87,95,100,122,83,63,1,91,110,29"/><W40/><G122/><T112/><D123/><U129/><E106/><V16/><F117/><W107/><G1/><T27/><D86/><U23/><E115/><V71/><F101/><W74/><G40/><T0/><D79/><U121/><E121/><V38/><F31/><W132/><G29/><T97/><D97/><U126/><E15/><V50/><F38/><W48/><G63/><T7/><D68/><U92/><E129/><V3/><F71/><W59/><G132/><T118/><D118/><U62/><E49/><V131/><F69/><W17/><G110/><T125/><D47/><U61/><E92/><V55/><F114/><N who="0" m="44138" /><D36/><U119/><E119/><V2/><F134/><W9/><G74/><T85/><D85/><U89/><E126/><V124/><F124/><W30/><G30/><T14/><D125/><U120/><E120/><V88/><F131/><W37/><G37/><T96/><D96/><U18/><E127/><V60/><F60/><W42/><G42/><T4/><D108/><U73/><E73/><V33/><F33/><W45/><G59/><T19/><D12/><U104/><E104/><V128/><F128/><W111/><G111/><T75/><D75/><U8/><E8/><V70/><F10/><W130/><G130/><T105/><D105/><U84/><E84/><V77/><F70/><W46/><G46/><T6/><N who="0" m="1024" /><DORA hai="98" /><T26/><D27/><U51/><E51/><V82/><F78/><W135/><G107/><T58/><D58/><U103/><E103/><V21/><F72/><W39/><G39/><T76/><D76/><U133/><E133/><RYUUKYOKU ba="0,0" sc="92,15,276,15,266,-15,366,-15" hai0="0,11,14,19,26,28,35" hai1="18,20,23,24,25,56,57,61,62,66,67,89,90" owari="107,-39.0,291,9.0,251,-15.0,351,45.0" /></mjloggm>