<mjloggm ver="2.3"><GO type="169" lobby="0"/><UN n0="%E3%81%B8%E3%82%80%E3%81%B8%E3%82%80%EF%BC%92%E5%8F%B7" n1="%E3%82%82%E3%81%93%E3%81%BF" n2="%E3%82%86%E3%82%8B%E3%81%B5%E3%82%8F" n3="%74%6E%66%73%68%32%30%34" dan="17,16,16,17" rate="2152.01,2101.77,2102.93,2199.89" sx="M,M,M,M"/><TAIKYOKU oya="0"/><INIT seed="0,0,0,4,4,65" ten="250,250,250,250" oya="0" hai0="54,82,1,22,121,106,14,128,119,57,47,79,20" hai1="15,17,80,16,93,75,36,112,90,123,72,74,76" hai2="35,102,87,2,63,28,70,51,50,64,12,60,99" hai3="30,53,58,124,89,95,19,13,24,66,125,92,91"/><T56/><D119/><U0/><E123/><V84/><F2/><W38/><G38/><T113/><D121/><U33/><E0/><V71/><F12/><W55/><G66/><T130/><D113/><U96/><E112/><V117/><F117/><W21/><G95/><T109/><D109/><U78/><E36/><V77/><F77/><W131/><G131/><N who="0" m="50219" /><D1/><U97/><E33/><V48/><F35/><W101/><G101/><T42/><D106/><U3/><E3/><V68/><F28/><W8/><G91/><T114/><D14/><U94/><E17/><V85/><F64/><W40/><G40/><T37/><D114/><U116/><E116/><V32/><F32/><W115/><G115/><T9/><D9/><U129/><E129/><V29/><F29/><W105/><G105/><AGARI ba="0,0" hai="48,50,51,60,63,68,70,71,84,85,87,99,102,105" machi="105" ten="50,8000,1" yaku="29,2,52,3" doraHai="65" who="2" fromWho="3" sc="250,0,250,0,250,80,250,-80" /><INIT seed="1,0,0,3,5,26" ten="250,250,330,170" oya="1" hai0="60,30,63,3,52,20,33,97,132,135,24,22,127" hai1="94,47,123,46,117,76,34,100,32,31,124,77,115" hai2="11,128,4,95,119,126,13,38,42,79,86,23,1" hai3="50,28,49,8,64,65,12,98,2,25,37,106,14"/><U99/><E115/><V78/><F119/><W93/><G37/><T118/><D127/><U5/><E123/><V113/><F126/><W27/><G106/><T9/><D118/><U21/><E124/><V41/><F128/><W80/><G80/><T103/><D3/><U108/><E117/><V45/><F113/><W120/><G120/><T88/><D9/><U74/><E5/><V67/><F67/><W105/><G105/><T43/><D43/><N who="2" m="16394" /><F1/><W83/><G83/><T53/><D63/><U10/><E10/><V125/><F45/><N who="1" m="16905" /><E34/><V40/><F40/><W84/><G2/><T51/><D60/><U134/><E32/><V90/><F38/><W109/><G84/><T16/><D51/><U110/><E74/><V75/><F75/><W131/><G8/><T92/><D103/><U56/><E56/><V17/><F125/><W7/><G7/><T68/><D68/><U114/><E134/><N who="0" m="51241" /><D33/><U82/><E82/><V85/><F85/><W57/><G57/><T66/><D66/><U101/><E101/><V87/><F87/><W18/><G65/><T71/><D71/><U129/><E129/><V96/><F86/><W91/><G64/><T62/><D62/><U121/><E121/><V61/><F61/><W89/><G131/><T44/><D44/><U72/><E72/><V102/><F102/><W59/><G59/><T36/><D36/><U0/><E0/><V29/><F4/><W81/><G50/><T112/><D112/><U70/><E70/><V6/><F6/><W54/><G49/><T122/><D122/><U111/><E114/><V19/><F11/><RYUUKYOKU ba="0,0" sc="250,15,250,15,330,-15,170,-15" hai0="16,20,22,24,30,52,53,88,92,97" hai1="21,31,76,77,94,99,100,108,110,111" /><INIT seed="1,1,0,4,1,100" ten="265,265,315,155" oya="1" hai0="92,80,104,47,5,69,86,93,113,134,59,98,85" hai1="127,70,20,25,75,101,121,31,57,96,2,6,99" hai2="109,83,53,37,112,21,111,71,73,17,0,114,110" hai3="106,34,120,68,39,43,130,89,82,108,107,97,65"/><U23/><E127/><V33/><F71/><W76/><G120/><T7/><D69/><U72/><E121/><V119/><F37/><W66/><G34/><T52/><D113/><N who="2" m="43626" /><F53/><W4/><G4/><T8/><D134/><U124/><E124/><V41/><F41/><W84/><G108/><T87/><D47/><U95/><E70/><V60/><F60/><W51/><G39/><T131/><D80/><U79/><E79/><V56/><F56/><W122/><G122/><T45/><D45/><U77/><E77/><V64/><F64/><W18/><G130/><T10/><D131/><U116/><E116/><V63/><F63/><W15/><G68/><T35/><D35/><U54/><E23/><V28/><F83/><W26/><G26/><T1/><D104/><U67/><E67/><V90/><F90/><W118/><G118/><T74/><D74/><U128/><E128/><V126/><F73/><W30/><G30/><T88/><D93/><U105/><E6/><N who="0" m="2057" /><D1/><U19/><E31/><V38/><F38/><W102/><G76/><T115/><D115/><U11/><E11/><V16/><F126/><W94/><G66/><T61/><AGARI ba="1,0" hai="8,10,52,59,61,85,86,87,88,92,98" m="2057" machi="61" ten="30,4000,0" yaku="8,1,54,2" doraHai="100" who="0" fromWho="0" sc="265,43,265,-21,315,-11,155,-11" /><INIT seed="2,0,0,4,3,14" ten="308,244,304,144" oya="2" hai0="34,2,89,54,24,80,134,15,62,69,33,76,129" hai1="49,9,118,42,51,122,13,63,117,53,27,114,77" hai2="97,92,58,101,7,16,30,87,37,102,103,93,23" hai3="20,11,91,66,22,113,116,45,47,21,88,41,119"/><V60/><F37/><W38/><G113/><T59/><D134/><U32/><E114/><V135/><F135/><W127/><G127/><T95/><D129/><U26/><E122/><V133/><F133/><W57/><G47/><T46/><D2/><U75/><E75/><V44/><F7/><W25/><G25/><T6/><D69/><U82/><E117/><V83/><F30/><W72/><G72/><T106/><D46/><U94/><E94/><V18/><F44/><W43/><G43/><T39/><D106/><U12/><E12/><V52/><F93/><W107/><G107/><T131/><D39/><U128/><E128/><V105/><F105/><W50/><G11/><T61/><D61/><U85/><E42/><V123/><F123/><W98/><G98/><T111/><D111/><U86/><E86/><V104/><F104/><W4/><G4/><T17/><D6/><N who="1" m="3255" /><E32/><V36/><F36/><W8/><G8/><N who="0" m="6375" /><D24/><N who="1" m="9259" /><E118/><V48/><F23/><W132/><G132/><T108/><D108/><U28/><E28/><V74/><F74/><W121/><G121/><T64/><D131/><U56/><AGARI ba="0,0" hai="49,51,53,56,63,77,82,85" m="9259,3255" machi="56" ten="30,1100,0" yaku="8,1" doraHai="14" who="1" fromWho="1" sc="308,-3,244,11,304,-5,144,-3" /><INIT seed="3,0,0,0,1,63" ten="305,255,299,141" oya="3" hai0="38,51,8,97,4,48,40,94,135,103,3,12,91" hai1="17,54,18,128,72,10,74,119,124,112,70,45,69" hai2="79,84,59,80,117,90,67,62,102,133,24,87,101" hai3="50,121,41,71,96,14,66,30,37,77,21,19,86"/><W82/><G121/><T49/><D135/><U9/><E112/><V73/><F117/><W115/><G115/><T108/><D108/><U42/><E119/><V33/><F133/><W65/><G71/><T22/><D22/><U116/><E116/><V93/><F33/><W88/><G37/><T120/><D120/><U44/><E54/><V56/><F73/><W122/><G122/><T26/><D26/><U25/><E25/><V36/><F36/><W34/><G34/><T92/><D38/><U43/><REACH who="1" step="1"/><E128/><REACH who="1" ten="305,245,299,141" step="2"/><V7/><F24/><W28/><G28/><T100/><D40/><U75/><E75/><V58/><REACH who="2" step="1"/><F7/><REACH who="2" ten="305,245,289,141" step="2"/><W105/><G30/><T23/><D4/><U104/><E104/><V111/><F111/><W129/><G129/><T2/><D2/><U89/><E89/><V47/><F47/><N who="3" m="25967" /><G105/><T20/><D3/><U130/><E130/><V83/><F83/><W131/><G131/><T126/><D91/><U60/><E60/><V46/><F46/><W39/><G39/><T78/><D103/><AGARI ba="0,2" hai="56,58,59,62,67,79,80,84,87,90,93,101,102,103" machi="103" ten="40,5200,0" yaku="1,1,8,1,52,1,53,0" doraHai="63" doraHaiUra="1" who="2" fromWho="0" sc="305,-52,245,0,289,72,141,0" /><INIT seed="4,0,0,0,4,8" ten="253,245,361,141" oya="0" hai0="6,52,53,50,45,111,110,91,101,7,9,115,120" hai1="43,134,68,72,37,75,24,122,112,19,105,3,58" hai2="25,71,128,124,34,35,26,126,13,132,4,28,84" hai3="40,114,18,70,30,74,133,109,0,51,31,15,47"/><T55/><D120/><U107/><E58/><V2/><F71/><W10/><G109/><N who="0" m="41483" /><D101/><U23/><E122/><V82/><F2/><W65/><G114/><T116/><D116/><U129/><E68/><V89/><F132/><W54/><G133/><T93/><D115/><U79/><E134/><V118/><F128/><W21/><G74/><T11/><D91/><U66/><E66/><V59/><F59/><W113/><G113/><T130/><D93/><U67/><E67/><V87/><F87/><W98/><G98/><T135/><D130/><U97/><E112/><V108/><F108/><W48/><G0/><N who="0" m="199" /><D135/><U46/><E3/><AGARI ba="0,0" hai="3,7,11,45,50,52,53,55" m="199,41483" machi="3" ten="30,2900,0" yaku="10,1,54,1" doraHai="8" who="0" fromWho="1" sc="253,29,245,-29,361,0,141,0" /><INIT seed="4,1,0,1,3,90" ten="282,216,361,141" oya="0" hai0="38,101,40,106,24,23,116,67,76,62,11,107,17" hai1="96,56,20,78,80,55,88,91,14,111,115,30,105" hai2="113,103,74,60,25,27,118,112,124,130,69,108,94" hai3="15,125,100,32,52,34,4,54,85,68,135,95,21"/><T79/><D116/><U131/><E131/><V102/><F108/><W13/><G68/><T123/><D123/><U83/><E111/><V58/><F118/><W129/><G129/><T51/><D38/><U49/><E115/><N who="2" m="44107" /><F69/><W120/><G120/><T81/><D11/><U53/><E105/><V33/><F74/><W35/><G135/><T128/><D128/><U122/><E122/><V75/><F75/><W99/><G125/><T59/><D101/><U8/><E78/><V50/><F50/><W133/><G133/><T73/><REACH who="0" step="1"/><D79/><REACH who="0" ten="272,216,361,141" step="2"/><U97/><E8/><V71/><F103/><W119/><G119/><T127/><D127/><U89/><E97/><V46/><F130/><W2/><G2/><T41/><D41/><U70/><E96/><V86/><F102/><W65/><G4/><T12/><D12/><U57/><E14/><V92/><F124/><W43/><G43/><T1/><D1/><U47/><E80/><V82/><F82/><W63/><G13/><T66/><D66/><U28/><E83/><V22/><F22/><W121/><G121/><T104/><D104/><U48/><E20/><V44/><F33/><W26/><G15/><T93/><D93/><U45/><REACH who="1" step="1"/><E70/><REACH who="1" ten="272,206,361,141" step="2"/><V109/><F71/><W16/><REACH who="3" step="1"/><G85/><REACH who="3" ten="272,206,361,131" step="2"/><T64/><D64/><U9/><E9/><V126/><F86/><W29/><G29/><AGARI ba="1,3" hai="28,29,30,45,47,48,49,53,55,56,57,88,89,91" machi="29" ten="40,8000,1" yaku="1,1,9,1,8,1,54,1,53,0" doraHai="90" doraHaiUra="0" who="1" fromWho="3" sc="272,0,206,113,361,0,131,-83" /><INIT seed="5,0,0,2,3,81" ten="272,319,361,48" oya="1" hai0="69,84,40,53,117,62,1,15,118,49,56,104,31" hai1="42,21,36,101,55,88,135,8,65,108,75,100,12" hai2="6,110,83,133,26,89,107,7,30,99,28,85,33" hai3="0,46,102,22,111,41,35,20,87,132,106,71,5"/><U92/><E135/><V13/><F110/><W54/><G111/><T66/><D104/><U45/><E108/><V109/><F109/><W24/><G132/><T3/><D31/><U23/><E75/><V91/><F133/><W44/><G71/><T105/><D105/><U11/><E65/><V122/><F122/><W67/><G67/><T131/><D131/><U123/><E123/><V70/><F70/><W29/><G0/><T97/><D97/><U80/><E80/><V96/><F107/><W61/><G5/><T73/><D73/><U57/><E100/><V114/><F13/><W103/><G106/><T119/><D15/><U38/><E101/><N who="3" m="38410" /><G35/><T50/><D84/><U27/><E36/><V9/><F33/><W116/><G116/><T79/><D79/><U121/><E121/><V51/><F51/><N who="3" m="27023" /><G20/><T58/><D40/><U64/><E64/><V98/><F9/><W95/><G61/><T112/><D112/><U4/><E8/><V134/><F134/><W76/><G76/><T43/><D43/><U94/><E94/><N who="2" m="56399" /><F114/><W74/><G74/><T18/><D3/><U32/><E32/><V52/><F7/><W126/><G126/><T16/><REACH who="0" step="1"/><D1/><REACH who="0" ten="262,319,361,48" step="2"/><U63/><E27/><V14/><F26/><W19/><G29/><T120/><D120/><U10/><E10/><N who="2" m="4439" /><F30/><W77/><G77/><T60/><D60/><U48/><E38/><V25/><F25/><W115/><G115/><T113/><D113/><U72/><E72/><V90/><F28/><W129/><G129/><T17/><D17/><U59/><E59/><V68/><F68/><W82/><G24/><RYUUKYOKU ba="0,1" sc="262,15,319,15,361,-15,48,-15" hai0="16,18,49,50,53,56,58,62,66,69,117,118,119" hai1="4,11,12,21,23,42,45,48,55,57,63,88,92" /><INIT seed="5,1,1,2,4,128" ten="277,334,346,33" oya="1" hai0="59,29,125,87,17,107,36,38,122,133,110,116,57" hai1="33,67,95,81,127,41,43,83,23,7,31,129,62" hai2="22,84,75,73,88,74,94,54,35,50,14,52,51" hai3="56,55,134,69,58,48,117,60,114,20,65,135,34"/><U30/><E129/><V99/><F35/><W76/><G34/><T102/><D116/><U64/><E33/><V63/><F63/><N who="3" m="40127" /><G76/><T61/><D122/><U108/><E127/><V21/><F99/><W103/><G103/><T118/><D118/><U130/><E130/><V39/><F39/><W82/><G82/><T68/><D110/><U72/><E7/><V37/><F37/><W123/><G20/><T11/><D29/><U79/><E108/><V19/><F22/><W24/><G24/><T119/><D119/><U0/><E0/><V28/><F28/><W26/><G26/><T16/><D125/><U121/><E121/><V124/><F124/><W25/><G25/><T89/><D68/><U66/><E62/><V44/><F74/><W5/><G5/><T131/><D131/><U13/><E83/><V98/><F98/><W96/><G96/><T9/><D102/><U3/><E3/><V132/><F132/><N who="3" m="50731" /><G117/><T120/><D133/><U42/><E95/><V1/><F1/><W104/><G104/><T40/><D107/><U93/><E93/><V126/><F126/><W2/><G2/><T32/><D32/><U45/><E31/><V47/><AGARI ba="1,1" hai="14,19,21,44,47,50,51,52,54,73,75,84,88,94" machi="47" ten="20,8000,1" yaku="0,1,7,1,9,1,54,2" doraHai="128" who="2" fromWho="2" sc="277,-21,334,-41,346,93,33,-21" /><INIT seed="6,0,0,1,2,124" ten="256,293,439,12" oya="2" hai0="17,119,84,52,110,89,96,16,57,94,18,39,14" hai1="38,113,2,41,75,54,132,109,73,40,93,97,28" hai2="36,48,127,25,70,56,12,85,71,125,20,134,42" hai3="111,88,103,0,44,129,1,81,112,104,118,95,65"/><V135/><F85/><W50/><G118/><T60/><D110/><U128/><E109/><V33/><F12/><W13/><G111/><T43/><D119/><U4/><E28/><V55/><F33/><W32/><G32/><T131/><D131/><U120/><E4/><V108/><F108/><W77/><G65/><T8/><D39/><U5/><E5/><V74/><F74/><W58/><G58/><T68/><D43/><U115/><E2/><V79/><F79/><W69/><G69/><N who="2" m="26121" /><F36/><W117/><G117/><T62/><D68/><U45/><E132/><N who="2" m="50731" /><F42/><W59/><G59/><N who="0" m="34919" /><D96/><U122/><E128/><V107/><F107/><W87/><G13/><T23/><D8/><U7/><E7/><V67/><F67/><AGARI ba="0,0" hai="14,16,17,18,23,57,62,67,84,89,94" m="34919" machi="67" ten="30,3900,0" yaku="8,1,54,2" doraHai="124" who="0" fromWho="2" sc="256,39,293,0,439,-39,12,0" /><INIT seed="7,0,0,1,5,11" ten="295,293,400,12" oya="3" hai0="61,92,127,104,105,135,25,94,117,108,39,29,102" hai1="66,96,123,131,44,81,27,56,93,62,13,31,116" hai2="71,103,54,23,129,30,91,111,19,68,2,97,69" hai3="33,9,75,114,121,64,12,132,130,112,82,107,36"/><W88/><G121/><T59/><D117/><U119/><E131/><V89/><F111/><W42/><G130/><T72/><D108/><U26/><E123/><V77/><F89/><W85/><G33/><T120/><D120/><U73/><E44/><V43/><F91/><W45/><G107/><T58/><D72/><U28/><E73/><V20/><F20/><W0/><G132/><T57/><D135/><U87/><E13/><V74/><F23/><W15/><G64/><T21/><D127/><U34/><E87/><V7/><F19/><W18/><G75/><T4/><D39/><U35/><E81/><V65/><F30/><W37/><G37/><T52/><D4/><U17/><E17/><V40/><F71/><W53/><G53/><T98/><D94/><U83/><E83/><V100/><F69/><W90/><G90/><AGARI ba="0,0" hai="26,27,28,31,34,35,56,62,66,90,93,96,116,119" machi="90" ten="40,1300,0" yaku="9,1" doraHai="11" who="1" fromWho="3" sc="295,0,293,13,400,0,12,-13" owari="295,-10.0,306,11.0,400,49.0,-1,-50.0" /></mjloggm>