<mjloggm ver="2.3"><GO type="185" lobby="0"/><UN n0="%E3%81%91%E3%82%93%E3%81%97%E3%82%8D%E3%83%BC%E3%83%BC%E3%82%8D" n1="%E3%83%A2%E3%83%B3%E3%82%B9%E3%82%BF%E3%83%BC%EF%BC%95" n2="%E5%8C%97%E5%B0%8F%E8%B7%AF%3A%E9%9A%86%E5%A4%AA" n3="" dan="16,16,16,0" rate="2054.26,2156.67,2219.86,1500.00" sx="M,M,M,C"/><TAIKYOKU oya="0"/><INIT seed="0,0,0,2,5,71" ten="350,350,350,0" oya="0" hai0="62,1,72,55,52,69,78,56,49,104,88,76,81" hai1="100,97,116,91,33,111,73,131,132,95,54,90,68" hai2="127,51,83,41,40,2,59,75,46,114,92,121,42" hai3=""/><T36/><D1/><U128/><E33/><V106/><N who="2" m="31008" /><V124/><F106/><T86/><D104/><U98/><E68/><V3/><F114/><T113/><D113/><U74/><E116/><V70/><F70/><T101/><D101/><U96/><E54/><V60/><F2/><T32/><D32/><U64/><E64/><V99/><F3/><T103/><D103/><U57/><E57/><V123/><N who="2" m="31520" /><V53/><F83/><T120/><N who="0" m="30752" /><T84/><D36/><U112/><E132/><V61/><F75/><N who="1" m="28681" /><E111/><V85/><F85/><T126/><D126/><N who="2" m="48170" /><F92/><T58/><D78/><U129/><E112/><V34/><F99/><AGARI ba="0,0" hai="90,91,95,96,97,98,99,100,128,129,131" m="28681" machi="99" ten="40,5200,0" yaku="19,1,34,2" doraHai="71" who="1" fromWho="2" sc="350,0,350,52,350,-52,0,0" /><INIT seed="1,0,0,4,0,75" ten="350,402,298,0" oya="1" hai0="109,89,102,56,133,122,101,83,61,66,35,53,104" hai1="129,108,39,3,120,106,63,57,34,60,59,85,116" hai2="68,90,87,42,72,111,58,52,67,91,73,130,112" hai3=""/><U121/><N who="1" m="30752" /><U51/><N who="1" m="31008" /><U50/><E3/><V71/><F112/><T64/><N who="0" m="31264" /><T125/><D109/><U107/><E34/><V98/><F111/><T49/><D133/><U86/><E108/><V76/><F130/><T40/><D125/><U128/><REACH who="1" step="1"/><E39/><REACH who="1" ten="350,392,298,0" step="2"/><V54/><F71/><T46/><D35/><U77/><E77/><V123/><F68/><T65/><D104/><U119/><AGARI ba="0,1" hai="50,51,57,59,60,63,85,86,106,107,116,119,128,129" m="31008,30752" machi="119" ten="25,12000,2" yaku="1,1,0,1,22,2,52,2,53,0" doraHai="75" doraHaiUra="131" who="1" fromWho="1" sc="350,-60,392,130,298,-60,0,0" /><INIT seed="1,1,0,3,2,50" ten="290,522,238,0" oya="1" hai0="92,113,65,77,60,70,110,76,81,124,68,111,134" hai1="51,64,36,106,69,135,117,74,40,44,129,2,54" hai2="38,132,96,0,34,119,99,32,108,71,79,1,120" hai3=""/><U127/><RYUUKYOKU type="yao9" ba="1,0" sc="290,0,522,0,238,0,0,0" hai1="2,36,40,44,51,54,64,69,74,106,117,127,129,135" /><INIT seed="1,2,0,2,0,74" ten="290,522,238,0" oya="1" hai0="111,121,119,67,128,123,52,36,82,129,69,113,114" hai1="95,110,108,104,3,41,100,125,132,68,84,48,98" hai2="53,61,49,2,85,42,1,35,96,118,87,107,131" hai3=""/><U32/><E3/><V103/><F35/><T94/><N who="0" m="31008" /><T92/><N who="0" m="31520" /><T65/><D119/><U127/><E32/><V66/><F118/><T90/><D111/><N who="1" m="42539" /><E68/><V102/><F131/><N who="0" m="50250" /><D36/><U43/><E132/><V124/><F124/><N who="1" m="47689" /><E48/><V120/><N who="2" m="30752" /><V56/><F42/><N who="1" m="15881" /><E84/><V77/><F103/><T115/><D69/><U93/><AGARI ba="2,0" hai="93,95,98,100,104" m="15881,47689,42539" machi="93" ten="40,5200,0" yaku="14,1,10,1,18,1" doraHai="74" who="1" fromWho="1" sc="290,-28,522,56,238,-28,0,0" /><INIT seed="1,3,0,2,4,119" ten="262,578,210,0" oya="1" hai0="55,2,77,122,72,111,42,90,117,46,81,32,93" hai1="125,79,65,108,107,131,128,104,87,71,3,110,78" hai2="73,98,70,64,102,66,83,53,34,68,109,63,38" hai3=""/><U126/><E3/><V91/><F34/><T97/><N who="0" m="31264" /><T99/><D117/><U37/><E37/><V101/><F38/><T113/><D2/><U94/><E71/><V1/><F1/><T41/><D113/><U114/><E65/><V92/><F109/><N who="1" m="42089" /><E114/><V67/><F73/><T62/><D111/><U105/><E94/><V58/><REACH who="2" step="1"/><F83/><REACH who="2" ten="262,578,200,0" step="2"/><T103/><D32/><U96/><E79/><V54/><F54/><T88/><D81/><U44/><E44/><V121/><N who="2" m="31008" /><V120/><N who="2" m="30752" /><V80/><F80/><T130/><D77/><U56/><E78/><V60/><F60/><T89/><D72/><U115/><E115/><V51/><F51/><T134/><D62/><U40/><E40/><V82/><F82/><T49/><D42/><U59/><E125/><V100/><AGARI ba="3,1" hai="53,58,63,64,66,67,68,70,91,92,98,100,101,102" m="30752,31008" machi="100" ten="30,9000,2" yaku="1,1,0,1,52,4,53,1" doraHai="119" doraHaiUra="57" who="2" fromWho="2" sc="262,-33,578,-63,200,106,0,0" /><INIT seed="2,0,0,2,4,0" ten="229,515,306,0" oya="2" hai0="85,127,34,93,62,117,48,84,133,33,91,77,96" hai1="103,71,87,38,122,83,35,51,114,118,68,126,80" hai2="106,104,129,41,81,82,99,3,111,92,100,88,86" hai3=""/><V52/><F3/><T49/><D117/><U2/><E103/><V76/><F129/><T113/><D113/><U102/><E102/><V78/><F111/><T105/><D127/><U130/><E51/><V107/><F41/><T67/><D133/><U125/><E87/><V64/><F52/><T109/><D109/><U116/><E38/><V43/><F64/><T60/><D85/><U120/><E130/><V74/><F43/><T115/><D62/><U47/><E47/><V73/><AGARI ba="0,0" hai="73,74,76,78,81,82,86,88,92,99,100,104,106,107" machi="73" ten="20,24000,4" yaku="0,1,7,1,9,1,24,2,35,6,54,1" doraHai="0" who="2" fromWho="2" sc="229,-120,515,-120,306,240,0,0" /><INIT seed="2,1,0,5,4,34" ten="109,395,546,0" oya="2" hai0="66,96,54,98,76,51,111,99,49,33,57,84,46" hai1="55,39,77,120,43,89,62,123,90,67,53,134,122" hai2="36,52,133,40,69,44,92,65,47,78,32,105,64" hai3=""/><V101/><F32/><T63/><D33/><U83/><N who="1" m="30752" /><U79/><N who="1" m="31264" /><U102/><N who="1" m="31520" /><U72/><E102/><V82/><F133/><T35/><D35/><U126/><E134/><V60/><F64/><T108/><D76/><U70/><E79/><V42/><F105/><T107/><D107/><U48/><E126/><V124/><F124/><T135/><D135/><U110/><E110/><N who="0" m="42025" /><D84/><U74/><E74/><V85/><F101/><T103/><D103/><U104/><E104/><V114/><F114/><T56/><D49/><U106/><E106/><V117/><F117/><T112/><D112/><U37/><E37/><V91/><F52/><T86/><D86/><U129/><E129/><V93/><REACH who="2" step="1"/><F78/><REACH who="2" ten="109,395,536,0" step="2"/><T61/><D61/><U121/><N who="1" m="31008" /><U38/><E55/><V97/><F97/><T125/><D125/><U71/><E53/><V45/><F45/><AGARI ba="1,1" hai="45,46,51,54,56,57,63,66,96,98,99" m="42025" machi="45" ten="30,1000,0" yaku="14,1" doraHai="34" who="0" fromWho="2" sc="109,22,395,0,536,-12,0,0" /><INIT seed="4,0,0,5,5,106" ten="131,395,524,0" oya="0" hai0="128,107,130,114,70,34,66,97,89,57,45,32,120" hai1="84,125,117,52,124,72,113,58,48,91,87,86,74" hai2="80,40,68,63,83,0,36,95,33,88,38,54,85" hai3=""/><T132/><N who="0" m="30752" /><T62/><D114/><U55/><E113/><V41/><F0/><T51/><D132/><U119/><E91/><V99/><F33/><T129/><D70/><U110/><E110/><V96/><F96/><T108/><D108/><U39/><E39/><V67/><F83/><T77/><D77/><U50/><E58/><V134/><F134/><T133/><D133/><U126/><E48/><V121/><N who="2" m="31008" /><V131/><F131/><T111/><D111/><U105/><E50/><V104/><F104/><T101/><REACH who="0" step="1"/><D89/><REACH who="0" ten="121,395,524,0" step="2"/><U60/><E105/><V37/><REACH who="2" step="1"/><F54/><AGARI ba="0,1" hai="32,34,45,51,54,57,62,66,97,101,107,128,129,130" m="30752" machi="54" ten="40,12000,1" yaku="1,1,2,1,19,1,52,1,53,1" doraHai="106" doraHaiUra="53" who="0" fromWho="2" sc="121,130,395,0,524,-120,0,0" /><INIT seed="4,1,0,1,2,50" ten="251,395,404,0" oya="0" hai0="55,133,45,126,49,116,82,66,99,51,125,48,34" hai1="74,76,120,70,129,62,103,37,43,100,84,127,88" hai2="83,35,41,78,93,57,61,92,134,98,73,69,96" hai3=""/><T105/><D116/><U67/><N who="1" m="30752" /><U2/><E2/><V91/><F35/><T113/><D34/><U106/><E127/><N who="0" m="48649" /><D113/><U114/><E114/><V81/><F134/><T87/><D133/><U122/><N who="1" m="31264" /><U94/><E129/><V3/><F3/><T104/><D66/><U40/><E37/><V130/><F130/><T90/><D99/><U72/><E72/><V1/><F69/><T68/><D68/><U128/><E128/><V75/><F41/><T85/><D85/><U124/><E124/><V107/><F107/><AGARI ba="1,0" hai="45,48,49,51,55,82,87,90,104,105,107" m="48649" machi="107" ten="30,2900,0" yaku="18,1,52,1" doraHai="50" who="0" fromWho="2" sc="251,31,395,0,404,-31,0,0" /><INIT seed="4,2,0,5,3,0" ten="282,395,373,0" oya="0" hai0="107,34,86,72,111,42,106,38,104,116,82,60,57" hai1="134,77,91,70,80,125,101,69,120,99,53,37,79" hai2="46,71,59,81,119,56,51,133,89,100,2,122,94" hai3=""/><T73/><D116/><U85/><N who="1" m="30752" /><U109/><E109/><V64/><N who="2" m="31264" /><V49/><F2/><T118/><D111/><U102/><E37/><V96/><F119/><T55/><D118/><U47/><E134/><V1/><F1/><T87/><D87/><U90/><E125/><V76/><F133/><T66/><D34/><U40/><E40/><V84/><F51/><T74/><D38/><U128/><E128/><V78/><F71/><T36/><D36/><U48/><E70/><V93/><F64/><T114/><D114/><U32/><E32/><V92/><F76/><N who="1" m="29257" /><E69/><V43/><REACH who="2" step="1"/><F94/><AGARI ba="2,0" hai="47,48,53,80,85,90,91,94,99,101,102" m="29257,30752" machi="94" ten="30,2000,0" yaku="8,1,52,1" doraHai="0" who="1" fromWho="2" sc="282,0,395,24,373,-24,0,0" /><INIT seed="5,0,0,1,1,55" ten="282,419,349,0" oya="1" hai0="109,88,66,108,80,81,121,133,79,93,92,125,110" hai1="68,94,36,34,44,59,135,101,87,84,91,43,105" hai2="76,102,130,75,35,83,38,106,58,67,107,117,126" hai3=""/><U65/><E34/><V127/><F35/><T33/><N who="0" m="31008" /><T132/><D33/><U53/><E135/><N who="0" m="51785" /><D66/><U51/><E105/><V118/><F38/><T61/><D61/><U40/><E101/><V114/><F58/><T134/><N who="0" m="51793" /><T32/><DORA hai="116" /><D32/><U120/><N who="1" m="30752" /><U69/><E43/><V119/><F67/><T46/><D46/><U104/><E104/><N who="2" m="39979" /><F130/><T56/><D56/><U50/><E50/><V74/><F102/><T123/><N who="0" m="31520" /><T90/><D125/><N who="2" m="47626" /><F114/><T97/><D79/><U113/><E113/><V129/><F129/><T41/><D41/><U45/><E45/><V98/><F98/><AGARI ba="0,0" hai="80,81,88,90,92,93,97,98,108,109,110" m="31520,51793,31008" machi="98" ten="50,16000,3" yaku="20,1,34,2,52,4,54,1" doraHai="55,116" who="0" fromWho="2" sc="282,160,419,0,349,-160,0,0" /><INIT seed="6,0,0,1,4,93" ten="442,419,189,0" oya="2" hai0="64,81,43,78,37,58,125,112,117,65,88,127,77" hai1="97,131,0,128,122,54,68,45,105,69,96,133,135" hai2="55,119,79,108,56,116,114,3,62,87,120,85,80" hai3=""/><V38/><N who="2" m="30752" /><V74/><F3/><T34/><D34/><U84/><N who="1" m="31264" /><U90/><E0/><V47/><F108/><T83/><D112/><U49/><E105/><V59/><F114/><T52/><D117/><U67/><E67/><N who="0" m="25673" /><D43/><U75/><E75/><V35/><F35/><T72/><D37/><U123/><N who="1" m="31520" /><U134/><E84/><V39/><F56/><T44/><D44/><U66/><E90/><V57/><F57/><T51/><D88/><U98/><E66/><V121/><N who="2" m="31008" /><V70/><F70/><AGARI ba="0,0" hai="45,49,54,68,69,70,96,97,98,128,131,133,134,135" m="31520,31264" machi="70" ten="50,12000,2" yaku="20,1,52,5" doraHai="93" who="1" fromWho="2" sc="442,0,419,120,189,-120,0,0" owari="442,4.0,539,49.0,69,-53.0,0,0.0" /></mjloggm>