<mjloggm ver="2.3"><GO type="169" lobby="0"/><UN n0="%66%69%63%74%69%6F%6E" n1="%E3%81%B2%E3%81%94%E3%82%93%E3%81%9F" n2="%E8%9B%99%E7%8E%8B%E5%9B%BD%E9%9D%A9%E5%91%BD%E8%BB%8D" n3="%76%61%6C%6B%79%72%69%65" dan="16,16,16,16" rate="2031.12,2140.62,2156.13,2179.04" sx="M,M,M,F"/><TAIKYOKU oya="0"/><INIT seed="0,0,0,0,1,17" ten="250,250,250,250" oya="0" hai0="75,106,60,67,90,15,57,103,87,123,81,86,20" hai1="39,55,110,61,5,51,127,45,66,72,111,84,105" hai2="8,91,117,83,116,53,78,42,130,88,79,96,113" hai3="43,120,40,62,24,37,107,93,132,133,54,98,89"/><T58/><D123/><U28/><E72/><V3/><F42/><W118/><G118/><N who="2" m="45673" /><F113/><W29/><G120/><T97/><D75/><U36/><E105/><V56/><F130/><W14/><G107/><T115/><D115/><U47/><E5/><N who="2" m="1087" /><F96/><W73/><G73/><T23/><D15/><U114/><E84/><N who="2" m="48247" /><F79/><W21/><G14/><T94/><REACH who="0" step="1"/><D58/><REACH who="0" ten="240,250,250,250" step="2"/><N who="1" m="33151" /><E114/><V10/><F10/><W129/><G129/><T33/><D33/><U121/><E121/><V124/><F124/><W13/><G13/><T31/><D31/><U9/><E28/><V27/><F27/><W70/><G24/><T26/><D26/><U19/><E127/><V35/><F35/><W22/><G29/><T122/><D122/><U125/><E125/><V30/><F30/><W77/><G70/><T126/><D126/><U12/><E47/><V131/><F131/><W59/><G59/><T99/><D99/><U7/><E45/><V109/><F109/><N who="1" m="41481" /><E7/><V100/><F100/><W16/><G98/><T63/><D63/><AGARI ba="0,1" hai="53,56,63,88,91" m="48247,1087,45673" machi="63" ten="30,2000,0" yaku="12,1,54,1" doraHai="17" who="2" fromWho="0" sc="240,-20,250,0,250,30,250,0" /><INIT seed="1,0,0,4,0,117" ten="220,250,280,250" oya="1" hai0="85,107,23,48,105,12,79,70,123,99,90,35,114" hai1="72,58,111,51,13,133,81,7,43,15,98,78,71" hai2="80,39,59,63,128,127,87,46,134,75,120,26,30" hai3="50,102,76,116,131,82,19,68,97,69,104,83,84"/><U22/><E133/><V36/><F75/><W53/><G116/><T14/><D35/><U135/><E71/><V132/><F127/><W33/><G131/><T44/><D114/><U106/><E135/><N who="2" m="51755" /><F128/><W45/><G33/><T67/><D79/><U56/><E111/><V74/><F74/><W49/><G19/><T73/><D73/><U57/><E106/><V92/><F92/><W108/><G108/><T109/><D109/><U25/><E98/><V122/><F80/><W93/><G83/><T8/><D23/><U1/><E1/><V60/><F87/><W95/><G95/><T41/><D14/><U21/><E7/><V37/><F46/><W124/><G124/><T66/><D70/><U129/><E129/><V110/><F110/><W34/><G34/><T24/><D24/><U20/><REACH who="1" step="1"/><E25/><REACH who="1" ten="220,240,280,250" step="2"/><V65/><F26/><W125/><G125/><T118/><D107/><U94/><E94/><V119/><F119/><W64/><G104/><T28/><D118/><U2/><E2/><V54/><F30/><W126/><G126/><T29/><D105/><U91/><E91/><V130/><F130/><W77/><G69/><AGARI ba="0,1" hai="36,37,39,54,59,60,63,65,69,120,122" m="51755" machi="69" ten="40,8000,1" yaku="20,1,34,2,52,2" doraHai="117" who="2" fromWho="3" sc="220,0,240,0,280,90,250,-80" /><INIT seed="2,0,0,1,3,52" ten="220,240,370,170" oya="2" hai0="2,134,73,112,114,127,61,67,72,100,97,65,64" hai1="31,76,7,33,55,90,40,42,48,23,5,25,96" hai2="50,16,46,39,28,121,118,49,131,41,56,32,68" hai3="125,14,115,95,47,129,81,20,36,60,109,12,113"/><V88/><F68/><W106/><G106/><T66/><D127/><U62/><E76/><V83/><F118/><W94/><G125/><T17/><D134/><U104/><E33/><V59/><F121/><W11/><G109/><T126/><D126/><U54/><E104/><V128/><F28/><W26/><G129/><N who="2" m="49737" /><F32/><W78/><G60/><T108/><D108/><U38/><E38/><V130/><N who="2" m="49745" /><V37/><DORA hai="69" /><F16/><N who="3" m="12551" /><G47/><T1/><D17/><U8/><E5/><V13/><F13/><N who="3" m="5227" /><G11/><T107/><D72/><U24/><E24/><V19/><F19/><W35/><G35/><T91/><D73/><U98/><E8/><V85/><F49/><W9/><G9/><T117/><D117/><U77/><E7/><V18/><F18/><W116/><G116/><T119/><D119/><U105/><E105/><V102/><F102/><W34/><G34/><T135/><D135/><U71/><E77/><V10/><F10/><W87/><G36/><AGARI ba="0,0" hai="36,37,39,41,46,50,56,59,83,85,88" m="49745" machi="36" ten="40,18000,2" yaku="19,1,52,5,54,1" doraHai="52,69" who="2" fromWho="3" sc="220,0,240,0,370,180,170,-180" owari="220,-18.0,240,4.0,550,65.0,-10,-51.0" /></mjloggm>