<mjloggm ver="2.3"><GO type="169" lobby="0"/><UN n0="%53%2E%52" n1="%74%6E%66%73%68%32%30%34" n2="%E9%95%B7%E5%B2%A1" n3="%E5%B1%B1%E8%B6%8A" dan="16,17,16,17" rate="2128.20,2208.53,2080.82,2157.40" sx="M,M,M,M"/><TAIKYOKU oya="0"/><INIT seed="0,0,0,3,1,51" ten="250,250,250,250" oya="0" hai0="82,71,127,117,72,121,37,132,28,59,0,14,131" hai1="58,49,54,9,83,40,84,64,60,128,5,48,115" hai2="113,45,16,22,25,85,75,43,39,68,116,101,56" hai3="12,100,91,67,57,126,135,129,105,133,6,94,52"/><T119/><RYUUKYOKU type="yao9" ba="0,0" sc="250,0,250,0,250,0,250,0" hai0="0,14,28,37,59,71,72,82,117,119,121,127,131,132" /><INIT seed="0,1,0,1,5,74" ten="250,250,250,250" oya="0" hai0="135,100,46,9,63,129,50,75,17,42,127,2,49" hai1="94,45,101,77,112,51,132,28,56,39,78,68,70" hai2="105,66,16,59,85,117,32,40,122,95,31,98,69" hai3="24,55,111,43,91,5,88,6,131,90,19,80,121"/><T79/><D129/><U120/><E120/><V26/><F122/><W11/><G111/><T115/><D115/><U25/><E39/><V64/><F117/><W125/><G125/><T7/><D127/><U92/><E112/><V133/><F133/><W126/><G126/><T71/><D135/><U114/><E114/><V47/><F59/><W65/><G131/><T83/><D100/><U76/><E132/><V35/><F35/><W107/><G107/><T29/><D29/><U41/><E56/><V81/><F105/><W48/><G43/><T0/><D17/><U116/><E116/><V96/><F69/><W3/><G5/><T72/><D72/><U87/><E94/><V52/><F98/><W4/><G4/><T23/><D23/><U93/><E93/><V104/><F104/><W128/><G65/><N who="0" m="41407" /><D0/><U18/><E18/><V36/><F52/><W54/><G128/><T20/><D20/><U13/><E13/><V60/><F60/><W99/><G121/><T61/><D61/><U58/><E58/><V44/><F44/><W102/><G80/><T1/><D1/><U134/><E134/><V21/><F95/><W86/><G86/><T12/><D12/><U38/><E38/><AGARI ba="1,0" hai="2,7,9,38,42,46,49,50,75,79,83" m="41407" machi="38" ten="30,2900,0" yaku="25,1,52,1" doraHai="74" who="0" fromWho="1" sc="250,32,250,-32,250,0,250,0" /><INIT seed="0,2,0,5,5,26" ten="282,218,250,250" oya="0" hai0="104,31,41,16,47,10,18,56,93,48,34,55,84" hai1="117,43,127,27,53,113,81,32,14,57,52,17,100" hai2="135,39,88,33,129,7,89,11,69,59,107,36,121" hai3="9,25,22,90,46,87,95,30,1,119,76,68,62"/><T94/><D104/><U106/><E117/><V102/><F121/><W20/><G119/><T4/><D34/><U65/><E43/><V6/><F69/><W21/><G76/><T86/><D31/><U24/><E24/><V85/><F129/><W108/><G108/><T123/><D123/><U122/><E122/><V5/><F11/><W63/><G46/><T2/><D86/><U49/><E81/><V64/><F135/><W42/><G42/><T3/><D3/><U78/><E78/><V66/><F33/><W92/><G92/><T105/><D105/><U28/><E127/><V73/><F73/><W12/><G1/><T134/><D134/><U13/><E113/><V35/><F35/><W128/><G128/><T19/><REACH who="0" step="1"/><D84/><REACH who="0" ten="272,218,250,250" step="2"/><U83/><E28/><V70/><F85/><W103/><G30/><T111/><D111/><U109/><E32/><V51/><F107/><W125/><G87/><T72/><D72/><U29/><E29/><V124/><F124/><W8/><G125/><T82/><D82/><U61/><E83/><V54/><F102/><W133/><G103/><T112/><D112/><U15/><E109/><V40/><F89/><W130/><G90/><T80/><D80/><U37/><E100/><V126/><F126/><W132/><G132/><T44/><D44/><N who="1" m="27687" /><E106/><V23/><F88/><W115/><G115/><T58/><D58/><U0/><E0/><V91/><F91/><W96/><G133/><T101/><D101/><U114/><E114/><V131/><F131/><W79/><G130/><T116/><D116/><U45/><E45/><N who="2" m="23687" /><F59/><W71/><G79/><RYUUKYOKU ba="2,1" sc="272,30,218,-10,250,-10,250,-10" hai0="2,4,10,16,18,19,41,47,48,55,56,93,94" /><INIT seed="0,3,1,1,4,79" ten="302,208,240,240" oya="0" hai0="51,120,116,114,93,17,27,95,73,87,76,10,64" hai1="89,18,129,60,53,109,9,71,49,14,59,110,36" hai2="2,22,26,52,61,133,100,13,77,35,32,123,50" hai3="82,97,134,69,81,1,83,75,20,34,121,107,3"/><T24/><D120/><U15/><E36/><V11/><F123/><W135/><G34/><T23/><D116/><U105/><E105/><V106/><F133/><N who="3" m="50699" /><G121/><T33/><D114/><U101/><E101/><V96/><F2/><N who="3" m="523" /><G69/><T66/><D73/><U41/><E129/><V108/><F108/><N who="1" m="41577" /><E89/><V12/><F61/><W45/><G20/><N who="0" m="13327" /><D33/><U43/><E15/><V8/><F13/><W30/><G30/><N who="0" m="17791" /><D10/><U78/><E78/><V92/><F77/><N who="3" m="44223" /><G45/><T47/><D76/><U91/><E91/><V4/><F11/><W90/><G90/><N who="0" m="53471" /><D95/><U54/><E71/><V44/><REACH who="2" step="1"/><F106/><REACH who="2" ten="302,208,230,240" step="2"/><W16/><G16/><AGARI ba="3,2" hai="4,8,12,16,22,26,32,35,44,50,52,92,96,100" machi="16" ten="30,12000,2" yaku="1,1,2,1,7,1,54,2,53,1" doraHai="79" doraHaiUra="0" who="2" fromWho="3" sc="302,0,208,0,230,149,240,-129" /><INIT seed="1,0,0,5,4,51" ten="302,208,379,111" oya="1" hai0="106,40,89,115,60,123,121,129,98,81,36,20,76" hai1="108,133,125,10,83,99,7,105,86,92,68,96,53" hai2="37,63,9,84,75,50,33,93,19,103,113,77,132" hai3="82,31,116,109,69,21,134,38,62,30,87,124,111"/><U130/><E68/><V56/><F37/><W48/><G38/><T26/><D115/><U119/><E119/><V73/><F33/><W104/><G104/><T74/><D129/><U117/><E117/><V25/><F132/><W135/><G116/><T58/><D36/><U22/><E130/><V3/><F113/><W61/><G48/><T120/><D40/><U64/><E133/><N who="3" m="50698" /><G124/><T44/><D44/><U47/><E64/><V42/><F73/><W65/><G62/><T55/><D106/><U114/><E114/><V131/><F75/><W122/><G122/><T15/><D15/><N who="1" m="5599" /><E105/><V101/><F131/><W34/><G21/><T112/><D112/><U18/><E108/><N who="3" m="41546" /><G34/><T13/><D13/><N who="1" m="9551" /><E125/><V107/><F107/><W1/><G1/><T110/><D110/><U80/><E92/><V79/><F3/><W8/><G8/><T4/><D4/><U118/><E83/><V29/><F9/><W72/><G72/><T102/><D102/><U49/><E118/><V52/><F103/><W17/><G17/><N who="0" m="12559" /><D123/><U39/><E39/><V12/><F19/><W23/><G23/><T95/><AGARI ba="0,0" hai="55,58,60,74,76,81,89,95,98,120,121" m="12559" machi="95" ten="30,2000,0" yaku="25,1,52,1" doraHai="51" who="0" fromWho="0" sc="302,20,208,-10,379,-5,111,-5" /><INIT seed="2,0,0,1,1,48" ten="322,198,374,106" oya="2" hai0="80,12,121,59,21,7,52,103,68,61,63,116,44" hai1="79,18,128,110,3,119,74,93,69,36,91,115,127" hai2="15,113,130,53,123,85,122,6,26,83,62,20,102" hai3="106,131,132,4,101,57,46,97,88,78,75,10,86"/><V22/><F113/><W77/><G131/><T72/><D121/><U73/><RYUUKYOKU type="yao9" ba="0,0" sc="322,0,198,0,374,0,106,0" hai1="3,18,36,69,73,74,79,91,93,110,115,119,127,128" /><INIT seed="2,1,0,3,3,110" ten="322,198,374,106" oya="2" hai0="103,69,123,84,10,36,48,73,109,3,64,75,2" hai1="22,131,117,29,82,43,60,42,35,127,132,28,8" hai2="63,92,40,134,23,14,19,56,87,99,54,5,133" hai3="125,15,47,135,0,39,118,86,27,85,97,122,52"/><V70/><F40/><W115/><G122/><T62/><D123/><U13/><E117/><V106/><F106/><W65/><G0/><T100/><D109/><U80/><E35/><V72/><F72/><W74/><G118/><T111/><D36/><U98/><E131/><V17/><F5/><W24/><G74/><T68/><D111/><U88/><E127/><V89/><F70/><W81/><G125/><T38/><D38/><U113/><E113/><V18/><REACH who="2" step="1"/><F87/><REACH who="2" ten="322,198,364,106" step="2"/><W25/><G85/><T101/><D84/><U119/><E43/><V94/><F94/><W96/><G86/><T46/><D69/><U104/><E42/><V53/><F53/><W58/><G52/><N who="0" m="29719" /><D73/><U77/><E104/><V1/><F1/><W44/><G65/><T55/><D75/><U102/><E119/><V41/><F41/><W105/><G105/><T59/><D2/><U67/><E82/><V124/><F124/><W130/><G81/><T129/><D3/><U30/><E80/><V16/><AGARI ba="1,1" hai="14,16,17,18,19,23,54,56,63,89,92,99,133,134" machi="16" ten="30,18000,2" yaku="1,1,0,1,54,1,53,4" doraHai="110" doraHaiUra="12" who="2" fromWho="2" sc="322,-61,198,-61,364,193,106,-61" /><INIT seed="2,2,0,0,3,61" ten="261,137,557,45" oya="2" hai0="115,35,45,134,33,110,75,47,51,85,38,12,69" hai1="114,101,117,132,120,41,82,56,40,83,102,28,129" hai2="64,54,10,7,93,43,63,13,3,94,52,2,20" hai3="98,81,121,108,19,76,53,57,16,126,71,99,11"/><V96/><F43/><W37/><G108/><T73/><D115/><U125/><E114/><V18/><F2/><W30/><G71/><T27/><D110/><U104/><E117/><V21/><F21/><W124/><G37/><T62/><D69/><U0/><E0/><V78/><F78/><W131/><G30/><T92/><D62/><U66/><E125/><N who="3" m="48234" /><G121/><T46/><D38/><U89/><E120/><V32/><F32/><W9/><G131/><T24/><D51/><U5/><E104/><V80/><F80/><N who="1" m="30761" /><E5/><V4/><F4/><W84/><G9/><T70/><D70/><U49/><E132/><V60/><F60/><N who="3" m="35887" /><G11/><T68/><D68/><U97/><E28/><V29/><F29/><W90/><G76/><T107/><D107/><U77/><E77/><V34/><F34/><W95/><G81/><T88/><D134/><U17/><E17/><AGARI ba="2,0" hai="16,17,19,84,90,95,98,99" m="35887,48234" machi="17" ten="30,2000,0" yaku="18,1,54,1" doraHai="61" who="3" fromWho="1" sc="261,0,137,-26,557,0,45,26" /><INIT seed="3,0,0,1,4,80" ten="261,111,557,71" oya="3" hai0="11,29,54,97,35,17,65,69,55,73,15,120,50" hai1="124,48,62,129,117,56,106,51,103,95,98,39,45" hai2="58,107,22,10,19,110,23,40,36,33,6,44,74" hai3="89,75,94,115,77,123,133,132,7,82,59,34,122"/><W81/><G34/><T32/><D73/><U8/><E124/><V85/><F107/><W2/><G59/><T18/><D120/><N who="3" m="46121" /><G7/><T135/><D55/><U119/><E129/><V112/><F6/><W28/><G28/><T49/><D50/><U111/><E8/><V100/><F33/><W31/><G31/><T84/><D135/><N who="3" m="51785" /><G2/><T68/><D18/><U4/><E4/><V24/><F19/><W125/><G115/><T114/><D65/><U61/><E111/><V67/><F112/><W83/><G125/><T121/><D29/><U43/><E106/><V118/><F58/><W108/><G108/><T30/><D114/><U92/><E92/><V5/><F110/><W116/><G116/><N who="1" m="44618" /><E62/><V14/><F67/><AGARI ba="0,0" hai="39,43,45,48,51,56,61,67,95,98,103" m="44618" machi="67" ten="30,1000,0" yaku="12,1" doraHai="80" who="1" fromWho="2" sc="261,0,111,10,557,-10,71,0" /><INIT seed="4,0,0,2,1,73" ten="261,121,547,71" oya="0" hai0="96,38,109,75,113,118,45,21,31,19,88,59,78" hai1="103,111,104,26,16,119,114,57,36,29,107,116,7" hai2="86,60,98,18,134,63,89,100,128,132,115,13,85" hai3="70,135,5,54,93,6,123,117,49,27,32,94,28"/><T58/><D118/><U90/><E111/><V101/><F115/><W14/><G117/><T53/><D109/><U11/><E36/><V1/><F1/><W30/><G135/><N who="2" m="51753" /><F128/><W47/><G123/><T82/><D31/><U71/><E71/><V46/><F46/><W83/><G70/><T95/><D113/><U10/><E103/><N who="2" m="39499" /><F98/><W77/><G28/><T44/><D38/><U4/><E114/><V99/><F99/><W91/><G14/><T126/><D126/><U25/><E57/><V56/><F89/><W87/><REACH who="3" step="1"/><G94/><REACH who="3" ten="261,121,547,61" step="2"/><T64/><D64/><U124/><E29/><V3/><F3/><W127/><G127/><T61/><REACH who="0" step="1"/><D59/><REACH who="0" ten="251,121,547,61" step="2"/><U24/><E124/><V112/><F112/><W51/><G51/><T9/><D9/><U2/><E119/><V80/><F56/><W40/><G40/><T52/><D52/><U66/><E66/><V106/><F63/><W67/><G67/><T43/><D43/><U131/><E116/><V92/><F60/><W108/><G108/><T125/><D125/><U121/><E10/><V76/><F92/><W110/><G110/><T41/><D41/><U17/><E11/><N who="2" m="6463" /><F106/><W8/><G8/><T122/><D122/><U22/><E121/><V39/><F39/><W72/><AGARI ba="0,2" hai="5,6,27,30,32,47,49,54,72,77,83,87,91,93" machi="72" ten="20,5200,0" yaku="1,1,0,1,7,1,52,1,53,0" doraHai="73" doraHaiUra="102" who="3" fromWho="3" sc="251,-26,121,-13,547,-13,61,72" /><INIT seed="5,0,0,3,3,26" ten="225,108,534,133" oya="1" hai0="38,85,73,56,81,102,129,59,115,130,25,0,46" hai1="8,72,9,93,120,82,87,11,60,57,51,118,95" hai2="22,53,6,48,135,113,123,16,104,40,44,108,100" hai3="41,112,14,91,3,13,54,34,64,99,126,110,45"/><U29/><E118/><V28/><F108/><W31/><G112/><T66/><D115/><U89/><E120/><V125/><F113/><W12/><G126/><T97/><D73/><U114/><E114/><V37/><F123/><W111/><G3/><T35/><D0/><U75/><E75/><V33/><F125/><W121/><G64/><T1/><D1/><U7/><E7/><V122/><F122/><W36/><G121/><T50/><D66/><U76/><E51/><V63/><F135/><W71/><G71/><T134/><D25/><U107/><E107/><V10/><F63/><W58/><G31/><T127/><D35/><U101/><E29/><V117/><F117/><W116/><G34/><T32/><D32/><U24/><E24/><V62/><F33/><W109/><G116/><T20/><D20/><U124/><E124/><V94/><F104/><W47/><G47/><T103/><D38/><U79/><E101/><N who="0" m="38409" /><D97/><U132/><E132/><V18/><F28/><W128/><G128/><N who="0" m="49259" /><D134/><U68/><E68/><V83/><F22/><W2/><G2/><T23/><D23/><U69/><E69/><V4/><F4/><W90/><REACH who="3" step="1"/><G99/><REACH who="3" ten="225,108,534,123" step="2"/><T119/><D119/><U21/><E21/><V78/><F44/><W106/><G106/><T80/><D127/><U70/><E70/><V96/><F96/><W92/><G92/><N who="1" m="35402" /><E72/><V43/><F100/><W67/><G67/><AGARI ba="0,1" hai="8,9,11,57,60,67,76,79,82,87,89" m="35402" machi="67" ten="30,1500,0" yaku="8,1" doraHai="26" who="1" fromWho="3" sc="225,0,108,25,534,0,123,-15" /><INIT seed="5,1,0,5,2,5" ten="225,133,534,108" oya="1" hai0="25,78,81,80,28,123,117,109,71,21,87,0,35" hai1="79,2,114,100,99,57,7,106,4,14,9,67,118" hai2="68,129,54,8,44,130,133,15,134,45,104,92,128" hai3="96,19,102,124,24,10,108,97,12,6,62,111,135"/><U103/><E118/><V61/><F104/><W110/><G135/><N who="2" m="51721" /><F92/><W13/><G124/><T23/><D109/><U88/><E114/><V126/><F126/><W131/><G131/><T127/><D127/><U38/><E38/><V132/><F132/><W93/><G62/><T119/><D71/><U47/><E79/><V89/><F89/><W120/><G120/><T37/><D123/><U46/><E103/><V49/><F44/><N who="1" m="16937" /><E106/><V113/><F113/><W32/><G97/><T42/><D0/><U20/><E2/><V116/><F116/><W22/><REACH who="3" step="1"/><G32/><REACH who="3" ten="225,133,534,98" step="2"/><T48/><D35/><U39/><E39/><V18/><F130/><W3/><AGARI ba="1,1" hai="3,6,10,12,13,19,22,24,93,96,102,108,110,111" machi="3" ten="30,8000,1" yaku="1,1,2,1,0,1,52,1,53,1" doraHai="5" doraHaiUra="90" who="3" fromWho="3" sc="225,-21,133,-41,534,-21,98,93" /><INIT seed="6,0,0,0,5,45" ten="204,92,513,191" oya="2" hai0="101,9,85,102,52,90,115,128,2,19,21,20,3" hai1="42,28,55,111,43,35,79,58,34,7,46,87,39" hai2="66,31,63,117,129,22,100,27,54,73,99,1,65" hai3="5,112,124,89,30,110,6,60,14,67,92,126,59"/><V88/><F73/><W64/><G110/><T33/><D33/><U80/><E111/><V105/><F1/><W40/><G112/><T84/><D128/><U130/><E130/><V25/><F117/><W91/><G30/><T36/><D36/><U123/><E123/><V116/><F116/><W107/><G107/><T11/><D115/><U16/><E7/><V135/><F129/><W97/><G40/><T10/><D84/><U24/><E43/><V23/><F135/><W61/><G91/><T122/><D122/><U132/><E132/><V96/><F54/><W38/><G38/><T94/><D21/><U29/><E35/><V134/><F134/><W4/><REACH who="3" step="1"/><G14/><REACH who="3" ten="204,92,513,181" step="2"/><N who="0" m="9335" /><D2/><U15/><E24/><V8/><F88/><W70/><AGARI ba="0,1" hai="4,5,6,59,60,61,64,67,70,89,92,97,124,126" machi="70" ten="30,2000,0" yaku="1,1,0,1,53,0" doraHai="45" doraHaiUra="103" who="3" fromWho="3" sc="204,-5,92,-5,513,-10,181,30" /><INIT seed="7,0,0,2,4,131" ten="199,87,503,211" oya="3" hai0="79,93,9,42,119,77,68,99,83,19,88,82,109" hai1="30,13,54,75,3,27,33,14,90,101,55,40,17" hai2="71,106,69,32,63,70,117,96,16,104,5,111,0" hai3="78,24,112,39,64,62,22,45,20,47,1,31,8"/><W126/><G112/><T52/><D119/><U35/><E101/><N who="2" m="62503" /><F16/><W121/><G126/><T15/><D109/><U4/><E75/><V11/><F111/><W49/><G121/><T89/><D68/><N who="2" m="26218" /><F117/><W41/><G78/><N who="0" m="29707" /><D42/><U98/><E40/><V74/><F74/><W97/><G97/><T127/><D127/><U100/><E35/><V10/><F10/><W124/><G124/><T122/><D122/><U18/><E90/><N who="0" m="34921" /><D52/><U107/><E17/><V53/><F53/><W58/><G20/><T110/><D110/><U134/><E14/><V116/><F116/><W92/><G92/><T125/><D125/><U51/><E51/><V114/><F114/><W120/><G120/><T135/><D135/><U37/><E37/><V123/><F123/><W103/><G103/><AGARI ba="0,0" hai="9,15,19,82,83,93,99,103" m="34921,29707" machi="103" ten="30,2000,0" yaku="8,1,54,1" doraHai="131" who="0" fromWho="3" sc="199,20,87,0,503,0,211,-20" owari="219,2.0,87,-41.0,503,60.0,191,-21.0" /></mjloggm>