<mjloggm ver="2.3"><GO type="185" lobby="0"/><UN n0="%E3%81%BF%E3%82%84%E3%81%AD%E3%81%93" n1="%E8%B5%A4%E8%A3%8F%E3%83%9B%E3%82%B7%E3%83%BC%E3%83%8E" n2="%E3%82%82%E3%82%8D%E3%82%86%E3%81%86" n3="" dan="17,16,16,0" rate="2263.68,2157.70,2109.38,1500.00" sx="M,M,M,C"/><TAIKYOKU oya="0"/><INIT seed="0,0,0,2,3,104" ten="350,350,350,0" oya="0" hai0="61,110,37,105,64,63,58,43,103,76,73,111,117" hai1="60,118,41,109,69,81,47,68,112,83,125,44,116" hai2="87,113,78,51,101,2,100,72,33,42,66,74,107" hai3=""/><T56/><D103/><U93/><E109/><N who="0" m="41481" /><D105/><U46/><E125/><V124/><F33/><T71/><D76/><U0/><E0/><V84/><F2/><T134/><D134/><U32/><E32/><V92/><F66/><T45/><D73/><N who="2" m="28266" /><F51/><T126/><D117/><U97/><E41/><V79/><F42/><T53/><D126/><U106/><E106/><V39/><F39/><T102/><D102/><N who="2" m="39530" /><F107/><T50/><D63/><U99/><E60/><V85/><F124/><T131/><D131/><U40/><E40/><V133/><F133/><T55/><D55/><U59/><E118/><V3/><F3/><T89/><D89/><U123/><E116/><V57/><F57/><AGARI ba="0,0" hai="37,43,45,50,53,56,57,58,61,64,71" m="41481" machi="57" ten="30,12000,1" yaku="24,1,14,1,10,1,34,2" doraHai="104" who="0" fromWho="2" sc="350,120,350,0,350,-120,0,0" /><INIT seed="0,1,0,0,5,55" ten="470,350,230,0" oya="0" hai0="67,35,76,118,51,41,49,86,45,38,91,124,75" hai1="133,100,63,114,50,106,88,135,54,123,42,97,105" hai2="127,98,32,78,66,74,80,109,90,47,119,113,73" hai3=""/><T101/><D118/><U128/><N who="1" m="31520" /><U120/><N who="1" m="30752" /><U64/><E42/><V84/><F32/><T34/><D124/><U111/><E111/><V132/><F109/><T58/><D101/><U104/><E128/><V89/><F127/><T0/><D0/><U43/><E43/><V82/><F119/><T99/><D99/><U33/><E33/><V126/><F126/><T108/><D108/><U92/><E114/><V68/><F113/><T116/><D116/><U1/><E100/><V115/><F115/><T60/><D76/><U94/><E94/><V65/><F132/><N who="1" m="50761" /><E1/><V130/><F130/><T102/><D102/><U70/><E106/><V129/><F129/><T52/><D75/><U53/><E53/><V37/><F68/><T48/><REACH who="0" step="1"/><D67/><REACH who="0" ten="460,350,230,0" step="2"/><U93/><E93/><AGARI ba="1,1" hai="34,35,38,41,45,48,49,51,52,58,60,86,91,93" machi="93" ten="40,12000,1" yaku="1,1,2,1,52,1,54,1,53,1" doraHai="55" doraHaiUra="87" who="0" fromWho="1" sc="460,132,350,-122,230,0,0,0" /><INIT seed="0,2,0,0,2,88" ten="592,228,230,0" oya="0" hai0="94,91,35,67,116,118,93,135,75,36,102,52,77" hai1="59,50,104,53,32,96,0,70,3,115,112,57,105" hai2="1,122,65,124,68,56,97,45,54,129,58,39,44" hai3=""/><T127/><D35/><U134/><E32/><V95/><N who="2" m="31264" /><V34/><F1/><N who="1" m="585" /><E70/><V117/><F34/><T72/><D36/><U62/><E96/><V99/><F117/><N who="0" m="45162" /><D52/><U61/><E50/><V83/><F124/><T69/><D67/><U101/><E101/><V76/><F129/><T119/><D69/><U103/><E103/><V128/><F128/><T64/><D64/><U121/><N who="1" m="31008" /><U42/><E42/><V41/><F99/><T79/><N who="0" m="45170" /><T131/><DORA hai="120" /><D131/><U74/><E74/><N who="0" m="28201" /><D127/><U123/><N who="1" m="31520" /><U110/><E134/><V66/><F45/><T48/><D48/><U81/><E81/><V37/><F37/><T126/><D126/><U84/><E84/><V92/><F68/><T38/><D38/><U109/><E59/><V71/><F71/><T106/><D135/><U60/><E57/><V113/><F113/><N who="1" m="43593" /><E53/><V49/><F97/><T82/><D106/><AGARI ba="2,0" hai="60,61,62,104,105,106,109,110" m="43593,31520,31008,585" machi="106" ten="40,12000,2" yaku="28,2,11,1,52,4" doraHai="88,120" who="1" fromWho="0" sc="592,-124,228,124,230,0,0,0" /><INIT seed="1,0,0,4,3,68" ten="468,352,230,0" oya="1" hai0="119,75,129,120,118,47,50,130,127,95,106,36,114" hai1="44,52,60,59,71,128,48,112,54,87,79,3,105" hai2="104,61,124,117,133,41,69,32,107,109,113,125,91" hai3=""/><U2/><E105/><V67/><F91/><T62/><N who="0" m="30752" /><T116/><D106/><N who="2" m="40490" /><F117/><T0/><D0/><U86/><E112/><V37/><F113/><T121/><N who="0" m="31008" /><T94/><D114/><U34/><E34/><V38/><F41/><T89/><D127/><N who="2" m="48714" /><F32/><T103/><D75/><U33/><E33/><V115/><F115/><T97/><D62/><U110/><E71/><V64/><F64/><T102/><D36/><N who="2" m="13930" /><F109/><T51/><D102/><U100/><E110/><V76/><F76/><T55/><REACH who="0" step="1"/><D51/><REACH who="0" ten="458,352,230,0" step="2"/><U81/><E100/><V82/><F82/><T63/><D63/><U46/><E81/><V42/><F42/><T135/><D135/><AGARI ba="0,1" hai="61,67,69,133,135" m="13930,48714,40490" machi="135" ten="40,8000,1" yaku="18,1,23,1,52,3" doraHai="68" who="2" fromWho="0" sc="458,-80,352,0,230,90,0,0" /><INIT seed="2,0,0,3,3,80" ten="378,352,320,0" oya="2" hai0="33,109,81,133,74,95,49,79,83,123,124,78,51" hai1="100,103,126,76,63,68,52,111,35,86,128,48,104" hai2="69,77,43,38,89,87,59,120,96,61,129,90,119" hai3=""/><V34/><N who="2" m="30752" /><V121/><N who="2" m="31008" /><V0/><F34/><T75/><N who="0" m="31520" /><T36/><D33/><U42/><E35/><V94/><F0/><T113/><D109/><U114/><E111/><V105/><F119/><T135/><D36/><U55/><E104/><V37/><F129/><T116/><D124/><U67/><E126/><V70/><F77/><T62/><D113/><U130/><E114/><V46/><F38/><T92/><REACH who="0" step="1"/><D62/><REACH who="0" ten="368,352,320,0" step="2"/><U65/><E130/><V115/><F115/><T122/><N who="0" m="31264" /><T47/><D47/><U50/><E63/><V32/><F32/><T82/><D82/><U2/><E128/><V73/><F73/><T58/><D58/><U93/><E68/><V107/><F69/><T132/><D132/><U45/><E45/><V64/><F70/><T134/><D134/><U39/><E39/><V54/><F64/><T85/><D85/><U1/><E86/><V131/><F131/><T88/><D88/><U102/><E102/><V97/><F97/><T40/><D40/><U112/><E112/><V106/><F106/><T71/><D71/><U110/><E110/><V57/><F57/><T117/><AGARI ba="0,1" hai="49,51,74,75,78,79,81,83,92,95,116,117,133,135" m="31264,31520" machi="117" ten="25,9000,2" yaku="1,1,0,1,22,2,52,2,53,0" doraHai="80" doraHaiUra="108" who="0" fromWho="0" sc="368,100,352,-30,320,-60,0,0" /><INIT seed="4,0,0,2,0,94" ten="468,322,260,0" oya="0" hai0="69,102,51,111,47,55,58,100,92,72,123,88,81" hai1="33,78,98,128,1,104,59,129,118,36,71,49,61" hai2="120,56,41,77,37,63,70,131,79,39,89,43,130" hai3=""/><T110/><N who="0" m="31520" /><T84/><D69/><U53/><E1/><V32/><N who="2" m="30752" /><V121/><N who="2" m="31008" /><V125/><F70/><T57/><D57/><U42/><E33/><V109/><F32/><T65/><D72/><U76/><E118/><V64/><F109/><N who="0" m="41482" /><D65/><U114/><E36/><N who="2" m="13899" /><F89/><T101/><D47/><U90/><E42/><N who="2" m="15883" /><F125/><T86/><D86/><U87/><E71/><V135/><F135/><T52/><D55/><U35/><E35/><V67/><F67/><T34/><D34/><U116/><E53/><V83/><F83/><AGARI ba="0,0" hai="51,52,58,81,83,84,88,92,100,101,102" m="41482,31520" machi="83" ten="30,11600,0" yaku="10,1,52,1,54,2" doraHai="94" who="0" fromWho="2" sc="468,116,322,0,260,-116,0,0" /><INIT seed="4,1,0,3,5,113" ten="584,322,144,0" oya="0" hai0="128,42,121,93,68,3,94,129,72,57,51,99,122" hai1="48,103,95,63,119,110,33,108,64,46,44,69,80" hai2="107,49,82,83,117,131,78,70,41,125,66,96,88" hai3=""/><T102/><N who="0" m="31008" /><T1/><N who="0" m="31264" /><T54/><D72/><U86/><E33/><V52/><F131/><N who="0" m="50250" /><D68/><U75/><E75/><V101/><F125/><T79/><D79/><U109/><E44/><V50/><F41/><T0/><D42/><U120/><N who="1" m="30752" /><U112/><E112/><V100/><F49/><T98/><D98/><U55/><E95/><AGARI ba="1,0" hai="0,1,3,51,54,57,93,94,95,99,102" m="50250,31264,31008" machi="95" ten="40,7700,0" yaku="19,1,52,2" doraHai="113" who="0" fromWho="1" sc="584,79,322,-79,144,0,0,0" /><INIT seed="4,2,0,4,0,103" ten="663,243,144,0" oya="0" hai0="108,78,48,64,50,65,41,116,45,130,122,2,105" hai1="62,53,59,72,90,96,57,81,129,60,85,86,69" hai2="0,92,126,44,47,77,33,93,83,109,117,97,49" hai3=""/><T113/><N who="0" m="31264" /><T107/><D2/><U100/><E129/><V101/><F0/><T125/><D116/><U35/><E35/><V37/><F33/><T121/><N who="0" m="31008" /><T134/><D130/><U54/><E69/><V106/><F117/><T80/><D113/><U94/><E72/><V67/><F109/><T133/><D108/><U38/><E38/><V36/><F126/><T123/><N who="0" m="31520" /><T58/><D125/><U3/><E3/><V131/><F131/><T84/><D50/><U51/><E86/><V61/><F37/><T66/><D58/><U56/><E51/><V135/><F135/><AGARI ba="2,0" hai="41,45,48,64,65,66,78,80,84,105,107,133,134,135" m="31520,31008,31264" machi="135" ten="40,18000,2" yaku="20,1,52,5" doraHai="103" who="0" fromWho="2" sc="663,184,243,0,144,-184,0,0" owari="847,80.0,243,-16.0,-40,-64.0,0,0.0" /></mjloggm>