<mjloggm ver="2.3"><GO type="185" lobby="0"/><UN n0="%E4%BA%9E%E5%9B%B3%E9%8E%96%E2%88%9E%E2%88%9E%E2%88%9E%E2%88%9E%E2%88%9E" n1="%E9%80%9F%E8%A6%8B%E5%B9%B8%E4%B8%80" n2="%62%75%73%79" n3="" dan="16,17,16,0" rate="2185.86,2064.77,2051.25,1500.00" sx="F,M,M,C"/><TAIKYOKU oya="0"/><INIT seed="0,0,0,0,0,122" ten="350,350,350,0" oya="0" hai0="135,65,46,66,44,80,119,3,132,74,69,108,133" hai1="90,68,39,129,114,37,49,40,100,123,115,88,97" hai2="57,60,92,121,0,116,48,103,76,86,58,127,41" hai3=""/><T85/><D3/><U47/><N who="1" m="31520" /><U64/><E129/><V131/><N who="2" m="31008" /><V113/><F113/><N who="1" m="43017" /><E64/><V52/><F131/><T38/><D119/><U94/><E68/><V51/><F127/><T126/><D74/><U124/><E124/><V70/><F116/><T2/><D2/><U77/><E77/><V33/><F33/><T82/><D126/><U42/><E42/><V117/><F117/><T128/><D128/><U105/><E90/><V45/><F70/><T111/><D38/><U102/><E102/><V91/><F0/><T67/><D69/><U61/><E61/><V110/><F103/><T84/><D82/><U71/><E71/><V81/><F60/><T118/><D118/><U112/><E112/><V79/><F79/><T34/><D34/><U43/><E43/><V83/><F83/><T98/><D80/><U130/><E130/><V101/><F101/><T1/><D1/><U36/><E36/><V134/><F81/><T87/><D98/><AGARI ba="0,0" hai="37,39,40,47,49,88,94,97,98,100,105" m="43017,31520" machi="98" ten="30,3900,0" yaku="11,1,52,1,54,1" doraHai="122" who="1" fromWho="0" sc="350,-39,350,39,350,0,0,0" /><INIT seed="1,0,0,0,5,72" ten="311,389,350,0" oya="1" hai0="66,90,101,65,92,104,129,50,134,93,73,76,99" hai1="105,109,85,61,84,96,100,103,35,57,128,75,118" hai2="44,122,49,37,132,95,97,47,48,70,116,33,81" hai3=""/><U120/><N who="1" m="30752" /><U88/><E35/><V135/><N who="2" m="31264" /><V67/><F116/><T56/><D134/><U54/><E118/><V98/><F33/><T123/><N who="0" m="31520" /><T78/><D129/><U127/><E128/><V46/><F37/><T89/><D73/><U74/><E127/><V32/><F32/><T40/><D104/><U94/><E109/><V52/><F81/><T79/><D101/><U36/><E36/><V91/><F97/><T34/><D34/><U82/><REACH who="1" step="1"/><E103/><REACH who="1" ten="311,379,350,0" step="2"/><V110/><F110/><T80/><D80/><U43/><E43/><V2/><F132/><T87/><D40/><U55/><E55/><AGARI ba="0,1" hai="50,55,56,65,66,76,78,79,87,89,90,92,93,99" m="31520" machi="55" ten="40,8000,1" yaku="8,1,52,4" doraHai="72" who="0" fromWho="1" sc="311,90,379,-80,350,0,0,0" /><INIT seed="2,0,0,5,3,53" ten="401,299,350,0" oya="2" hai0="102,90,109,117,66,63,94,133,61,106,70,125,59" hai1="123,67,37,111,50,105,51,68,99,97,104,92,35" hai2="120,60,84,54,1,69,128,44,98,103,89,73,118" hai3=""/><V132/><N who="2" m="30752" /><V64/><F128/><T74/><D117/><U34/><N who="1" m="31520" /><U36/><E111/><V33/><F132/><T46/><D133/><U91/><E67/><V40/><F1/><T72/><D109/><U93/><E91/><V127/><F127/><T124/><D46/><U2/><REACH who="1" step="1"/><E68/><REACH who="1" ten="401,289,350,0" step="2"/><V86/><F69/><T56/><D70/><U85/><E85/><V58/><F84/><T32/><D125/><U82/><E82/><V3/><F64/><T119/><D124/><U100/><E100/><V52/><F86/><T95/><D119/><U41/><E41/><V131/><F89/><T71/><D71/><U76/><E76/><V135/><F118/><T116/><D116/><U77/><E77/><V55/><F135/><T110/><D110/><U57/><E57/><V114/><F58/><T113/><D90/><U39/><E39/><V43/><F43/><T0/><D0/><AGARI ba="0,1" hai="0,2,34,35,36,37,50,51,92,93,97,99,104,105" m="31520" machi="0" ten="25,12000,2" yaku="1,1,22,2,52,1,53,2" doraHai="53" doraHaiUra="45" who="1" fromWho="0" sc="401,-120,289,130,350,0,0,0" /><INIT seed="4,0,0,1,2,72" ten="281,419,350,0" oya="0" hai0="48,125,120,40,74,75,126,49,133,57,33,45,50" hai1="107,1,87,90,115,37,85,44,46,71,116,89,65" hai2="35,73,132,134,69,103,98,36,123,70,47,55,52" hai3=""/><T79/><N who="0" m="30752" /><T110/><D33/><U86/><E116/><V2/><N who="2" m="31520" /><V82/><F35/><T61/><D133/><U78/><E107/><V76/><F2/><T32/><D32/><U34/><E71/><V124/><F124/><N who="0" m="47722" /><D110/><U60/><E115/><V106/><F55/><T109/><D109/><U54/><E65/><V38/><F38/><T97/><D97/><U117/><E117/><V100/><F103/><T68/><D68/><N who="2" m="26218" /><F52/><T51/><D79/><U42/><E78/><V66/><F66/><AGARI ba="0,0" hai="40,45,48,49,50,51,57,61,66,74,75" m="47722,30752" machi="66" ten="30,2900,0" yaku="18,1,52,1" doraHai="72" who="0" fromWho="2" sc="281,29,419,0,350,-29,0,0" /><INIT seed="4,1,0,2,3,80" ten="310,419,321,0" oya="0" hai0="98,41,33,134,69,108,107,115,87,96,47,72,121" hai1="93,109,81,68,48,55,45,119,128,58,106,132,127" hai2="75,64,77,116,111,120,84,123,71,117,103,37,82" hai3=""/><T38/><RYUUKYOKU type="yao9" ba="1,0" sc="310,0,419,0,321,0,0,0" hai0="33,38,41,47,69,72,87,96,98,107,108,115,121,134" /><INIT seed="4,2,0,5,0,3" ten="310,419,321,0" oya="0" hai0="111,101,71,135,99,130,68,114,38,66,94,88,58" hai1="113,132,116,72,128,37,97,125,95,123,105,103,75" hai2="0,89,102,54,44,79,82,127,80,121,100,118,2" hai3=""/><T126/><D114/><U73/><RYUUKYOKU type="yao9" ba="2,0" sc="310,0,419,0,321,0,0,0" hai1="37,72,73,75,95,97,103,105,113,116,123,125,128,132" /><INIT seed="4,3,0,2,5,123" ten="310,419,321,0" oya="0" hai0="56,129,2,62,91,119,46,50,0,82,40,73,34" hai1="36,53,118,33,32,84,69,88,109,43,117,127,49" hai2="134,38,63,48,125,57,55,47,87,93,81,111,126" hai3=""/><T130/><D34/><U108/><E69/><V113/><F113/><T131/><D119/><U122/><N who="1" m="31264" /><U90/><E43/><V116/><F116/><T51/><D51/><U41/><E41/><V96/><F134/><T95/><D82/><U61/><E61/><V98/><F38/><T103/><D103/><U66/><E66/><V39/><F39/><T120/><N who="0" m="30752" /><T104/><D104/><U60/><E60/><V1/><F1/><T59/><D73/><U54/><E127/><N who="2" m="48651" /><F93/><T106/><D106/><U70/><E36/><V74/><F74/><T35/><D35/><U72/><E72/><V99/><F111/><T83/><D83/><U112/><E112/><V45/><F48/><T80/><D80/><U3/><E49/><V124/><N who="2" m="48659" /><V107/><DORA hai="86" /><F107/><T101/><D101/><U68/><E3/><N who="0" m="1065" /><D62/><U75/><E75/><V58/><F81/><T132/><D132/><U77/><E77/><V52/><F87/><AGARI ba="3,0" hai="40,46,50,56,59,87,91,95,129,130,131" m="1065,30752" machi="87" ten="40,7700,0" yaku="19,1,52,2" doraHai="123,86" who="0" fromWho="2" sc="310,83,419,0,321,-83,0,0" /><AGARI ba="3,0" hai="32,33,53,54,68,70,84,87,88,90,108,109,117,118" m="31264" machi="87" ten="25,16000,3" yaku="22,2,52,5,54,1" doraHai="123,86" who="1" fromWho="2" sc="393,0,419,160,238,-160,0,0" /><INIT seed="4,4,0,2,5,103" ten="393,579,78,0" oya="0" hai0="61,115,33,131,117,64,59,70,129,118,111,60,72" hai1="91,108,99,37,57,102,48,134,53,67,39,63,45" hai2="104,52,100,36,135,76,110,113,83,132,116,98,42" hai3=""/><T81/><D33/><U51/><E108/><V82/><F110/><T73/><D111/><U50/><E134/><V44/><F113/><T130/><D115/><U62/><E91/><V126/><F126/><T87/><D118/><U84/><E84/><V106/><F116/><T114/><D114/><U1/><E1/><V0/><F0/><T2/><D2/><U66/><E99/><V77/><F104/><T75/><D117/><U119/><E102/><V93/><F93/><T79/><D60/><U78/><E78/><V107/><F107/><T101/><D70/><U46/><E119/><V58/><F77/><T97/><D75/><U49/><E45/><V121/><N who="2" m="31008" /><V3/><F3/><T112/><D112/><U32/><E32/><V109/><F109/><T133/><D133/><N who="2" m="51274" /><F76/><T120/><N who="0" m="30752" /><T88/><D79/><U54/><E67/><V122/><N who="2" m="31264" /><V43/><F42/><T68/><D68/><AGARI ba="4,0" hai="37,39,46,48,49,50,51,53,54,57,62,63,66,68" machi="68" ten="40,12000,2" yaku="35,6" doraHai="103" who="1" fromWho="0" sc="393,-128,579,128,78,0,0,0" /><INIT seed="5,0,0,0,0,120" ten="265,707,78,0" oya="1" hai0="35,132,50,93,37,61,66,44,76,114,119,56,47" hai1="73,100,86,78,135,65,105,106,57,81,52,41,55" hai2="97,85,110,134,107,3,122,131,102,117,96,59,89" hai3=""/><U103/><E135/><V51/><N who="2" m="31264" /><V2/><F134/><T111/><D132/><U98/><E41/><V49/><F117/><T54/><D35/><U133/><E86/><V75/><F75/><T42/><D114/><U72/><E72/><V123/><N who="2" m="31520" /><V84/><F131/><T67/><D119/><U94/><E94/><V92/><F110/><T109/><D76/><U116/><E78/><V74/><F74/><T32/><D32/><U36/><E36/><V53/><REACH who="2" step="1"/><F49/><REACH who="2" ten="265,707,68,0" step="2"/><T124/><D111/><U127/><E73/><V62/><F62/><T95/><D61/><U82/><E133/><V33/><F33/><T34/><D34/><U0/><E116/><V104/><F104/><T99/><D109/><U88/><E106/><V1/><AGARI ba="0,1" hai="1,2,3,51,53,59,84,85,89,92,96,97,102,107" m="31520,31264" machi="1" ten="30,5900,0" yaku="1,1,0,1,52,2,53,0" doraHai="120" doraHaiUra="71" who="2" fromWho="2" sc="265,-20,707,-39,68,69,0,0" /><INIT seed="6,0,0,1,4,34" ten="245,668,137,0" oya="2" hai0="108,116,53,65,115,89,81,90,96,62,95,77,129" hai1="68,36,98,114,50,0,131,1,122,119,91,76,47" hai2="126,35,3,51,52,112,113,121,79,71,123,38,103" hai3=""/><V59/><N who="2" m="31008" /><V133/><N who="2" m="31520" /><V127/><F35/><T2/><D108/><U49/><E49/><V110/><F110/><T125/><D116/><U82/><E50/><V101/><F133/><T111/><D111/><U40/><E82/><V63/><F79/><T46/><D2/><U135/><E98/><V61/><F38/><T92/><D125/><N who="2" m="47626" /><F3/><T73/><D129/><U78/><E131/><V54/><F71/><T45/><D53/><U56/><E36/><V85/><F85/><T109/><D109/><U97/><E78/><V83/><F83/><T105/><D115/><N who="2" m="44106" /><F61/><T80/><D81/><U74/><E114/><V66/><F66/><T48/><D48/><U84/><E135/><V64/><F64/><T39/><D39/><U94/><E1/><V99/><F99/><T43/><D96/><U67/><E0/><V41/><F41/><T102/><D43/><U86/><E97/><V69/><F69/><T57/><D65/><U72/><E67/><V88/><F88/><T120/><N who="0" m="30752" /><T32/><D62/><U87/><E91/><V42/><F42/><T128/><D128/><U106/><E40/><V118/><F118/><T33/><D90/><U70/><E119/><V58/><AGARI ba="0,0" hai="51,52,54,58,59,63,101,103" m="44106,47626,31520,31008" machi="58" ten="40,8000,1" yaku="18,1,15,1,52,2,54,1" doraHai="34" who="2" fromWho="2" sc="245,-40,668,-40,137,80,0,0" /><INIT seed="6,1,0,5,5,37" ten="205,628,217,0" oya="2" hai0="83,3,82,86,109,103,33,79,56,38,78,122,0" hai1="71,58,99,47,76,129,107,100,67,61,102,87,81" hai2="57,51,45,113,130,34,36,2,120,128,1,52,43" hai3=""/><V97/><N who="2" m="30752" /><V118/><F34/><T114/><N who="0" m="31264" /><T131/><D33/><U106/><E129/><N who="2" m="49771" /><F118/><T42/><D131/><U60/><E47/><V112/><F97/><T98/><D109/><U44/><E44/><V132/><F132/><T32/><D32/><U96/><E61/><V111/><F111/><T88/><D114/><AGARI ba="1,0" hai="1,2,36,43,45,51,52,57,112,113,114" m="49771,30752" machi="114" ten="30,12000,1" yaku="15,1,19,1,52,2,54,1" doraHai="37" who="2" fromWho="0" sc="205,-122,628,0,217,122,0,0" /><INIT seed="6,2,0,1,2,122" ten="83,628,339,0" oya="2" hai0="62,110,71,58,86,35,97,63,108,66,56,47,133" hai1="34,1,119,3,40,88,105,32,83,103,69,104,85" hai2="125,53,120,101,74,99,48,39,123,57,65,75,2" hai3=""/><V50/><N who="2" m="30752" /><V45/><N who="2" m="31520" /><V102/><F2/><T37/><D86/><U55/><E119/><V81/><F125/><T132/><D97/><U82/><E69/><V100/><F39/><T131/><D35/><U112/><E40/><V90/><F65/><T111/><D131/><U67/><E67/><V43/><F99/><T51/><D37/><U134/><E34/><V68/><F68/><T52/><REACH who="0" step="1"/><D58/><REACH who="0" ten="73,628,339,0" step="2"/><U98/><E98/><V49/><F75/><T109/><N who="0" m="27648" /><DORA hai="73" /><T94/><D94/><U41/><E32/><V61/><F74/><T38/><D38/><U79/><E3/><V46/><F45/><T70/><D70/><U0/><E0/><V126/><F126/><T42/><AGARI ba="2,1" hai="42,47,51,52,56,62,63,66,71,132,133" m="27648" machi="42" ten="60,12000,3" yaku="1,1,0,1,34,3,52,4,54,1,53,0" doraHai="122,73" doraHaiUra="76,87" who="0" fromWho="0" sc="73,134,628,-42,339,-82,0,0" owari="207,-39.0,586,53.0,257,-14.0,0,0.0" /></mjloggm>