<mjloggm ver="2.3"><GO type="169" lobby="0"/><UN n0="%E7%9F%9B%E7%9B%BE" n1="%E3%81%AF%E3%81%84%E3%81%A6%E3%82%93%E3%81%BC%E3%83%BC" n2="%E9%A6%AC%E9%BE%8D%6C%65%66%74" n3="%E3%81%94%E3%82%8B%E3%81%A3" dan="16,17,16,17" rate="2070.35,2243.93,2057.82,2119.56" sx="M,M,M,M"/><TAIKYOKU oya="0"/><INIT seed="0,0,0,4,5,28" ten="250,250,250,250" oya="0" hai0="106,25,59,14,117,105,43,7,81,45,133,57,92" hai1="72,38,116,88,22,18,62,2,121,16,111,95,48" hai2="58,54,87,12,24,112,37,86,3,100,104,26,118" hai3="132,76,11,9,40,103,131,61,94,50,110,70,51"/><T130/><D133/><U41/><E121/><V36/><F3/><W31/><G132/><T21/><D130/><U27/><E116/><V128/><F128/><W69/><G110/><T20/><D117/><U4/><E72/><V126/><F126/><W15/><G76/><T75/><D106/><U135/><E38/><V129/><F129/><W29/><G11/><T114/><D105/><U122/><E122/><V74/><F74/><W71/><G61/><T102/><D114/><U115/><E115/><V42/><F112/><W78/><G78/><T56/><D81/><U49/><E111/><V13/><F104/><W67/><G67/><T96/><D75/><U98/><E41/><V91/><F100/><W34/><G40/><T53/><D53/><U123/><E135/><V1/><F1/><W125/><G125/><T17/><D7/><U134/><E134/><V84/><F118/><W68/><G68/><T63/><D63/><U10/><E123/><V35/><F36/><W64/><G64/><T6/><D6/><U120/><E120/><V93/><F24/><W90/><G103/><T101/><D101/><U127/><E127/><V8/><F37/><W19/><G131/><T46/><REACH who="0" step="1"/><D43/><REACH who="0" ten="240,250,250,250" step="2"/><U82/><E82/><V83/><F42/><W0/><G94/><T113/><D113/><U109/><E109/><V99/><F83/><W39/><G90/><T73/><D73/><U77/><E77/><V97/><F91/><W23/><G39/><T52/><D52/><U119/><E119/><V44/><F93/><W5/><G50/><N who="1" m="19562" /><E62/><V60/><F60/><W32/><G51/><RYUUKYOKU ba="0,1" sc="240,10,250,10,250,-30,250,10" hai0="14,17,20,21,25,45,46,56,57,59,92,96,102" hai1="2,4,10,16,18,22,27,88,95,98" hai3="0,5,9,15,19,23,29,31,32,34,69,70,71" /><INIT seed="0,1,1,0,1,69" ten="250,260,220,260" oya="0" hai0="117,120,73,96,19,75,114,70,94,42,26,135,63" hai1="100,108,111,24,58,45,48,27,98,131,129,107,74" hai2="66,11,38,68,13,106,33,125,54,77,25,14,87" hai3="17,31,115,116,95,90,88,20,9,71,22,29,37"/><T47/><D117/><U7/><E58/><V21/><F125/><W1/><G115/><T59/><D114/><U61/><E61/><V86/><F33/><W36/><G71/><T109/><D135/><U112/><E7/><V4/><F106/><W102/><G102/><T49/><D70/><U64/><E64/><V53/><F38/><W93/><G9/><T52/><D120/><U10/><E10/><N who="2" m="4295" /><F66/><W41/><G17/><T127/><D127/><U12/><E12/><V0/><F0/><W105/><G105/><T40/><D40/><U97/><E97/><V62/><F68/><W57/><G57/><T46/><D109/><N who="1" m="42059" /><E74/><V132/><F132/><W78/><G41/><T99/><D47/><U5/><E5/><N who="2" m="3439" /><F62/><W60/><G60/><T39/><D99/><U126/><E126/><V80/><F87/><W124/><G124/><T3/><D49/><U118/><E118/><V122/><F122/><W76/><REACH who="3" step="1"/><G116/><REACH who="3" ten="250,260,220,250" step="2"/><T83/><D3/><AGARI ba="1,2" hai="1,3,20,22,29,31,36,37,76,78,88,90,93,95" machi="3" ten="25,12000,2" yaku="1,1,2,1,22,2,52,2,54,1,53,0" doraHai="69" doraHaiUra="81" who="3" fromWho="0" sc="250,-123,260,0,220,0,250,143" /><INIT seed="1,0,0,0,1,85" ten="127,260,220,393" oya="1" hai0="31,45,129,21,118,2,8,120,87,82,116,75,16" hai1="101,49,18,62,27,122,4,38,72,37,43,99,59" hai2="89,56,32,39,96,114,20,30,61,107,117,104,110" hai3="119,58,111,125,17,84,68,23,92,35,36,50,128"/><U44/><E122/><V28/><F117/><W106/><G111/><T81/><D129/><U42/><E72/><V109/><F32/><W52/><G128/><T80/><D120/><U83/><E4/><V10/><F39/><W14/><G36/><T124/><D124/><U69/><E83/><V55/><F10/><W47/><G68/><T3/><D75/><U1/><E1/><V71/><F71/><W100/><G35/><T103/><D103/><U90/><E69/><V48/><F114/><W67/><G125/><T19/><D31/><N who="2" m="11818" /><F20/><W63/><G106/><T94/><D45/><U91/><E42/><V78/><F78/><W123/><G123/><T15/><D94/><N who="1" m="58615" /><E38/><V113/><F61/><W98/><REACH who="3" step="1"/><G84/><REACH who="3" ten="127,260,220,383" step="2"/><T9/><D87/><U74/><E37/><V105/><F113/><W60/><G60/><T70/><D70/><U77/><E74/><V86/><F86/><W5/><G5/><T57/><D118/><AGARI ba="0,1" hai="14,17,23,47,50,52,58,63,67,92,98,100,118,119" machi="118" ten="40,2600,0" yaku="1,1,54,1,53,0" doraHai="85" doraHaiUra="33" who="3" fromWho="0" sc="127,-26,260,0,220,0,383,36" /><INIT seed="2,0,0,1,1,101" ten="101,260,220,419" oya="2" hai0="85,70,107,116,132,11,66,31,67,97,110,28,98" hai1="60,115,103,24,95,37,77,125,26,19,34,82,50" hai2="22,20,9,3,49,14,33,10,23,90,96,127,91" hai3="0,55,4,39,89,32,54,16,114,111,118,69,133"/><V84/><F127/><W47/><G111/><T45/><D110/><U73/><E115/><V86/><F33/><W57/><G118/><T18/><D132/><U58/><E37/><V93/><F3/><W94/><G69/><T46/><D116/><U74/><E74/><V126/><F126/><W68/><G68/><T6/><D85/><U72/><E72/><V43/><F14/><W119/><G32/><T2/><D70/><U83/><E83/><V29/><F29/><W30/><G30/><T12/><D66/><U48/><E34/><V106/><F106/><W122/><G122/><T13/><D67/><U25/><E19/><V121/><F121/><W117/><G133/><T81/><D81/><U76/><E76/><V112/><F112/><W75/><G75/><T44/><D107/><U5/><E5/><V61/><F61/><W62/><G4/><T124/><D124/><U17/><E17/><V56/><F96/><N who="0" m="36970" /><D2/><U108/><E108/><V51/><F51/><W88/><G0/><T52/><D52/><U7/><E7/><V42/><F56/><W71/><G71/><T135/><D135/><U109/><E109/><V129/><F129/><W92/><G114/><T120/><D120/><U131/><E131/><V59/><F59/><W78/><G119/><T134/><D134/><U53/><E125/><V130/><F130/><W38/><G117/><T36/><D36/><U105/><E105/><V99/><F99/><W65/><G39/><T15/><D15/><U113/><E113/><V104/><F104/><W64/><G38/><T123/><D123/><U128/><E128/><RYUUKYOKU ba="0,0" sc="101,15,260,15,220,-15,419,-15" hai0="6,11,12,13,18,28,31,44,45,46" hai1="24,25,26,48,50,53,58,60,73,77,82,95,103" /><INIT seed="3,1,0,2,4,92" ten="116,275,205,404" oya="3" hai0="19,74,126,3,55,73,2,68,9,101,119,10,81" hai1="32,45,63,39,41,25,1,80,88,21,26,51,36" hai2="6,89,82,20,67,93,15,97,44,113,78,109,62" hai3="61,5,99,102,70,0,103,59,53,124,47,64,121"/><W11/><G121/><T98/><D126/><U27/><E1/><V34/><F109/><W112/><G124/><T133/><D119/><U114/><E32/><V31/><F113/><W91/><G112/><T100/><D133/><U37/><E114/><V56/><F34/><W57/><G47/><T7/><D68/><U135/><E63/><V50/><F6/><W46/><G46/><T87/><D55/><U96/><E135/><V85/><F15/><W125/><G125/><T104/><D100/><U29/><REACH who="1" step="1"/><E80/><REACH who="1" ten="116,265,205,404" step="2"/><V86/><F31/><W120/><G120/><T65/><D65/><U24/><E24/><V66/><F20/><W127/><G127/><T28/><D28/><U58/><E58/><V33/><F33/><W131/><G59/><T77/><REACH who="0" step="1"/><D19/><REACH who="0" ten="106,265,205,404" step="2"/><U107/><E107/><V38/><F67/><W13/><G64/><T12/><D12/><U90/><E90/><V106/><F106/><W14/><G14/><T69/><D69/><U108/><E108/><V76/><F78/><W49/><G70/><T42/><D42/><U4/><E4/><AGARI ba="1,2" hai="2,3,4,7,9,10,73,74,77,81,87,98,101,104" machi="4" ten="40,5200,0" yaku="1,1,9,1,52,1,53,0" doraHai="92" doraHaiUra="117" who="0" fromWho="1" sc="106,75,265,-55,205,0,404,0" /><INIT seed="4,0,0,0,1,6" ten="181,210,205,404" oya="0" hai0="91,4,48,32,5,88,118,26,96,90,94,38,49" hai1="132,131,45,110,7,124,22,42,104,29,8,102,130" hai2="97,1,135,15,119,14,115,109,85,112,107,81,16" hai3="25,43,92,37,0,51,101,129,75,74,67,39,35"/><T62/><D118/><U77/><E110/><V18/><F109/><W65/><G51/><T19/><D38/><U106/><E77/><V108/><F108/><W3/><G92/><T31/><D19/><N who="2" m="7210" /><F1/><W73/><G101/><T70/><D49/><U10/><E102/><N who="2" m="62927" /><F119/><W9/><G43/><T79/><D79/><U66/><E66/><V83/><F83/><W53/><G53/><T98/><D48/><U84/><E84/><V44/><F44/><W103/><G103/><T87/><D91/><U13/><E104/><V72/><F72/><W21/><G35/><T82/><REACH who="0" step="1"/><D98/><REACH who="0" ten="171,210,205,404" step="2"/><U36/><E42/><V76/><F135/><W68/><G37/><T58/><D58/><U89/><E36/><V116/><F116/><W64/><G39/><T30/><D30/><U71/><E132/><V125/><F125/><W27/><G68/><T50/><D50/><U20/><E71/><V28/><F28/><W2/><G73/><T54/><D54/><U95/><E29/><V133/><F133/><W61/><G74/><T57/><D57/><U78/><E78/><V24/><F24/><W126/><G75/><T41/><D41/><U100/><E124/><V59/><F59/><W34/><G25/><T46/><D46/><U114/><E45/><V55/><F55/><W123/><G27/><T105/><D105/><U40/><E106/><V113/><AGARI ba="0,1" hai="14,15,76,81,85,112,113,115" m="62927,7210" machi="113" ten="40,2700,0" yaku="15,1,54,1" doraHai="6" who="2" fromWho="2" sc="171,-13,210,-7,205,37,404,-7" /><INIT seed="5,0,0,3,3,9" ten="158,203,242,397" oya="1" hai0="92,121,77,115,94,127,38,118,20,120,23,113,103" hai1="105,47,125,90,7,53,14,101,5,15,40,46,2" hai2="4,66,22,131,62,54,83,63,71,6,10,104,119" hai3="96,133,122,79,49,110,106,134,42,24,72,55,57"/><U107/><E2/><V124/><F119/><W135/><G110/><T80/><D118/><U95/><E101/><V112/><F104/><W52/><G122/><N who="0" m="47211" /><D38/><U16/><E125/><V61/><F124/><W87/><G72/><N who="0" m="43047" /><D127/><U50/><E107/><V11/><F131/><W65/><G24/><T111/><D111/><U75/><E75/><V86/><F112/><N who="0" m="43082" /><D103/><U74/><E74/><V98/><F54/><N who="3" m="31951" /><G65/><T17/><D23/><U91/><E105/><V69/><F22/><W56/><G42/><T81/><D81/><U102/><E102/><V108/><F108/><W45/><G45/><T28/><D28/><U58/><E47/><V27/><F71/><W36/><G36/><T67/><D67/><U51/><E91/><V43/><F43/><W129/><G129/><T32/><D32/><U128/><E128/><V132/><F66/><W84/><G106/><T26/><AGARI ba="0,0" hai="17,20,26,92,94" m="43082,43047,47211" machi="26" ten="30,2000,0" yaku="13,1,15,1" doraHai="9" who="0" fromWho="0" sc="158,20,203,-10,242,-5,397,-5" /><INIT seed="6,0,0,3,4,17" ten="178,193,237,392" oya="2" hai0="5,51,25,100,38,1,18,8,32,105,116,36,68" hai1="87,96,26,19,22,49,55,29,3,106,93,60,21" hai2="27,130,23,4,111,135,97,47,13,20,0,53,122" hai3="41,132,95,104,128,37,45,126,9,2,33,62,129"/><V31/><F122/><W39/><G104/><T48/><D116/><U46/><E3/><V108/><F0/><W28/><G132/><T42/><D68/><U74/><E74/><V50/><F135/><W11/><G126/><T35/><D35/><U56/><E106/><V86/><F130/><N who="3" m="50283" /><G39/><T61/><D61/><U79/><E79/><V63/><F63/><W80/><G2/><T64/><D64/><U14/><E87/><V59/><F47/><W24/><G95/><T123/><D123/><U40/><E93/><V127/><F127/><W77/><G62/><T131/><D131/><U90/><E90/><V102/><F86/><AGARI ba="0,0" hai="9,11,24,28,33,37,41,45,77,80,86" m="50283" machi="86" ten="30,1000,0" yaku="19,1" doraHai="17" who="3" fromWho="2" sc="178,0,193,0,237,-10,392,10" /><INIT seed="7,0,0,3,5,116" ten="178,193,227,402" oya="3" hai0="73,29,105,97,121,9,1,54,36,42,125,18,78" hai1="76,17,115,59,122,77,51,84,109,108,104,66,52" hai2="85,117,7,44,27,22,37,3,35,10,41,43,19" hai3="114,119,135,95,32,103,26,60,82,129,13,45,98"/><W58/><G119/><T74/><D29/><U101/><E122/><V39/><F117/><W67/><G114/><T2/><D54/><U112/><E66/><V50/><F41/><W70/><G129/><T8/><D18/><U134/><E134/><V88/><F35/><W68/><G135/><T111/><D111/><U102/><E17/><V69/><F69/><W38/><G13/><T15/><D15/><U83/><E77/><V30/><F30/><W87/><G32/><T6/><D125/><U40/><E40/><V132/><F132/><W48/><G26/><T4/><D121/><U49/><E49/><V99/><F99/><W61/><G61/><T120/><D120/><U81/><E81/><AGARI ba="0,0" hai="3,7,10,19,22,27,37,39,43,44,50,81,85,88" machi="81" ten="30,2000,0" yaku="7,1,54,1" doraHai="116" who="2" fromWho="1" sc="178,0,193,-20,227,20,402,0" owari="178,-22.0,173,-33.0,247,5.0,402,50.0" /></mjloggm>