<mjloggm ver="2.3"><GO type="185" lobby="0"/><UN n0="%E9%9B%AA%E6%9D%91%E5%8D%83%E7%B5%B5%E8%8E%89" n1="%E3%81%91%E3%82%93%E3%81%97%E3%82%8D%E3%83%BC%E3%83%BC%E3%82%8D" n2="%E9%B4%A8%E6%90%8D" n3="" dan="17,16,16,0" rate="2277.48,2046.49,2114.80,1500.00" sx="F,M,M,C"/><TAIKYOKU oya="0"/><INIT seed="0,0,0,3,0,85" ten="350,350,350,0" oya="0" hai0="55,122,118,54,40,109,98,57,46,126,73,50,62" hai1="61,51,127,114,71,134,0,58,75,91,111,72,60" hai2="35,99,95,64,65,39,133,69,45,44,107,68,84" hai3=""/><T33/><N who="0" m="31264" /><T36/><D33/><U116/><E0/><V83/><F35/><T90/><D118/><U108/><E116/><V130/><F133/><T125/><D73/><U77/><E134/><V86/><F130/><T3/><D3/><U129/><E127/><N who="0" m="48649" /><D109/><U115/><E129/><V32/><F107/><T78/><D78/><U52/><E77/><V74/><F74/><N who="1" m="28201" /><E91/><V41/><F32/><T87/><D98/><U135/><E135/><V38/><F99/><T117/><D117/><U67/><E60/><V42/><F95/><T80/><D36/><U132/><E132/><V37/><F37/><T103/><D103/><U88/><E88/><V2/><F2/><T96/><D96/><U63/><E63/><V131/><F131/><T97/><D97/><U105/><E105/><V76/><F76/><T124/><N who="0" m="48657" /><T56/><DORA hai="1" /><D56/><U112/><AGARI ba="0,0" hai="51,52,58,61,67,71,108,111,112,114,115" m="28201" machi="112" ten="40,2000,0" yaku="11,1,54,1" doraHai="85,1" who="1" fromWho="1" sc="350,-13,350,20,350,-7,0,0" /><INIT seed="1,0,0,5,3,48" ten="337,370,343,0" oya="1" hai0="133,50,32,56,92,1,78,96,74,134,49,73,113" hai1="111,58,95,62,101,93,127,128,124,121,52,60,90" hai2="55,118,69,87,89,41,107,86,80,77,91,39,47" hai3=""/><U40/><N who="1" m="31008" /><U83/><E111/><V63/><F118/><T54/><D1/><U3/><E128/><V135/><F135/><N who="0" m="51722" /><D32/><U108/><E3/><V68/><F107/><T70/><D70/><U100/><E108/><V33/><F33/><T99/><D113/><U125/><E40/><V51/><F63/><T88/><D78/><U94/><E62/><V35/><F77/><T82/><D82/><U115/><E115/><V61/><F61/><T42/><D99/><U75/><E75/><V126/><F126/><T59/><D42/><U123/><N who="1" m="31520" /><U46/><E46/><V129/><F129/><T122/><N who="0" m="31264" /><T130/><D130/><U0/><REACH who="1" step="1"/><E0/><REACH who="1" ten="337,360,343,0" step="2"/><V105/><F35/><T81/><D81/><U72/><E72/><V114/><F114/><T76/><D76/><U97/><E97/><V132/><F132/><T65/><D65/><U45/><E45/><V64/><F64/><T106/><D106/><U109/><E109/><V103/><F41/><T38/><D38/><U116/><E116/><V110/><F39/><T44/><D44/><U98/><E98/><V37/><F110/><T66/><D66/><U67/><E67/><V57/><F37/><T84/><D96/><U112/><E112/><V36/><F36/><RYUUKYOKU ba="0,1" sc="337,10,360,10,343,-20,0,0" hai0="49,50,54,56,59,73,74,84,88,92" hai1="52,58,60,83,90,93,94,95,100,101,124,125,127" /><INIT seed="1,1,1,0,3,44" ten="347,370,323,0" oya="1" hai0="57,62,43,33,118,98,93,50,90,126,78,74,94" hai1="49,71,69,119,88,91,56,128,87,112,95,133,115" hai2="110,111,76,58,116,129,51,124,84,64,59,134,131" hai3=""/><U130/><E119/><V35/><F35/><T77/><D33/><U68/><E133/><V86/><F116/><T2/><D2/><U101/><E101/><V113/><F134/><T135/><D135/><U40/><E91/><V114/><F76/><T60/><D118/><U92/><E92/><V107/><F107/><T53/><D126/><U109/><E109/><V63/><F124/><T72/><D72/><U79/><E79/><N who="0" m="30217" /><D74/><U104/><E104/><V73/><F73/><T34/><D34/><U46/><REACH who="1" step="1"/><E56/><REACH who="1" ten="347,360,323,0" step="2"/><V103/><F103/><T108/><D108/><N who="2" m="41514" /><F84/><T52/><D94/><U120/><N who="1" m="30752" /><U45/><E45/><V100/><F86/><T32/><D32/><U66/><E66/><V38/><F100/><T105/><D105/><U82/><E82/><V121/><N who="2" m="31008" /><V39/><F58/><T61/><D57/><U42/><E42/><V122/><N who="2" m="31264" /><V117/><F117/><T75/><D75/><U1/><E1/><V83/><F83/><T47/><AGARI ba="1,2" hai="43,47,50,52,53,60,61,62,90,93,98" m="30217" machi="47" ten="30,3000,0" yaku="8,1,52,1,54,1" doraHai="44" who="0" fromWho="0" sc="347,52,360,-21,323,-11,0,0" /><INIT seed="2,0,0,0,3,82" ten="399,339,312,0" oya="2" hai0="108,94,66,43,98,110,111,74,49,135,48,117,65" hai1="71,69,77,33,81,93,95,78,99,126,50,124,96" hai2="39,129,123,107,128,76,122,114,62,36,75,51,52" hai3=""/><V0/><BYE who="0" /><N who="2" m="31264" /><V133/><N who="2" m="31520" /><V85/><F0/><UN n0="%E9%9B%AA%E6%9D%91%E5%8D%83%E7%B5%B5%E8%8E%89" /><T37/><D117/><U53/><E33/><V79/><F114/><T38/><D74/><U61/><E61/><V116/><F116/><T130/><D130/><N who="2" m="50282" /><F75/><T47/><D135/><U101/><E69/><V97/><F133/><T40/><D94/><U3/><E71/><V46/><F62/><T44/><REACH who="0" step="1"/><D98/><REACH who="0" ten="389,339,312,0" step="2"/><U57/><E3/><V55/><F85/><T72/><D72/><U63/><E81/><V68/><F107/><T56/><D56/><U100/><REACH who="1" step="1"/><E63/><REACH who="1" ten="389,329,312,0" step="2"/><V88/><F68/><T67/><AGARI ba="0,2" hai="37,38,40,43,44,47,48,49,65,66,67,108,110,111" machi="67" ten="40,9000,2" yaku="1,1,0,1,9,1,14,1,34,3,53,0" doraHai="82" doraHaiUra="102" who="0" fromWho="0" sc="389,110,329,-30,312,-60,0,0" /><INIT seed="4,0,0,0,1,84" ten="499,299,252,0" oya="0" hai0="104,70,121,47,94,37,59,76,78,57,74,36,91" hai1="63,126,69,80,72,38,85,119,77,114,55,52,115" hai2="92,113,101,133,67,134,103,44,124,107,87,89,93" hai3=""/><T43/><N who="0" m="31008" /><T48/><D104/><U108/><E119/><V58/><F44/><T116/><D116/><U54/><E108/><V51/><F51/><T62/><D70/><U98/><E126/><V86/><F58/><T34/><D34/><U97/><E38/><V127/><F67/><T128/><D128/><U35/><E35/><V135/><F113/><N who="1" m="43017" /><E72/><V82/><F107/><T42/><D74/><U125/><E125/><N who="2" m="48203" /><F93/><T0/><D0/><U110/><E110/><V123/><N who="2" m="31520" /><V129/><F129/><T109/><D109/><U102/><E102/><V40/><F40/><T53/><D59/><U131/><E131/><V75/><F75/><T112/><D112/><U65/><AGARI ba="0,0" hai="52,54,55,63,65,69,77,80,85,97,98" m="43017" machi="65" ten="40,3900,0" yaku="15,1,11,1,54,1" doraHai="84" who="1" fromWho="1" sc="499,-26,299,39,252,-13,0,0" /><INIT seed="5,0,0,2,1,120" ten="473,338,239,0" oya="1" hai0="70,59,67,100,132,135,80,84,2,36,92,127,52" hai1="88,118,75,54,131,37,82,99,86,32,102,72,129" hai2="83,47,93,122,85,1,90,38,103,68,55,60,124" hai3=""/><U44/><E32/><V107/><N who="2" m="31264" /><V33/><F1/><T87/><D2/><U61/><E118/><V113/><F33/><T51/><D127/><U104/><E61/><V42/><F124/><T35/><D35/><U109/><E109/><V46/><F113/><T121/><N who="0" m="31008" /><T3/><D3/><U97/><E54/><V0/><F0/><T43/><D100/><U48/><E48/><V111/><F107/><T134/><D92/><U130/><REACH who="1" step="1"/><E99/><REACH who="1" ten="473,328,239,0" step="2"/><V34/><F34/><T64/><D134/><U63/><E63/><V91/><F47/><T95/><D135/><U110/><E110/><V116/><F116/><T128/><D132/><U78/><E78/><V57/><F68/><T119/><D70/><U106/><E106/><V108/><REACH who="2" step="1"/><F103/><REACH who="2" ten="473,328,229,0" step="2"/><T77/><D119/><U117/><E117/><V73/><F73/><T98/><D51/><U66/><E66/><V105/><F105/><T71/><D67/><U45/><E45/><V41/><F41/><AGARI ba="0,2" hai="37,41,44,72,75,82,86,88,97,102,104,129,130,131" machi="41" ten="40,7700,0" yaku="1,1,19,1,54,1,53,0" doraHai="120" doraHaiUra="74" who="1" fromWho="2" sc="473,0,328,97,229,-77,0,0" /><INIT seed="5,1,0,2,0,97" ten="473,425,152,0" oya="1" hai0="68,104,62,64,131,57,2,61,113,117,120,95,69" hai1="106,125,43,33,100,88,42,78,59,73,63,108,90" hai2="66,72,51,65,112,110,98,71,121,123,82,128,79" hai3=""/><U56/><E125/><V89/><N who="2" m="31008" /><V91/><N who="2" m="31520" /><V53/><F110/><T118/><N who="0" m="30752" /><T47/><D2/><U55/><E33/><V92/><F128/><T1/><D1/><U76/><E108/><V102/><F112/><T50/><D104/><U134/><E134/><V83/><F71/><N who="0" m="27210" /><D95/><U48/><E106/><V35/><F35/><T3/><D3/><U46/><E100/><V81/><F81/><T129/><D62/><U0/><E0/><V133/><F133/><T114/><D117/><U34/><E34/><V130/><F130/><N who="0" m="49674" /><D118/><U109/><E109/><V103/><F83/><T58/><D58/><N who="1" m="22059" /><E63/><V67/><REACH who="2" step="1"/><F102/><REACH who="2" ten="473,425,142,0" step="2"/><T52/><AGARI ba="1,1" hai="47,50,52,57,61,64,113,114" m="49674,27210,30752" machi="52" ten="40,6000,1" yaku="19,1,34,2,52,1,54,1" doraHai="97" who="0" fromWho="0" sc="473,72,425,-41,142,-21,0,0" /><INIT seed="6,0,0,0,2,102" ten="545,384,121,0" oya="2" hai0="75,107,85,35,90,2,135,82,65,49,44,53,91" hai1="61,48,69,103,55,86,117,79,113,60,33,98,109" hai2="95,39,115,57,51,0,104,40,37,130,100,34,38" hai3=""/><V106/><F34/><T77/><D35/><U66/><E33/><V84/><F0/><T87/><D2/><U81/><E117/><V63/><F115/><T94/><D135/><U67/><E113/><V58/><F130/><T92/><D107/><U131/><E109/><V52/><F40/><T3/><D3/><U118/><E118/><V116/><F116/><T121/><D65/><U73/><E131/><V56/><F84/><T105/><D105/><U45/><E73/><V120/><N who="2" m="30752" /><AGARI ba="0,0" hai="44,49,53,75,77,82,85,87,90,91,92,94,120,121" machi="120" ten="40,1300,0" yaku="9,1" doraHai="102" who="0" fromWho="2" sc="545,13,384,0,121,-13,0,0" owari="558,51.0,384,-2.0,108,-49.0,0,0.0" /></mjloggm>