<mjloggm ver="2.3"><GO type="169" lobby="0"/><UN n0="%E3%81%AE%E3%81%B3%E3%81%97%E3%82%8D%E2%99%82" n1="%EF%BC%81%E2%80%9D%EF%BC%83%EF%BC%84%EF%BC%85%EF%BC%86%E2%80%99%EF%BC%88" n2="%E5%A0%B4%E6%B3%81%E5%8E%A8" n3="%EF%BC%A9%EF%BC%A3%EF%BC%A8%EF%BC%A9" dan="16,17,16,17" rate="2108.89,2159.04,2186.22,2212.52" sx="M,M,M,M"/><TAIKYOKU oya="0"/><INIT seed="0,0,0,3,1,104" ten="250,250,250,250" oya="0" hai0="99,112,15,48,13,80,79,32,1,73,35,119,113" hai1="135,98,36,93,37,110,49,53,68,121,17,27,124" hai2="4,92,26,58,108,33,114,45,43,123,19,126,105" hai3="89,132,44,42,30,0,66,88,72,34,127,85,3"/><T74/><D119/><U7/><E121/><V28/><F105/><W63/><G127/><T129/><D1/><U57/><E68/><V118/><F126/><W133/><G30/><T90/><D129/><U87/><E110/><V47/><F108/><W115/><G34/><T62/><D62/><U65/><E65/><V10/><F114/><W22/><G115/><T97/><D80/><U67/><E67/><V122/><F118/><W46/><G22/><T91/><D48/><U50/><E135/><N who="3" m="51786" /><G89/><T21/><D79/><U16/><E124/><V64/><F47/><N who="3" m="17963" /><G72/><T86/><D86/><U96/><E87/><V18/><F122/><W2/><G42/><T134/><D134/><U59/><E27/><V56/><F123/><W52/><G52/><T31/><D21/><U14/><E53/><V78/><F78/><W69/><G3/><T75/><REACH who="0" step="1"/><D73/><REACH who="0" ten="240,250,250,250" step="2"/><U103/><E49/><V100/><F43/><W128/><G128/><T109/><D109/><U102/><E50/><V107/><F64/><W60/><G60/><T8/><D8/><U40/><E40/><V82/><F10/><W131/><G131/><T24/><D24/><U106/><E57/><V77/><F58/><W117/><G117/><T83/><D83/><AGARI ba="0,1" hai="0,2,63,66,69,83,85,88" m="17963,51786" machi="83" ten="30,2000,0" yaku="20,1,54,1" doraHai="104" who="3" fromWho="0" sc="240,-20,250,0,250,0,250,30" /><INIT seed="1,0,0,1,0,52" ten="220,250,250,280" oya="1" hai0="32,132,29,98,40,46,74,47,49,110,115,130,73" hai1="28,20,22,106,30,133,82,36,11,113,91,18,100" hai2="26,63,76,95,68,33,88,75,61,45,69,99,101" hai3="78,103,56,24,19,127,23,102,123,34,104,3,125"/><U131/><E113/><V9/><F75/><W71/><G71/><T80/><D110/><U42/><E131/><V83/><F69/><W0/><G123/><T114/><D132/><U105/><E133/><V67/><F61/><W39/><G39/><T128/><D98/><U120/><E120/><V2/><F45/><W57/><G78/><N who="0" m="44111" /><D74/><U15/><E100/><N who="3" m="38442" /><G34/><T8/><D8/><U53/><E42/><V66/><F66/><W35/><G35/><T38/><D29/><U109/><E36/><V48/><F48/><W111/><G104/><T135/><D32/><U70/><E70/><V79/><F83/><W64/><G64/><T86/><D86/><N who="1" m="50647" /><E105/><V118/><F118/><W119/><G111/><T31/><D31/><N who="1" m="11819" /><E106/><V50/><F33/><W12/><G119/><T44/><D135/><U55/><E109/><V96/><F68/><W97/><G97/><T13/><D13/><U41/><E41/><V65/><F99/><W37/><G12/><T16/><D16/><N who="1" m="8319" /><E20/><V17/><F96/><W4/><G3/><T107/><D107/><U92/><E92/><V6/><F2/><W10/><G37/><T62/><D38/><U5/><E5/><V93/><F6/><W21/><G21/><T27/><D115/><U72/><E72/><V116/><F116/><W60/><G0/><T122/><D114/><U129/><E129/><N who="0" m="49769" /><D122/><U134/><E134/><V54/><F9/><W117/><G10/><T85/><D85/><U43/><E43/><V7/><F7/><W77/><G4/><T87/><D87/><U108/><E108/><V59/><F101/><W81/><G23/><RYUUKYOKU ba="0,0" sc="220,-10,250,30,250,-10,280,-10" hai1="18,22,53,55" /><INIT seed="1,1,0,2,5,23" ten="210,280,240,270" oya="1" hai0="72,105,82,119,49,108,40,76,115,74,102,34,14" hai1="73,87,118,69,2,124,83,12,103,47,46,54,9" hai2="112,62,134,21,66,68,109,120,94,10,61,36,6" hai3="25,3,52,132,0,125,4,78,11,58,114,60,75"/><U100/><E118/><V104/><F104/><W22/><G114/><T81/><D34/><U51/><E124/><V131/><F36/><W13/><G125/><T99/><D14/><U43/><E69/><V71/><F120/><W116/><G132/><T48/><D40/><U57/><E73/><V16/><F134/><W80/><REACH who="3" step="1"/><G116/><REACH who="3" ten="210,280,240,260" step="2"/><T18/><D119/><U35/><E2/><V26/><F112/><W24/><G24/><T110/><D115/><U37/><E35/><V92/><F131/><W7/><G7/><T5/><D5/><U123/><E123/><V107/><F109/><W133/><G133/><T77/><REACH who="0" step="1"/><D18/><AGARI ba="1,1" hai="0,3,4,11,13,18,22,25,52,58,60,75,78,80" machi="18" ten="30,7700,0" yaku="1,1,7,1,52,1,54,1,53,0" doraHai="23" doraHaiUra="86" who="3" fromWho="0" sc="210,-80,280,0,240,0,260,90" /><INIT seed="2,0,0,3,3,109" ten="130,280,240,350" oya="2" hai0="26,30,53,111,85,75,4,118,110,117,122,68,115" hai1="8,135,123,45,58,81,46,124,88,59,9,119,130" hai2="49,73,12,36,100,31,11,112,60,39,43,6,23" hai3="84,54,105,2,99,83,89,102,35,72,101,5,69"/><V82/><F100/><W65/><G35/><N who="0" m="20951" /><D75/><U129/><E119/><N who="0" m="45577" /><D68/><U120/><E81/><V98/><F98/><W121/><G121/><N who="1" m="46666" /><E88/><V91/><F112/><W70/><G65/><T133/><D122/><U78/><E78/><V96/><F60/><W42/><G42/><T29/><D85/><U28/><E28/><V62/><F62/><W38/><G38/><T56/><D29/><U134/><E124/><V22/><F96/><W79/><G102/><T131/><D4/><U7/><E58/><V24/><F23/><W1/><G5/><T95/><D95/><U67/><E59/><V128/><F91/><W103/><G103/><T17/><D17/><U15/><E9/><V61/><F61/><W92/><G54/><T127/><D127/><U87/><E87/><V80/><F80/><W33/><G33/><T77/><D77/><U14/><E67/><V108/><F82/><W3/><AGARI ba="0,0" hai="1,2,3,69,70,72,79,83,84,89,92,99,101,105" machi="3" ten="30,4000,0" yaku="0,1,24,2" doraHai="109" who="3" fromWho="3" sc="130,-10,280,-10,240,-20,350,40" /><INIT seed="3,0,0,1,5,24" ten="120,270,220,390" oya="3" hai0="74,130,61,43,68,111,14,8,108,25,81,119,52" hai1="126,72,104,31,92,0,41,2,93,60,29,3,30" hai2="55,76,95,116,75,125,129,27,40,17,94,35,73" hai3="124,22,58,113,69,39,12,16,10,62,13,46,51"/><W32/><G113/><T91/><D119/><U114/><E104/><V78/><F40/><W109/><G124/><T87/><D130/><U100/><E126/><V97/><F125/><W66/><G32/><T135/><D135/><U89/><E72/><V44/><F116/><W9/><G109/><T98/><D43/><U56/><E114/><V79/><F129/><W120/><G120/><T85/><D74/><U7/><E100/><V122/><F122/><W117/><G117/><T70/><D25/><U88/><E7/><V34/><F34/><W21/><G69/><T121/><D121/><U18/><E18/><V132/><F132/><W42/><REACH who="3" step="1"/><G39/><REACH who="3" ten="120,270,220,380" step="2"/><T4/><D108/><U20/><E41/><V1/><F35/><W128/><G128/><T110/><D111/><U83/><E20/><V105/><F75/><W131/><G131/><T57/><D110/><U80/><E92/><V102/><F73/><W15/><G15/><T5/><D68/><U6/><E6/><AGARI ba="0,1" hai="6,9,10,12,13,16,21,22,42,46,51,58,62,66" machi="6" ten="30,11600,0" yaku="1,1,7,1,8,1,54,1,53,0" doraHai="24" doraHaiUra="99" who="3" fromWho="1" sc="120,0,270,-116,220,0,380,126" /><INIT seed="3,1,0,2,4,12" ten="120,154,220,506" oya="3" hai0="80,89,20,69,127,0,56,4,31,83,51,26,46" hai1="16,24,35,120,113,87,10,105,116,97,45,9,88" hai2="30,111,49,50,125,107,41,99,22,135,126,47,108" hai3="59,37,102,32,5,29,122,15,65,131,96,90,81"/><W82/><G122/><T92/><D127/><N who="2" m="48650" /><F107/><W17/><G37/><T27/><D69/><U25/><E113/><V98/><F135/><W11/><G131/><T28/><D56/><U33/><E116/><V18/><F30/><W91/><G65/><T34/><D4/><U129/><E129/><V94/><F50/><W77/><G59/><T42/><REACH who="0" step="1"/><D0/><REACH who="0" ten="110,154,220,506" step="2"/><U79/><E120/><V118/><F118/><W61/><G5/><T72/><D72/><U70/><E70/><V23/><F111/><W112/><G61/><T67/><D67/><U74/><E74/><V52/><F108/><W124/><G124/><T121/><D121/><U8/><E45/><V132/><F132/><W130/><G130/><T101/><D101/><U109/><E109/><V86/><F47/><W62/><G102/><T43/><D43/><U3/><E3/><V68/><F41/><W84/><G62/><T54/><D54/><U13/><E105/><V71/><F68/><W134/><G134/><T66/><D66/><U48/><E48/><V14/><F71/><W40/><G40/><T93/><D93/><N who="1" m="56487" /><E35/><V103/><F49/><W39/><G32/><T123/><D123/><U2/><E2/><V133/><F133/><W38/><G38/><T106/><D106/><U95/><E33/><V57/><F103/><W100/><G100/><T114/><D114/><U76/><E95/><V19/><F57/><W36/><G112/><T119/><D119/><U6/><E6/><V55/><F55/><W7/><G7/><T104/><D104/><U63/><E63/><V21/><F52/><W115/><G39/><RYUUKYOKU ba="1,1" sc="110,30,154,-10,220,-10,506,-10" hai0="20,26,27,28,31,34,42,46,51,80,83,89,92" /><INIT seed="4,2,1,4,3,123" ten="140,144,210,496" oya="0" hai0="43,48,35,18,84,71,63,51,129,13,16,77,98" hai1="56,46,0,105,1,19,30,104,17,42,55,62,7" hai2="32,100,65,75,47,45,95,109,107,5,108,133,85" hai3="126,134,91,74,96,6,67,97,92,36,79,23,33"/><T37/><D129/><U94/><E30/><V124/><F32/><W29/><G36/><T8/><D35/><U128/><E128/><V130/><F130/><W99/><G33/><T106/><D37/><U10/><E0/><V111/><F75/><W119/><G6/><T102/><D43/><U72/><E72/><V93/><F133/><W34/><G67/><T122/><D122/><U41/><E41/><V87/><F124/><W50/><G50/><T114/><D114/><U69/><E69/><V22/><F65/><W121/><G23/><T90/><D77/><U27/><E94/><N who="2" m="35851" /><F22/><W68/><G68/><T101/><D101/><U113/><E113/><V53/><F53/><W52/><G134/><T58/><D18/><U118/><E118/><V2/><F5/><W49/><G119/><T73/><D73/><U103/><E103/><V135/><F100/><W57/><G126/><T115/><D71/><U11/><E27/><V40/><F40/><W89/><G121/><T110/><D115/><U88/><E17/><V38/><F135/><W78/><G29/><T125/><D125/><U20/><E20/><V131/><F131/><W12/><G34/><T66/><REACH who="0" step="1"/><D110/><REACH who="0" ten="130,144,210,496" step="2"/><U59/><E19/><V117/><F38/><W116/><G74/><T4/><D4/><U15/><E7/><V21/><F117/><W132/><G116/><T9/><D9/><U81/><E11/><V14/><F111/><W76/><G132/><T25/><D25/><U3/><E10/><V44/><F109/><W61/><G79/><T80/><AGARI ba="2,2" hai="8,13,16,48,51,58,63,66,80,84,90,98,102,106" machi="80" ten="20,7800,0" yaku="1,1,0,1,7,1,54,1,53,0" doraHai="123" doraHaiUra="70" who="0" fromWho="0" sc="130,104,144,-28,210,-28,496,-28" /><INIT seed="4,3,0,1,2,54" ten="234,116,182,468" oya="0" hai0="84,2,48,4,62,81,55,13,15,106,104,51,129" hai1="91,114,112,26,31,7,10,101,22,126,37,46,96" hai2="14,107,36,5,49,74,70,8,23,117,80,11,21" hai3="39,67,56,68,73,34,75,127,120,0,3,122,29"/><T25/><D129/><U115/><E126/><V82/><F36/><W12/><G68/><T69/><D2/><U118/><E118/><V111/><F70/><W95/><G39/><T41/><D15/><U16/><E91/><V76/><F107/><W6/><G127/><T47/><D25/><U93/><E7/><V58/><F111/><W97/><G34/><T32/><D32/><U89/><E10/><V57/><F117/><W124/><G29/><T50/><D69/><U130/><E130/><V61/><F82/><W131/><G12/><T45/><D62/><U59/><E101/><V132/><F132/><W24/><G24/><T42/><D51/><U103/><E103/><V85/><F74/><W99/><G6/><T77/><REACH who="0" step="1"/><D55/><REACH who="0" ten="224,116,182,468" step="2"/><U128/><E128/><V78/><F11/><AGARI ba="3,1" hai="4,11,13,41,42,45,47,48,50,77,81,84,104,106" machi="11" ten="40,12000,1" yaku="1,1,2,1,9,1,25,2,53,0" doraHai="54" doraHaiUra="110" who="0" fromWho="2" sc="224,139,116,0,182,-129,468,0" /><INIT seed="4,4,0,5,5,8" ten="363,116,53,468" oya="0" hai0="21,46,26,38,119,2,40,94,135,79,113,98,76" hai1="42,104,47,126,105,101,27,73,134,61,32,75,49" hai2="71,128,93,97,36,0,6,86,29,115,63,24,74" hai3="116,54,43,39,123,90,20,111,53,125,127,100,14"/><T99/><D113/><U9/><E126/><V18/><F115/><W50/><G111/><T132/><D119/><U106/><E134/><N who="0" m="51241" /><D2/><U25/><E101/><V70/><F36/><W58/><G116/><T96/><D94/><U10/><E61/><V80/><F74/><W37/><G123/><T60/><D60/><U95/><E95/><V103/><F128/><W83/><G100/><T1/><D1/><U4/><E9/><V56/><F6/><W109/><G39/><T82/><D82/><U107/><E107/><V78/><F18/><AGARI ba="4,0" hai="18,21,26,38,40,46,76,79,96,98,99" m="51241" machi="18" ten="30,1500,0" yaku="20,1" doraHai="8" who="0" fromWho="2" sc="363,27,116,0,53,-27,468,0" /><INIT seed="4,5,0,1,2,87" ten="390,116,26,468" oya="0" hai0="62,126,44,12,98,119,46,89,110,15,125,123,42" hai1="117,53,121,0,18,103,94,31,92,86,100,33,130" hai2="19,73,129,76,7,116,108,135,32,111,63,93,107" hai3="57,52,34,13,24,109,90,25,29,95,60,43,77"/><T118/><D123/><U5/><E117/><V28/><F19/><W36/><G109/><T72/><D110/><U30/><E130/><V51/><F7/><W114/><G77/><T49/><D72/><U16/><E33/><V88/><F51/><W120/><G120/><T50/><D62/><U124/><E124/><V83/><F63/><W69/><G114/><T97/><REACH who="0" step="1"/><D42/><REACH who="0" ten="380,116,26,468" step="2"/><U106/><E121/><V82/><F108/><W10/><G43/><T74/><D74/><U65/><E106/><V27/><F111/><W68/><G60/><T58/><D58/><U55/><E65/><V4/><F116/><W48/><G68/><T79/><D79/><U71/><E71/><V11/><F129/><W84/><G69/><T80/><D80/><U127/><E55/><V40/><F40/><W122/><G122/><T26/><D26/><U99/><E53/><V134/><F83/><W9/><G25/><T128/><D128/><U131/><E131/><V56/><F107/><W70/><G70/><T104/><D104/><U38/><E94/><V14/><REACH who="2" step="1"/><F56/><REACH who="2" ten="380,116,16,468" step="2"/><W6/><G57/><T47/><D47/><U3/><E92/><V67/><F67/><W20/><G52/><T41/><D41/><U78/><E38/><V112/><F112/><W21/><G36/><T133/><D133/><U35/><E78/><V102/><F102/><W85/><G48/><T8/><D8/><U64/><E64/><V59/><F59/><W54/><G54/><T105/><D105/><U39/><E39/><V113/><F113/><W37/><G37/><T1/><D1/><U101/><E0/><RYUUKYOKU ba="5,2" sc="380,15,116,-15,16,15,468,-15" hai0="12,15,44,46,49,50,89,97,98,118,119,125,126" hai2="4,11,14,27,28,32,73,76,82,88,93,134,135" /><INIT seed="4,6,2,2,5,89" ten="395,101,31,453" oya="0" hai0="78,52,56,12,45,58,134,36,132,91,49,82,86" hai1="67,48,77,114,116,71,124,130,9,135,85,127,7" hai2="44,117,105,128,104,75,3,106,60,79,110,40,26" hai3="112,51,4,32,108,109,126,35,30,11,100,19,65"/><T74/><D12/><U87/><E116/><V80/><F117/><W54/><G65/><T101/><D101/><U10/><E130/><V73/><F128/><W22/><G100/><T17/><D17/><U92/><E135/><N who="0" m="51753" /><D36/><U61/><E114/><V133/><F133/><W95/><G19/><T90/><D90/><U50/><E77/><V23/><F110/><W84/><G112/><T103/><D103/><U55/><E9/><V29/><F3/><W1/><G109/><T39/><D39/><U123/><E123/><V27/><F27/><W113/><G113/><T121/><D121/><U63/><E10/><V68/><F73/><W20/><G108/><T76/><D76/><U88/><E7/><V70/><REACH who="2" step="1"/><F60/><REACH who="2" ten="395,101,21,453" step="2"/><W96/><G1/><T111/><D111/><U43/><E61/><V24/><F24/><W83/><G4/><T93/><AGARI ba="6,3" hai="45,49,52,56,58,74,78,82,86,91,93" m="51753" machi="93" ten="30,6000,0" yaku="20,1,52,1,54,1" doraHai="89" who="0" fromWho="0" sc="395,108,101,-26,21,-26,453,-26" owari="503,60.0,75,-32.0,-5,-51.0,427,23.0" /></mjloggm>