<mjloggm ver="2.3"><GO type="169" lobby="0"/><UN n0="%E5%A2%83%E7%95%8C%E3%81%AE%E5%BD%BC%E6%96%B9" n1="%58%4B%58%54%4C%50" n2="%E6%96%B0%E6%89%8B%31%34%32%38%35%37" n3="%E4%B8%83%E6%B5%B7%E5%8D%83%E7%A7%8B" dan="16,16,16,16" rate="2028.97,2070.89,2123.45,2019.51" sx="F,M,M,F"/><TAIKYOKU oya="0"/><INIT seed="0,0,0,0,2,21" ten="250,250,250,250" oya="0" hai0="71,15,1,72,58,79,23,59,80,16,41,61,132" hai1="45,39,101,9,120,112,95,125,38,106,134,127,77" hai2="99,121,126,76,78,64,102,11,12,100,47,3,111" hai3="52,7,55,68,90,0,88,107,63,18,56,8,104"/><T133/><D1/><U92/><E120/><V19/><F121/><W98/><G68/><T65/><REACH who="0" step="1"/><D41/><REACH who="0" ten="240,250,250,250" step="2"/><U22/><E127/><V35/><F126/><W129/><G0/><T46/><D46/><U25/><E45/><V14/><F3/><W83/><G129/><T82/><D82/><U103/><E125/><V87/><F47/><W6/><G83/><T96/><D96/><U119/><E112/><V33/><F99/><W84/><G98/><T105/><D105/><U29/><E106/><V85/><F11/><W13/><G104/><T116/><D116/><U113/><E113/><V54/><F64/><W74/><G107/><T115/><D115/><U34/><E119/><V26/><F54/><W123/><G55/><T86/><D86/><U91/><E9/><V50/><F87/><W135/><G123/><T131/><D131/><U30/><E39/><V37/><F85/><W31/><G84/><T70/><D70/><U73/><E38/><V32/><F37/><W75/><G75/><T20/><D20/><U67/><E67/><V108/><F33/><W117/><G74/><T66/><D66/><U69/><E69/><V118/><F118/><W57/><G117/><T17/><D17/><U89/><E34/><V60/><F19/><W42/><G18/><T124/><D124/><U93/><E73/><V130/><F130/><W81/><G42/><T27/><D27/><U44/><E44/><V36/><F36/><W28/><G52/><T53/><D53/><U10/><E25/><V2/><F26/><W48/><G8/><T114/><D114/><U43/><E10/><RYUUKYOKU ba="0,1" sc="240,30,250,-10,250,-10,250,-10" hai0="15,16,23,58,59,61,65,71,72,79,80,132,133" /><INIT seed="0,1,1,3,5,9" ten="270,240,240,240" oya="0" hai0="125,14,131,93,112,123,6,68,63,129,106,25,94" hai1="47,133,38,124,54,66,27,10,73,59,114,12,99" hai2="5,121,132,64,15,95,20,22,108,128,21,115,30" hai3="79,85,135,90,42,13,86,16,35,69,104,127,28"/><T17/><D106/><U130/><E73/><V41/><F115/><W76/><G69/><T23/><D112/><U78/><E114/><V39/><F121/><W122/><G122/><T1/><D123/><U67/><E133/><V53/><F108/><W46/><G135/><T116/><D125/><U98/><E124/><V29/><F132/><W92/><G104/><T43/><D116/><U26/><E130/><N who="0" m="49673" /><D43/><U71/><E78/><V81/><F64/><N who="1" m="24617" /><E47/><V87/><F128/><W40/><G127/><T119/><D119/><U70/><E38/><V117/><F117/><W57/><G28/><T7/><D68/><U84/><E84/><V33/><F33/><W60/><G35/><T61/><D1/><U11/><E11/><N who="2" m="4591" /><F41/><N who="3" m="15979" /><G46/><T2/><D2/><U24/><E70/><V44/><F39/><W36/><G86/><T118/><D118/><U102/><E71/><V55/><F95/><N who="0" m="36362" /><D25/><U62/><E102/><V3/><F3/><W19/><G36/><T89/><D89/><U0/><E0/><V120/><F120/><W52/><G79/><T50/><D50/><U45/><E45/><V65/><F44/><W101/><G76/><T75/><D75/><U72/><E72/><V96/><F87/><W49/><G101/><T82/><D82/><U134/><E134/><V58/><F81/><W80/><G80/><T37/><D37/><U109/><E109/><V97/><F29/><W105/><G105/><T107/><D107/><U113/><E113/><V34/><F30/><W32/><G49/><T126/><D126/><U51/><E51/><V110/><F110/><W111/><G111/><RYUUKYOKU ba="1,1" sc="270,15,240,15,240,-15,240,-15" hai0="6,7,14,17,23,61,63" hai1="10,12,24,26,27,54,59,62,98,99" /><INIT seed="0,2,1,1,4,53" ten="285,255,225,225" oya="0" hai0="96,37,129,132,135,95,15,29,42,119,79,43,50" hai1="10,134,72,9,108,25,131,38,128,57,36,61,33" hai2="105,133,28,7,109,23,63,55,48,44,83,102,85" hai3="16,35,112,34,64,81,121,98,84,77,27,107,18"/><T39/><D119/><U46/><E72/><V111/><F133/><N who="0" m="51274" /><D129/><N who="1" m="49739" /><E108/><N who="2" m="41547" /><F7/><W2/><G112/><T22/><D79/><U52/><E134/><V123/><F123/><W49/><G2/><T47/><D43/><N who="1" m="22887" /><E38/><V69/><F102/><W66/><G121/><T17/><D29/><AGARI ba="2,1" hai="9,10,25,29,33,52,57,61" m="22887,49739" machi="29" ten="30,3900,0" yaku="19,1,52,1,54,1" doraHai="53" who="1" fromWho="0" sc="285,-45,255,55,225,0,225,0" /><INIT seed="1,0,0,3,3,91" ten="240,310,225,225" oya="1" hai0="6,77,53,95,41,45,62,36,79,76,68,103,105" hai1="17,82,35,83,65,126,57,26,11,1,71,93,16" hai2="132,31,48,37,10,134,119,104,15,52,22,18,114" hai3="90,5,25,96,38,100,3,112,9,78,27,131,54"/><U59/><E126/><V92/><F119/><W28/><G112/><T47/><D6/><U67/><E71/><V118/><F118/><W56/><G38/><T81/><D105/><U60/><E1/><V12/><F104/><W61/><G131/><T89/><D103/><U97/><E35/><V30/><F37/><W87/><G78/><T94/><D68/><U69/><E11/><V86/><F114/><W42/><G42/><T4/><D4/><U125/><E125/><V113/><F113/><W14/><G3/><T116/><D116/><U129/><E129/><V102/><F134/><W2/><G2/><T64/><D64/><U121/><E121/><V34/><F34/><W101/><G28/><T73/><D73/><U8/><E69/><V49/><F49/><W19/><G19/><T135/><D135/><U98/><E8/><V43/><F43/><W21/><G21/><T75/><D75/><U130/><E130/><V109/><F109/><W32/><G32/><T44/><D41/><U108/><E108/><V23/><F132/><W51/><G101/><T122/><D36/><U74/><E74/><V84/><F22/><W46/><G51/><T115/><D122/><U117/><E117/><V127/><F127/><W107/><G46/><T29/><D29/><N who="2" m="10762" /><F15/><W124/><G124/><T24/><D115/><U70/><E70/><V50/><F50/><W0/><G0/><T88/><D24/><U58/><E26/><V33/><F23/><W133/><G133/><T99/><D44/><U20/><E20/><V120/><F33/><W80/><AGARI ba="0,0" hai="5,9,14,25,27,54,56,61,80,87,90,96,100,107" machi="80" ten="20,1500,0" yaku="0,1,7,1" doraHai="91" who="3" fromWho="3" sc="240,-4,310,-7,225,-4,225,15" /><INIT seed="2,0,0,1,1,25" ten="236,303,221,240" oya="2" hai0="126,4,39,1,62,71,92,11,105,87,103,124,6" hai1="132,5,59,55,131,17,27,9,102,128,50,122,115" hai2="18,34,19,130,129,114,43,99,75,127,28,95,118" hai3="8,134,93,20,29,32,33,79,42,66,113,57,56"/><V135/><F75/><W41/><G134/><T52/><D39/><U111/><E111/><V82/><F114/><W38/><G113/><T106/><D6/><U16/><E115/><V110/><F118/><W81/><G8/><T12/><D71/><U10/><E132/><V14/><F135/><W84/><G93/><T22/><D87/><U104/><E122/><V117/><F117/><W85/><G85/><T23/><D92/><U119/><E119/><V94/><F127/><W35/><G38/><T67/><D67/><U65/><E65/><V26/><F110/><W46/><G46/><T44/><D22/><U80/><E80/><V49/><F82/><W30/><G20/><T90/><D90/><U61/><E61/><V77/><F77/><W60/><REACH who="3" step="1"/><G57/><REACH who="3" ten="236,303,221,230" step="2"/><T74/><D23/><N who="1" m="13799" /><E104/><V76/><F95/><W7/><G7/><T108/><D105/><U73/><E73/><V89/><F76/><W51/><G51/><T63/><D74/><U78/><E78/><V31/><F31/><AGARI ba="0,1" hai="29,30,31,32,33,35,41,42,56,60,66,79,81,84" machi="31" ten="40,8000,1" yaku="1,1,52,3,53,0" doraHai="25" doraHaiUra="116" who="3" fromWho="2" sc="236,0,303,0,221,-80,230,90" /><INIT seed="3,0,0,2,1,5" ten="236,303,141,320" oya="3" hai0="8,64,107,115,65,88,68,99,29,4,15,73,108" hai1="18,32,1,62,93,90,59,101,123,58,125,22,54" hai2="100,55,57,71,116,124,7,97,95,0,81,104,6" hai3="60,77,26,42,70,25,69,130,72,17,103,27,76"/><W79/><G72/><T48/><D115/><U110/><E123/><V128/><F116/><W11/><G130/><T92/><D108/><U10/><E110/><V86/><F128/><W66/><G42/><T102/><D73/><U30/><E125/><V109/><F109/><W82/><G103/><T49/><D29/><U131/><E101/><V118/><F118/><W34/><G82/><T78/><D78/><U112/><E112/><V9/><F71/><W74/><G74/><T122/><D122/><U12/><E131/><V80/><F124/><W120/><G120/><T56/><D68/><U46/><E32/><V119/><F119/><W20/><G69/><T28/><D28/><U106/><E106/><V36/><F36/><W38/><G38/><T21/><D21/><U87/><E30/><V94/><F7/><W84/><G84/><T133/><D133/><U67/><E46/><V129/><F129/><W44/><G44/><T33/><D33/><U16/><E1/><V105/><F105/><W47/><G47/><T50/><REACH who="0" step="1"/><D56/><REACH who="0" ten="226,303,141,320" step="2"/><N who="1" m="35095" /><E67/><V111/><F111/><W117/><G34/><T132/><D132/><U39/><E39/><V40/><F40/><W41/><G41/><T63/><D63/><U14/><AGARI ba="0,1" hai="10,12,14,16,18,22,58,59,87,90,93" m="35095" machi="14" ten="30,4000,0" yaku="8,1,52,1,54,1" doraHai="5" who="1" fromWho="1" sc="226,-10,303,50,141,-10,320,-20" /><INIT seed="4,0,0,2,1,92" ten="216,353,131,300" oya="0" hai0="56,95,37,83,12,9,131,58,34,87,4,125,0" hai1="63,25,133,26,110,46,112,108,40,22,80,118,81" hai2="102,88,61,54,128,116,64,18,76,15,60,36,49" hai3="100,123,103,44,72,130,106,115,42,24,126,68,70"/><T5/><D37/><U65/><E118/><V86/><F128/><W85/><G115/><T105/><D131/><U48/><E112/><V53/><F36/><W43/><G130/><T38/><D105/><U59/><E133/><V124/><F124/><W132/><G132/><T134/><D38/><U13/><E13/><V27/><F116/><W51/><G126/><T45/><D34/><U32/><E32/><V89/><F27/><W41/><G72/><T6/><D134/><U101/><E26/><V127/><F127/><W82/><G123/><T19/><D125/><U120/><E120/><V66/><F76/><W31/><G70/><T3/><D45/><U117/><E117/><V1/><F1/><W47/><G68/><T119/><D95/><U8/><E8/><V104/><F104/><W75/><G75/><T55/><D119/><U94/><E108/><V111/><F111/><W77/><G106/><T35/><D35/><U122/><E122/><V2/><F2/><W121/><G121/><T57/><REACH who="0" step="1"/><D55/><REACH who="0" ten="206,353,131,300" step="2"/><U99/><E110/><V96/><F53/><N who="3" m="29927" /><G47/><T107/><D107/><U91/><E101/><V23/><F102/><W78/><G103/><T113/><D113/><U52/><E40/><V62/><F54/><W84/><G100/><T135/><D135/><U93/><E94/><N who="2" m="56399" /><F49/><W33/><G42/><T74/><D74/><U30/><AGARI ba="0,1" hai="22,25,30,46,48,52,59,63,65,80,81,91,93,99" machi="30" ten="20,8000,1" yaku="0,1,7,1,8,1,52,1,54,1" doraHai="92" who="1" fromWho="1" sc="206,-40,353,90,131,-20,300,-20" /><INIT seed="5,0,0,1,3,102" ten="166,443,111,280" oya="1" hai0="67,91,92,49,6,75,58,112,21,50,4,94,103" hai1="1,106,121,24,17,72,27,126,90,133,82,33,80" hai2="7,68,86,40,16,110,0,73,34,128,31,129,38" hai3="14,57,114,8,32,93,30,89,79,69,87,56,3"/><U64/><E121/><V61/><F110/><W19/><G69/><T15/><D75/><U28/><E1/><V23/><F73/><W118/><G114/><T41/><D112/><U53/><E64/><N who="2" m="40975" /><F86/><W42/><G118/><T20/><D103/><U37/><E37/><V88/><F88/><W123/><G123/><T134/><D134/><U101/><E133/><V25/><F40/><W81/><G3/><T117/><D117/><U104/><E126/><V130/><F38/><W115/><G115/><T18/><D21/><U44/><E24/><N who="2" m="14439" /><F0/><W131/><G131/><N who="2" m="33537" /><V48/><DORA hai="47" /><F48/><N who="0" m="18538" /><D41/><U71/><E72/><V45/><F7/><N who="0" m="2602" /><D91/><U29/><E90/><V116/><F116/><W11/><G42/><T43/><D43/><U70/><E71/><V62/><F45/><W51/><G89/><T125/><D125/><U120/><E44/><V96/><F62/><AGARI ba="0,0" hai="15,18,20,58,62,67,92,94" m="2602,18538" machi="62" ten="30,7700,0" yaku="8,1,52,3" doraHai="102,47" who="0" fromWho="2" sc="166,77,443,0,111,-77,280,0" /><INIT seed="6,0,0,5,5,35" ten="243,443,34,280" oya="2" hai0="120,60,15,11,103,101,10,25,75,14,5,68,80" hai1="113,127,34,38,63,77,55,81,133,27,13,87,40" hai2="83,115,57,48,54,70,111,37,29,117,99,42,97" hai3="116,122,86,4,135,26,93,128,1,22,98,107,95"/><V12/><F117/><W33/><G116/><T90/><D120/><U73/><E113/><V47/><F115/><W24/><G122/><T6/><D25/><U106/><E106/><V94/><F111/><W114/><G128/><T131/><D131/><U20/><E133/><V36/><F29/><W109/><G109/><T45/><D45/><U123/><E123/><V74/><F36/><W31/><G135/><T8/><D75/><U89/><E127/><V71/><F97/><W2/><G114/><T125/><D125/><U121/><E121/><V64/><F12/><W30/><G4/><T130/><D130/><U96/><E34/><V52/><F74/><W105/><G105/><T23/><D23/><U17/><E40/><V66/><F83/><W102/><G107/><T39/><D39/><U46/><E46/><N who="2" m="27927" /><F94/><W18/><G95/><T0/><D68/><N who="2" m="26154" /><F99/><W108/><G108/><T41/><D80/><U69/><E69/><V43/><F43/><W28/><G86/><T7/><D41/><U100/><E38/><V9/><F9/><W110/><G110/><T76/><D76/><U50/><E77/><V72/><F72/><W19/><G30/><T53/><D90/><U21/><E73/><V62/><AGARI ba="0,0" hai="37,42,47,52,57,62,64,66" m="26154,27927" machi="62" ten="30,18000,2" yaku="35,5,54,1" doraHai="35" who="2" fromWho="2" sc="243,-60,443,-60,34,180,280,-60" /><INIT seed="6,1,0,4,1,114" ten="183,383,214,220" oya="2" hai0="30,120,103,121,48,70,44,52,37,12,101,115,113" hai1="54,133,11,36,81,132,75,43,49,62,33,104,67" hai2="123,27,15,50,129,126,117,134,64,84,110,131,66" hai3="82,100,68,17,87,14,13,25,79,72,127,19,59"/><V18/><F117/><W21/><G68/><T40/><D30/><U55/><E33/><V42/><F123/><N who="0" m="47178" /><D12/><U124/><E104/><V92/><F27/><W86/><G127/><T34/><D34/><U118/><E118/><V90/><F126/><W96/><G59/><N who="0" m="33159" /><D101/><U56/><E124/><V125/><F125/><W39/><G39/><T111/><D103/><U89/><E11/><N who="2" m="6527" /><F110/><W57/><G57/><T102/><D102/><U2/><E2/><V94/><F94/><W9/><REACH who="3" step="1"/><G25/><REACH who="3" ten="183,383,214,210" step="2"/><T65/><D111/><U76/><E36/><V69/><F69/><W5/><G5/><T31/><D31/><U80/><E56/><V91/><F129/><W97/><G97/><T116/><D116/><U106/><E106/><AGARI ba="1,1" hai="9,13,14,17,19,21,72,79,82,86,87,96,100,106" machi="106" ten="30,2000,0" yaku="1,1,7,1,53,0" doraHai="114" doraHaiUra="63" who="3" fromWho="1" sc="183,0,383,-23,214,0,210,33" /><INIT seed="7,0,0,0,2,126" ten="183,360,214,243" oya="3" hai0="56,48,43,53,19,111,4,5,54,105,127,12,123" hai1="119,15,27,44,1,24,131,130,67,96,49,132,0" hai2="66,94,26,77,57,117,51,41,68,70,42,14,86" hai3="10,135,22,115,3,59,87,75,55,83,106,95,18"/><W113/><G106/><T112/><D123/><U20/><E132/><V38/><F117/><W107/><G107/><T8/><D105/><U64/><E96/><V63/><F38/><W71/><G71/><T13/><D111/><U90/><E90/><N who="2" m="53591" /><F70/><W72/><G135/><T128/><D127/><U134/><E15/><V101/><F101/><W28/><G28/><T98/><D112/><N who="3" m="43081" /><G95/><T81/><D128/><N who="1" m="49195" /><E27/><V9/><F26/><N who="3" m="14679" /><G10/><T31/><D31/><N who="1" m="17799" /><E119/><V47/><F14/><W99/><G99/><T16/><D98/><U58/><E134/><V89/><F9/><W21/><G3/><N who="1" m="1098" /><E58/><V76/><F68/><W121/><G121/><T35/><D35/><U102/><E102/><V129/><F57/><W91/><G21/><T32/><D32/><U36/><E36/><V79/><F129/><W82/><G82/><T65/><D81/><U11/><E11/><V60/><F42/><AGARI ba="0,0" hai="42,44,49,64,67" m="1098,17799,49195" machi="42" ten="30,7700,0" yaku="19,1,52,3" doraHai="126" who="1" fromWho="2" sc="183,0,360,77,214,-77,243,0" owari="183,-22.0,437,54.0,137,-36.0,243,4.0" /></mjloggm>