<mjloggm ver="2.3"><GO type="169" lobby="0"/><UN n0="%E3%81%AA%E3%82%8B%E3%81%9B%E3%81%A7%E3%81%99" n1="%E5%B9%BB%E5%BD%B1%E3%81%AE%E9%9F%B3" n2="%E3%81%A1%E3%82%87%E3%82%8A%E3%81%8A" n3="%E7%81%BC%E7%9C%BC%E3%81%AE%E3%82%A4%E3%83%83%E3%82%B3%E3%82%A6" dan="16,17,16,16" rate="2140.85,2187.77,2101.32,2158.31" sx="M,F,M,M"/><TAIKYOKU oya="0"/><INIT seed="0,0,0,2,3,134" ten="250,250,250,250" oya="0" hai0="122,1,21,76,29,96,120,77,54,20,115,74,66" hai1="92,99,83,87,51,4,22,52,88,86,68,102,33" hai2="62,34,95,39,78,44,105,75,114,41,5,82,35" hai3="58,135,97,17,131,40,121,67,71,111,108,38,25"/><T7/><D66/><U49/><E33/><V129/><F95/><W84/><G71/><T9/><D115/><U63/><E4/><V27/><F114/><W127/><G135/><T2/><D54/><U101/><E68/><V48/><F48/><W12/><G25/><T81/><D77/><U13/><E63/><V6/><F6/><W112/><G112/><T125/><D2/><U73/><E49/><V85/><F129/><W43/><G97/><T65/><D65/><U11/><E73/><V116/><F85/><W80/><G38/><T19/><D29/><U47/><E22/><V31/><F62/><N who="3" m="38359" /><G131/><T91/><D20/><U16/><E87/><V106/><F116/><W37/><G37/><T118/><D118/><U53/><E53/><V103/><F103/><AGARI ba="0,0" hai="11,13,16,47,51,52,83,86,88,92,99,101,102,103" machi="103" ten="30,12000,2" yaku="7,1,25,2,8,1,54,3" doraHai="134" who="1" fromWho="2" sc="250,0,250,120,250,-120,250,0" /><INIT seed="1,0,0,4,1,85" ten="250,370,130,250" oya="1" hai0="50,6,8,0,105,45,116,65,53,77,62,100,37" hai1="46,94,59,102,24,31,121,7,123,27,114,12,96" hai2="26,33,79,44,41,69,58,113,88,92,19,9,60" hai3="47,122,42,35,112,56,106,110,3,87,18,5,117"/><U68/><E68/><V90/><F69/><W17/><G35/><T120/><D120/><U101/><E114/><V30/><F113/><W22/><G106/><T103/><D116/><U128/><E128/><V82/><F92/><W1/><G122/><T72/><D105/><U15/><E46/><V111/><F111/><W51/><G110/><T98/><D98/><U52/><E121/><V11/><F11/><W32/><G32/><T97/><D97/><U130/><E130/><V21/><F9/><W55/><G5/><T86/><D72/><U99/><E123/><V125/><F125/><W4/><G4/><T43/><D77/><U127/><E127/><V54/><F33/><W16/><G22/><T132/><D132/><U39/><E39/><V49/><REACH who="2" step="1"/><F30/><REACH who="2" ten="250,370,120,250" step="2"/><W129/><G112/><T14/><D0/><U36/><E31/><V119/><F119/><W63/><G129/><T134/><D134/><U133/><E133/><V20/><F20/><W23/><G23/><T75/><D8/><U10/><E94/><V38/><F38/><W135/><G135/><T89/><D37/><U78/><E36/><V80/><F80/><W29/><G29/><T64/><D6/><U61/><E10/><V81/><F81/><W28/><G28/><T118/><D118/><U91/><E7/><V115/><F115/><W40/><G117/><T107/><D107/><U76/><E102/><V71/><F71/><W2/><G2/><T108/><D103/><U25/><E101/><V48/><F48/><W73/><G3/><T57/><D100/><U13/><E99/><V93/><F93/><RYUUKYOKU ba="0,1" sc="250,-15,370,15,120,15,250,-15" hai1="12,13,15,24,25,27,52,59,61,76,78,91,96" hai2="19,21,26,41,44,49,54,58,60,79,82,88,90" /><INIT seed="1,1,1,4,5,125" ten="235,385,135,235" oya="1" hai0="82,130,101,43,24,120,27,111,78,26,47,10,23" hai1="38,50,5,122,22,15,119,123,92,64,9,86,98" hai2="11,105,90,18,116,37,66,118,114,106,12,65,13" hai3="129,7,69,60,30,51,33,54,128,124,70,19,44"/><U85/><E38/><V28/><F37/><W17/><G124/><T117/><D120/><U57/><E119/><V132/><F28/><W121/><G121/><T95/><D117/><U53/><E123/><V77/><F77/><W76/><G76/><T126/><D126/><U68/><E122/><V110/><F114/><W61/><G7/><T1/><D111/><U115/><E115/><V83/><F110/><W6/><G6/><T133/><D133/><U52/><E68/><V131/><F132/><W42/><G33/><T39/><D101/><U127/><E64/><V56/><F105/><W102/><G30/><T87/><D95/><U91/><E127/><V55/><F106/><W113/><G102/><T41/><D41/><U107/><E107/><V58/><F58/><N who="3" m="33119" /><G17/><T31/><D10/><U81/><E81/><V59/><F59/><W134/><G19/><T84/><D1/><U72/><E72/><V80/><F66/><W25/><G25/><T71/><D71/><N who="3" m="27145" /><G113/><T35/><D26/><U88/><E91/><V4/><F65/><W63/><G134/><T112/><D112/><U108/><E108/><V8/><F116/><W16/><G16/><T34/><D27/><U109/><E109/><V74/><F118/><W75/><G75/><T94/><D34/><U21/><E53/><V104/><F104/><W103/><G103/><T67/><D35/><U73/><E73/><V97/><F74/><W46/><G46/><T93/><D31/><U2/><E2/><V89/><F89/><W79/><G79/><T49/><D78/><U100/><E100/><V29/><F90/><RYUUKYOKU ba="1,1" sc="235,-15,385,15,135,-15,235,15" hai1="5,9,15,21,22,50,52,57,85,86,88,92,98" hai3="42,44,60,61,63,128,129" /><INIT seed="1,2,1,2,1,40" ten="220,400,120,250" oya="1" hai0="66,60,22,39,16,84,101,110,115,93,111,131,2" hai1="83,87,31,98,68,114,3,47,29,36,134,17,20" hai2="107,35,126,81,103,91,45,86,71,79,34,11,109" hai3="23,118,113,51,56,120,124,89,61,49,33,74,41"/><U82/><E68/><V30/><F71/><W129/><G33/><T73/><D39/><U26/><E3/><V25/><F35/><W14/><G74/><T90/><D73/><U128/><E114/><V132/><F109/><N who="0" m="41482" /><D115/><U44/><E128/><V6/><F132/><W88/><G120/><T48/><D131/><U27/><E36/><V57/><F57/><W75/><G75/><T78/><D2/><U7/><E7/><V5/><F126/><W0/><G0/><T50/><D78/><N who="1" m="46551" /><E134/><V9/><F9/><W58/><G124/><T15/><D101/><U37/><E37/><V12/><F5/><W4/><G118/><T13/><D13/><U85/><E98/><V105/><F103/><W123/><G123/><T112/><D112/><U117/><E117/><V80/><F80/><W122/><G122/><T94/><D94/><U55/><E55/><V100/><F100/><W108/><G108/><T116/><D116/><U46/><E27/><V59/><F91/><AGARI ba="2,1" hai="17,20,26,29,31,44,46,47,83,85,91" m="46551" machi="91" ten="30,11600,0" yaku="8,1,52,3" doraHai="40" who="1" fromWho="2" sc="220,0,400,132,120,-122,250,0" owari="220,-18.0,532,63.0,-2,-50.0,250,5.0" /></mjloggm>