<mjloggm ver="2.3"><GO type="169" lobby="0"/><UN n0="%E6%AF%94%E5%98%89%E6%84%9B%E6%9C%AA" n1="%E3%82%B7%E3%83%B3%E5%A4%AA%E6%9C%97" n2="%E5%A4%A7%E8%94%B5%E9%81%8A%E6%98%9F" n3="%E5%B8%B0%E3%82%8A%E3%81%9F%E3%81%84%E3%80%82" dan="16,16,16,17" rate="2108.20,2068.41,2120.22,2168.12" sx="F,M,F,M"/><TAIKYOKU oya="0"/><INIT seed="0,0,0,1,5,53" ten="250,250,250,250" oya="0" hai0="128,64,41,112,16,77,125,26,119,105,49,59,95" hai1="15,109,44,22,133,76,30,74,38,14,123,92,68" hai2="51,57,36,24,0,116,97,13,82,130,50,73,110" hai3="80,5,19,100,29,72,96,106,94,104,2,132,115"/><T79/><D112/><U54/><E68/><V127/><F0/><W111/><G115/><T52/><D119/><U18/><E123/><V78/><F116/><W28/><G111/><T40/><D105/><U108/><E133/><V107/><F36/><W124/><G124/><T88/><D125/><U131/><E131/><V87/><F127/><W6/><G132/><T75/><D128/><U99/><E30/><V101/><F130/><W32/><G32/><T35/><D64/><U45/><E38/><V134/><F134/><W91/><G19/><T61/><D35/><U81/><E14/><V31/><F110/><N who="1" m="42601" /><E54/><V113/><F113/><W103/><G2/><T58/><D75/><U39/><E39/><V21/><F13/><W27/><G27/><T42/><D49/><U47/><E47/><V12/><F12/><W4/><G106/><T62/><D59/><U69/><E69/><V121/><F121/><W118/><G103/><AGARI ba="0,0" hai="15,18,22,44,45,74,76,81,92,99,103" m="42601" machi="103" ten="30,1000,0" yaku="14,1" doraHai="53" who="1" fromWho="3" sc="250,0,250,10,250,0,250,-10" /><INIT seed="1,0,0,0,4,5" ten="250,260,250,240" oya="1" hai0="77,83,36,45,58,48,15,94,114,10,30,135,87" hai1="99,72,63,93,89,24,50,53,61,132,90,115,124" hai2="9,103,13,35,75,18,32,22,26,37,131,70,40" hai3="80,117,105,62,42,85,79,0,38,55,121,100,44"/><U2/><E115/><V17/><F70/><W16/><G121/><T104/><D114/><U66/><E72/><V14/><F75/><W126/><G126/><T11/><D104/><U56/><E124/><V52/><F37/><W69/><G117/><T31/><D135/><U34/><E132/><V60/><F40/><W96/><G0/><T39/><D39/><U86/><E2/><V76/><F76/><W128/><G128/><T54/><D36/><U46/><E34/><V133/><F133/><W7/><G7/><N who="0" m="3551" /><D94/><U68/><E24/><V65/><F131/><W101/><G101/><T4/><D58/><U92/><REACH who="1" step="1"/><E63/><REACH who="1" ten="250,250,250,240" step="2"/><V47/><F35/><W74/><G62/><T84/><D84/><U81/><E81/><V125/><F32/><W20/><G85/><T97/><D97/><U43/><E43/><V107/><F125/><W59/><G80/><T41/><D41/><U120/><E120/><V119/><F26/><W29/><G74/><T95/><D83/><U113/><E113/><V21/><F119/><W98/><G98/><T3/><D3/><U12/><E12/><V106/><F60/><W67/><G96/><T71/><D87/><U82/><E82/><V111/><F14/><W78/><G42/><T19/><D77/><U109/><E109/><V127/><F111/><W122/><G79/><T88/><D48/><U8/><E8/><V23/><F9/><W73/><G78/><T51/><D11/><U6/><E6/><V57/><F13/><W129/><G38/><T25/><D4/><U134/><E134/><V108/><F127/><W27/><G73/><RYUUKYOKU ba="0,1" sc="250,-10,250,30,250,-10,240,-10" hai1="46,50,53,56,61,66,68,86,89,90,92,93,99" /><INIT seed="1,1,1,1,2,102" ten="240,280,240,230" oya="1" hai0="26,67,78,19,71,10,77,5,47,111,51,106,30" hai1="28,76,6,73,22,42,18,36,29,2,82,24,57" hai2="59,118,99,100,68,125,31,119,49,60,133,55,116" hai3="120,126,16,107,35,41,128,63,52,70,3,113,38"/><U112/><E112/><V37/><F31/><W11/><RYUUKYOKU type="yao9" ba="1,1" sc="240,0,280,0,240,0,230,0" hai3="3,11,16,35,38,41,52,63,70,107,113,120,126,128" /><INIT seed="1,2,1,4,2,2" ten="240,280,240,230" oya="1" hai0="52,72,12,130,133,63,38,21,66,29,116,8,135" hai1="44,127,121,36,87,115,53,6,10,122,74,103,16" hai2="95,93,132,97,1,40,134,39,17,42,79,88,5" hai3="46,28,80,124,67,51,84,69,113,104,101,32,68"/><U105/><E115/><V118/><F118/><W110/><G113/><T14/><D116/><U18/><E74/><V117/><F117/><W76/><G110/><T89/><D72/><U11/><E127/><V56/><F79/><W91/><G124/><T60/><D38/><U7/><E103/><V109/><F109/><W107/><G67/><T114/><D114/><U92/><E105/><V64/><F17/><W4/><G28/><T111/><D111/><U90/><E53/><V59/><F93/><W75/><G32/><T31/><D130/><U99/><E44/><N who="2" m="23583" /><F42/><W30/><G30/><T108/><D108/><U15/><E36/><V106/><F106/><W25/><G25/><T73/><D73/><U3/><REACH who="1" step="1"/><E99/><REACH who="1" ten="240,270,240,230" step="2"/><V58/><F64/><W23/><G101/><T27/><D66/><U48/><E48/><V43/><F43/><W24/><G104/><T123/><D52/><U81/><E81/><V119/><F119/><W54/><G107/><T35/><D35/><U65/><E65/><V41/><F41/><W55/><G55/><T0/><D60/><U125/><E125/><V82/><F82/><W50/><G50/><T128/><D63/><U78/><E78/><V112/><F112/><W34/><G34/><T62/><D62/><U85/><E85/><V94/><F94/><N who="3" m="54631" /><G69/><T77/><D77/><U20/><E20/><V102/><F102/><W57/><G68/><T49/><D49/><U37/><E37/><V13/><F59/><W100/><G57/><N who="2" m="22121" /><F134/><W120/><G100/><T71/><D71/><U9/><E9/><N who="2" m="4271" /><F132/><W86/><G75/><T61/><D135/><RYUUKYOKU ba="2,2" sc="240,-15,270,15,240,15,230,-15" hai1="3,6,7,10,11,15,16,18,87,90,92,121,122" hai2="1,88,95,97" /><INIT seed="1,3,2,3,5,103" ten="225,285,255,215" oya="1" hai0="125,30,2,118,29,70,134,94,42,23,48,66,85" hai1="27,11,90,41,81,0,40,114,135,25,82,77,22" hai2="92,32,19,53,64,31,75,65,36,97,101,86,4" hai3="13,78,52,67,15,61,130,133,49,37,116,106,17"/><U47/><E114/><V96/><F75/><W69/><G130/><T110/><D118/><U63/><E135/><V95/><F36/><W121/><G121/><T9/><D134/><U10/><E41/><V126/><F126/><W98/><G133/><T38/><D38/><U14/><E0/><V1/><F32/><W34/><G37/><T54/><D42/><U6/><E63/><V50/><F31/><W107/><G34/><T104/><D104/><U131/><E131/><V122/><F122/><W79/><G13/><T93/><D110/><U100/><E100/><V115/><F115/><W113/><G113/><T124/><D66/><U68/><E68/><V105/><F19/><W119/><G98/><T46/><D70/><U12/><E90/><V24/><F24/><W80/><G79/><T18/><D85/><N who="1" m="48303" /><E82/><V62/><F86/><W5/><G5/><N who="0" m="1207" /><D94/><U60/><E60/><V108/><F108/><W91/><G91/><T128/><D93/><U83/><E22/><V28/><F95/><W74/><G116/><T3/><D3/><U73/><E83/><V51/><F92/><W44/><G119/><T111/><D111/><U20/><E20/><AGARI ba="3,2" hai="15,17,20,44,49,52,61,67,69,74,78,80,106,107" machi="20" ten="30,7700,0" yaku="7,1,52,2,54,1" doraHai="103" who="3" fromWho="1" sc="225,0,285,-86,255,0,215,106" /><INIT seed="2,0,0,0,1,25" ten="225,199,255,321" oya="2" hai0="90,28,30,1,132,127,31,103,6,43,124,21,49" hai1="109,108,29,66,39,50,18,10,61,32,26,131,88" hai2="33,99,85,81,12,80,74,79,92,48,130,111,86" hai3="44,101,97,57,100,128,94,93,53,3,13,15,0"/><V77/><F33/><W17/><G128/><T76/><D103/><U34/><E39/><V5/><F48/><W129/><G129/><T70/><D70/><U22/><E131/><V96/><F130/><W64/><G0/><T106/><D106/><U40/><E34/><V102/><F5/><W72/><G72/><T11/><D132/><U83/><E10/><V107/><F12/><W110/><G3/><T46/><D76/><U19/><E50/><V82/><F111/><N who="1" m="42569" /><E40/><V114/><F114/><W54/><G110/><T117/><D117/><U69/><E32/><V84/><F81/><W125/><G125/><N who="0" m="48203" /><D90/><AGARI ba="0,0" hai="74,77,79,80,82,84,85,86,90,92,96,99,102,107" machi="90" ten="30,18000,2" yaku="7,1,35,6" doraHai="25" who="2" fromWho="0" sc="225,-180,199,0,255,180,321,0" /><INIT seed="2,1,0,3,1,122" ten="45,199,435,321" oya="2" hai0="132,135,100,115,22,59,86,62,21,134,127,128,17" hai1="119,4,84,78,34,60,77,117,43,39,104,16,26" hai2="0,44,93,90,38,94,82,101,49,118,50,66,120" hai3="81,85,9,40,5,1,46,79,92,31,96,65,57"/><V74/><F120/><W69/><G31/><T88/><D115/><U131/><E104/><V24/><F118/><W102/><G69/><T63/><D127/><U129/><E39/><V87/><F0/><W123/><G123/><T52/><D128/><N who="1" m="49227" /><E43/><V76/><F66/><W80/><G65/><T106/><D63/><U124/><E4/><V45/><F38/><W73/><G57/><T58/><D58/><U72/><E72/><V27/><F101/><W107/><G81/><N who="0" m="49231" /><D17/><U41/><E41/><V61/><F61/><W64/><G64/><T11/><D11/><U105/><E105/><V97/><F74/><W53/><G53/><T8/><D8/><U48/><E60/><V29/><F94/><W133/><G133/><N who="0" m="34051" /><T7/><DORA hai="98" /><D7/><U10/><E124/><V32/><REACH who="2" step="1"/><F27/><REACH who="2" ten="45,199,425,321" step="2"/><W33/><G107/><T91/><D91/><U130/><E130/><V126/><F126/><W103/><G73/><T111/><D111/><U13/><E26/><V68/><F68/><W70/><G70/><T20/><D106/><U19/><E119/><V110/><F110/><W99/><G92/><T42/><D42/><U114/><E117/><V30/><F30/><W125/><G125/><T51/><D62/><U2/><E2/><V67/><F67/><W12/><G1/><T95/><D95/><U56/><E114/><V47/><AGARI ba="1,1" hai="24,29,32,44,45,47,49,50,76,82,87,90,93,97" machi="47" ten="30,3000,0" yaku="1,1,0,1,53,0" doraHai="122,98" doraHaiUra="36,37" who="2" fromWho="2" sc="45,-11,199,-11,425,43,321,-11" /><INIT seed="2,2,0,2,5,102" ten="34,188,468,310" oya="2" hai0="29,6,25,40,129,105,3,80,131,86,19,113,128" hai1="45,50,98,37,121,99,124,48,60,7,44,39,120" hai2="84,89,49,54,30,125,76,10,8,100,107,78,16" hai3="126,118,9,17,21,36,114,134,73,18,119,26,112"/><V132/><F125/><W27/><G36/><N who="1" m="13898" /><E7/><V34/><F132/><W28/><G73/><T0/><D40/><N who="1" m="24583" /><E98/><V46/><F10/><W38/><G38/><T5/><D86/><U87/><E87/><V51/><F51/><W55/><G55/><T31/><D80/><U115/><E99/><N who="2" m="61855" /><F30/><N who="0" m="11274" /><D105/><U94/><E94/><V93/><F93/><W79/><G79/><T62/><D62/><U69/><E115/><N who="3" m="44074" /><G126/><T33/><D113/><U117/><E117/><N who="3" m="44554" /><G134/><T12/><D25/><U57/><E69/><V106/><F106/><W82/><G82/><T14/><D33/><U24/><E24/><V72/><F72/><W90/><G90/><T13/><D19/><N who="3" m="7177" /><G26/><T109/><D109/><U92/><E92/><V35/><F78/><W77/><G77/><T95/><D95/><U88/><E88/><V67/><F67/><W68/><G68/><T70/><D70/><U63/><E124/><V108/><F76/><W47/><G47/><T66/><D66/><N who="1" m="39183" /><E63/><V23/><F89/><W85/><G85/><T2/><AGARI ba="2,0" hai="0,2,3,5,6,12,13,14,128,129,131" m="11274" machi="2" ten="50,12000,2" yaku="29,2,28,2,19,1,34,2" doraHai="102" who="0" fromWho="0" sc="34,126,188,-32,468,-62,310,-32" /><INIT seed="3,0,0,4,2,106" ten="160,156,406,278" oya="3" hai0="54,64,118,22,87,61,92,81,10,93,86,88,73" hai1="115,101,29,105,96,28,69,8,110,109,50,107,31" hai2="135,11,74,55,41,117,72,70,38,95,26,19,57" hai3="113,120,32,48,66,44,17,133,63,114,46,5,77"/><W67/><G120/><T6/><D118/><U40/><E69/><V102/><F70/><W18/><G133/><T21/><D54/><U128/><E115/><V125/><F117/><W108/><G32/><T0/><D73/><U33/><E128/><V45/><F135/><W7/><G77/><T16/><D87/><U83/><E107/><V36/><F36/><W112/><G48/><T23/><REACH who="0" step="1"/><D16/><REACH who="0" ten="150,156,406,278" step="2"/><N who="3" m="6249" /><G108/><T68/><AGARI ba="0,1" hai="0,6,10,21,22,23,61,64,68,81,86,88,92,93" machi="68" ten="30,4000,0" yaku="1,1,0,1,54,1,53,0" doraHai="106" doraHaiUra="24" who="0" fromWho="0" sc="150,50,156,-10,406,-10,278,-20" /><INIT seed="4,0,0,5,5,75" ten="200,146,396,258" oya="0" hai0="28,19,4,125,108,49,131,71,70,81,42,2,11" hai1="123,79,117,41,84,18,58,26,64,68,78,90,7" hai2="8,22,120,45,118,102,129,101,29,50,93,59,105" hai3="100,65,96,106,92,15,121,44,1,5,94,46,85"/><T17/><D131/><U3/><E117/><V112/><F120/><W95/><G1/><T132/><D132/><U40/><E123/><V23/><F105/><W53/><G121/><T56/><D125/><U52/><E68/><V107/><F107/><W124/><G124/><T48/><D28/><U130/><E64/><V67/><F129/><W87/><G65/><T80/><D108/><U86/><E130/><V111/><F111/><W0/><G0/><T110/><D110/><U104/><E104/><V51/><F59/><W73/><G73/><T135/><D135/><U133/><E7/><V83/><F93/><W82/><G53/><T99/><D99/><U89/><E3/><V21/><F67/><W72/><G72/><T33/><D33/><U76/><E133/><V98/><F29/><W113/><G87/><N who="1" m="33322" /><E18/><V27/><F27/><W47/><G113/><T38/><D38/><U25/><E26/><V127/><F127/><W97/><G15/><T60/><D70/><U16/><E41/><V69/><F69/><W35/><G5/><T9/><D71/><U30/><E40/><V37/><F37/><W115/><G115/><T14/><D19/><U39/><E30/><V66/><F112/><W31/><G31/><T32/><D32/><U34/><E34/><V61/><F66/><W10/><G35/><T6/><D6/><U119/><E39/><V24/><F24/><W103/><REACH who="3" step="1"/><G10/><REACH who="3" ten="200,146,396,248" step="2"/><T109/><D109/><U88/><E119/><V77/><F118/><W54/><G54/><N who="0" m="33815" /><D42/><U63/><E25/><V55/><F8/><W126/><G126/><T20/><D11/><RYUUKYOKU ba="0,1" sc="200,10,146,10,396,-30,248,10" hai0="2,4,9,14,17,20,48,49,80,81" hai1="16,52,58,63,76,78,79,88,89,90" hai3="44,46,47,82,85,92,94,95,96,97,100,103,106" /><INIT seed="4,1,1,0,4,86" ten="210,156,366,258" oya="0" hai0="11,90,115,87,69,23,123,99,126,71,14,33,34" hai1="16,134,49,12,111,83,15,64,121,114,9,48,59" hai2="30,17,105,35,36,124,95,85,72,24,63,82,58" hai3="3,47,77,5,106,103,133,29,38,120,52,74,89"/><T7/><D123/><U110/><E121/><V67/><F124/><W135/><G120/><T132/><D126/><U1/><E1/><V104/><F36/><W20/><G103/><T65/><D115/><U107/><E134/><N who="3" m="51210" /><G106/><T25/><D132/><U37/><E37/><V131/><F131/><W84/><G77/><T128/><D99/><U98/><E114/><V51/><F72/><W117/><G74/><T31/><D128/><U113/><E113/><V66/><F95/><W96/><G96/><T101/><D101/><U32/><E32/><V27/><F67/><W13/><G3/><T26/><D65/><U28/><E28/><V22/><REACH who="2" step="1"/><F51/><REACH who="2" ten="210,156,356,258" step="2"/><W108/><G38/><T56/><D56/><U41/><E49/><V80/><F80/><W44/><G108/><T125/><D125/><U54/><E83/><V130/><F130/><W8/><G117/><T6/><D69/><U127/><E64/><V122/><F122/><W102/><G44/><T46/><D46/><U50/><E127/><V45/><F45/><W43/><G47/><T60/><D71/><U129/><E129/><V116/><F116/><W78/><G43/><T92/><D60/><U0/><E48/><V21/><F21/><W100/><G20/><T70/><D70/><U61/><E41/><V57/><F57/><W4/><G8/><N who="0" m="4375" /><D33/><U2/><E61/><V55/><F55/><W18/><G52/><T42/><D42/><U93/><E110/><V75/><F75/><W81/><G102/><T109/><D109/><U19/><E111/><V119/><F119/><W39/><G100/><T73/><D34/><RYUUKYOKU ba="1,2" sc="210,-10,156,-10,356,30,258,-10" hai2="17,22,24,27,30,35,58,63,66,82,85,104,105" /><INIT seed="5,2,2,0,5,89" ten="200,146,386,248" oya="1" hai0="103,78,23,106,80,66,27,30,64,58,25,39,120" hai1="118,119,46,62,83,121,56,91,85,95,86,14,84" hai2="8,2,130,71,79,77,26,116,42,3,99,52,51" hai3="44,21,108,65,49,135,68,6,104,57,94,11,81"/><U125/><E121/><V107/><F116/><W129/><G104/><T9/><D39/><U76/><E125/><V105/><F71/><W69/><G108/><T126/><D126/><U20/><E46/><V117/><F117/><W38/><G129/><T88/><D120/><U74/><E14/><V92/><F42/><W61/><G135/><T15/><D27/><U115/><E115/><V4/><F2/><W32/><G32/><T63/><D106/><U96/><REACH who="1" step="1"/><E20/><REACH who="1" ten="200,136,386,248" step="2"/><V22/><F130/><W123/><G21/><T131/><D131/><U36/><E36/><V28/><F77/><W97/><G38/><T37/><D37/><U34/><E34/><V73/><F79/><W17/><G44/><T100/><D78/><U59/><E59/><V16/><F73/><W101/><G57/><T134/><D134/><U98/><E98/><V133/><F133/><W102/><G69/><T13/><D13/><U0/><E0/><V109/><F109/><W122/><G122/><T90/><D15/><U132/><E132/><V93/><F99/><W113/><G113/><T87/><D58/><U114/><E114/><V40/><F3/><W7/><G68/><T110/><D110/><U5/><E5/><V33/><F4/><W10/><G6/><T60/><D23/><U111/><E111/><V50/><F22/><W18/><G7/><T31/><D25/><U35/><E35/><V41/><F33/><W72/><G72/><T29/><D30/><U124/><E124/><V67/><F28/><W45/><G123/><T75/><D75/><U70/><E70/><V24/><F26/><RYUUKYOKU ba="2,3" sc="200,-10,136,30,386,-10,248,-10" hai1="56,62,74,76,83,84,85,86,91,95,96,118,119" /><INIT seed="5,3,3,3,4,122" ten="190,166,376,238" oya="1" hai0="103,80,87,110,81,41,54,107,97,83,37,119,125" hai1="7,59,123,52,12,4,25,71,93,79,10,76,121" hai2="117,32,26,96,22,128,100,106,78,64,0,46,33" hai3="50,40,1,2,42,20,56,53,105,109,126,11,17"/><U70/><E121/><V19/><F117/><W134/><G109/><T28/><D119/><U23/><E123/><V13/><F0/><W104/><G126/><T58/><D110/><U65/><E71/><V116/><F116/><W86/><G134/><T111/><D111/><U39/><E39/><V135/><F135/><W3/><G11/><T118/><D118/><U114/><E114/><V8/><F128/><W102/><G86/><T63/><D125/><U132/><E132/><V124/><F124/><W82/><G82/><T51/><D37/><U47/><E70/><V94/><F78/><N who="1" m="29737" /><E65/><V127/><F127/><W131/><G131/><T61/><D28/><N who="1" m="17471" /><E47/><V9/><F9/><W49/><G102/><T92/><D41/><U73/><E93/><V115/><F115/><W60/><G40/><T129/><D129/><U101/><E101/><V35/><F64/><W85/><G42/><T74/><D74/><U88/><E73/><V66/><F66/><W16/><G105/><T21/><D107/><U112/><E88/><V130/><F130/><W120/><G104/><T6/><D87/><U90/><E90/><V24/><F106/><W84/><G85/><T108/><D108/><U91/><E91/><V77/><F46/><W68/><G84/><T43/><D43/><U15/><E112/><V72/><REACH who="2" step="1"/><F8/><REACH who="2" ten="190,166,366,238" step="2"/><W48/><G120/><T34/><D83/><AGARI ba="3,4" hai="13,19,22,24,26,32,33,35,72,77,83,94,96,100" machi="83" ten="40,2600,0" yaku="1,1,2,1,53,0" doraHai="122" doraHaiUra="36" who="2" fromWho="0" sc="190,-35,166,0,366,75,238,0" /><INIT seed="6,0,0,4,4,71" ten="155,166,441,238" oya="2" hai0="124,42,107,43,88,50,105,6,59,108,113,36,81" hai1="91,28,26,20,111,78,80,41,100,53,22,52,68" hai2="134,32,34,84,82,118,40,54,55,46,7,65,122" hai3="87,130,79,30,11,75,57,29,93,62,86,133,16"/><V83/><F118/><W77/><G75/><T89/><D108/><U60/><E111/><V104/><F104/><W90/><G130/><T1/><D113/><U125/><E125/><V76/><F122/><W95/><G133/><T23/><D124/><U38/><E100/><V99/><F134/><W110/><G110/><T85/><D36/><U44/><E91/><V97/><F65/><W94/><G30/><T126/><D126/><U51/><E20/><V18/><F7/><W33/><G29/><T27/><D105/><U69/><E60/><V63/><F34/><W120/><G33/><T61/><D107/><U8/><E8/><V115/><F32/><W70/><G70/><T96/><D50/><U39/><E53/><V25/><F115/><W21/><G11/><T103/><D103/><U0/><E0/><V49/><F83/><W129/><G129/><T73/><D73/><U116/><E116/><V5/><F5/><W10/><G10/><T19/><D6/><U67/><E67/><V9/><F25/><W48/><G48/><T114/><D1/><U102/><E102/><V47/><F55/><N who="3" m="34111" /><G87/><T128/><D128/><U14/><E39/><V12/><REACH who="2" step="1"/><F63/><REACH who="2" ten="155,166,431,238" step="2"/><W45/><G120/><T4/><D114/><U64/><E64/><V117/><F117/><W106/><G106/><T74/><D4/><U112/><E112/><V24/><F24/><N who="3" m="14375" /><G95/><N who="0" m="56423" /><D74/><N who="1" m="43095" /><E14/><V35/><F35/><W121/><G94/><T98/><D98/><U66/><E66/><AGARI ba="0,1" hai="19,23,27,42,43,59,61,66,81,85,89" m="56423" machi="66" ten="30,2000,0" yaku="8,1,54,1" doraHai="71" who="0" fromWho="1" sc="155,30,166,-20,431,0,238,0" /><INIT seed="7,0,0,5,0,133" ten="185,146,431,238" oya="3" hai0="68,55,63,5,82,27,135,38,117,115,46,4,48" hai1="127,50,98,81,124,105,62,53,67,132,1,79,108" hai2="16,22,26,80,93,121,42,37,24,69,8,25,20" hai3="131,17,13,59,87,112,45,83,118,88,75,28,3"/><W107/><G118/><T85/><D117/><U84/><E1/><V114/><F69/><W101/><G112/><T60/><D135/><U29/><E108/><V34/><F93/><W43/><G3/><T89/><D115/><U19/><E132/><V78/><F121/><W128/><G28/><T73/><D73/><U21/><E29/><V47/><F114/><W123/><G75/><T111/><D111/><U99/><E105/><V14/><REACH who="2" step="1"/><F34/><REACH who="2" ten="185,146,421,238" step="2"/><W106/><G123/><T104/><D68/><U109/><E109/><V49/><F49/><W44/><G107/><T129/><D104/><U119/><E119/><V32/><F32/><W116/><G116/><T134/><D134/><U9/><E9/><V56/><F56/><W90/><G106/><T100/><D48/><U15/><E98/><V113/><F113/><W36/><G101/><T23/><D100/><U70/><REACH who="1" step="1"/><E99/><REACH who="1" ten="185,136,421,238" step="2"/><V102/><F102/><W33/><G33/><T7/><D23/><U31/><E31/><V10/><F10/><W86/><G131/><T54/><D129/><U77/><E77/><V52/><F52/><W64/><G128/><T74/><D55/><U126/><E126/><V125/><F125/><W96/><G96/><T92/><D54/><U122/><E122/><V0/><F0/><W65/><G65/><T35/><D35/><U76/><E76/><V61/><F61/><W95/><G64/><T130/><D130/><U6/><E6/><V41/><F41/><W94/><G43/><T120/><D120/><U110/><E110/><V66/><F66/><W30/><G30/><T91/><D60/><RYUUKYOKU ba="0,2" sc="185,-15,136,15,421,15,238,-15" hai1="15,19,21,50,53,62,67,70,79,81,84,124,127" hai2="8,14,16,20,22,24,25,26,37,42,47,78,80" owari="170,-23.0,151,-35.0,456,56.0,223,2.0" /></mjloggm>