<mjloggm ver="2.3"><GO type="169" lobby="0"/><UN n0="%E7%8D%85%E5%AD%90%E6%80%92%E3%82%93" n1="%E6%AD%A3%E9%96%80%E3%81%AE%E3%83%A1%E3%82%A4%E3%81%A1%E3%82%83%E3%82%93" n2="%40%6B%6B%6B" n3="%E3%82%B7%E3%83%A9%E3%80%82" dan="16,16,16,17" rate="2170.32,2096.85,2147.19,2221.51" sx="M,M,M,M"/><TAIKYOKU oya="0"/><INIT seed="0,0,0,3,4,123" ten="250,250,250,250" oya="0" hai0="119,97,113,60,88,76,108,110,58,50,43,38,118" hai1="130,92,116,33,29,42,61,124,54,84,23,132,73" hai2="66,121,56,26,117,75,44,133,72,52,109,65,37" hai3="14,69,34,87,107,35,81,45,32,106,10,15,47"/><T122/><D122/><U9/><E73/><V85/><F121/><W2/><G69/><T99/><D113/><U135/><E33/><V89/><F117/><W96/><G2/><T41/><D76/><U71/><E116/><V55/><F133/><W20/><G20/><T36/><D99/><U7/><E42/><N who="0" m="15881" /><D97/><U46/><E130/><V3/><F3/><W1/><G1/><T40/><D88/><U125/><E71/><V78/><F37/><N who="0" m="14442" /><D119/><U57/><E46/><V127/><F44/><W114/><G114/><T91/><D91/><N who="1" m="53351" /><E23/><V128/><F78/><W6/><G15/><T100/><D100/><U21/><E21/><V79/><F79/><W95/><G107/><T25/><D25/><U39/><E39/><V93/><F26/><W0/><G106/><T18/><D18/><U105/><E29/><V49/><F75/><W111/><G0/><T31/><D31/><U24/><E24/><V30/><F72/><W8/><G8/><T82/><D82/><U4/><E105/><V104/><F30/><W102/><G81/><T94/><D94/><U5/><E9/><V134/><F93/><W90/><G102/><T22/><D22/><U131/><E131/><V98/><F128/><W83/><G83/><T64/><D118/><U86/><E86/><V101/><F85/><W103/><G103/><T70/><N who="0" m="15889" /><T11/><DORA hai="62" /><D11/><U74/><E74/><V59/><F101/><W115/><G87/><T51/><D70/><U48/><E5/><V120/><F104/><W68/><G68/><T129/><D129/><U12/><E7/><V16/><F120/><RYUUKYOKU ba="0,0" sc="250,30,250,-10,250,-10,250,-10" hai0="50,51,58,60,64,108,110" /><INIT seed="0,1,0,2,4,16" ten="280,240,240,240" oya="0" hai0="50,92,6,61,63,131,68,100,122,3,18,133,76" hai1="65,94,47,30,26,78,97,123,85,52,124,37,19" hai2="7,93,116,117,5,40,28,101,15,54,88,106,43" hai3="20,84,118,60,127,134,8,34,120,13,51,48,25"/><T11/><D122/><U74/><E74/><V132/><F106/><W53/><G134/><T114/><D114/><U72/><E72/><V119/><F101/><W14/><G127/><T39/><D39/><U32/><E124/><V33/><F132/><W135/><G135/><T81/><D133/><U69/><E123/><V2/><F2/><W29/><G120/><T44/><D68/><U58/><E78/><V67/><F67/><W38/><G118/><T4/><D4/><U31/><E85/><V64/><F64/><W9/><G38/><T82/><D82/><U98/><E98/><V83/><F83/><W71/><G34/><T125/><D131/><U21/><E69/><V1/><F1/><W79/><G79/><T57/><D57/><U22/><E65/><V128/><F128/><W49/><G84/><T46/><D46/><U103/><E32/><V77/><F77/><W75/><G75/><T104/><D104/><U12/><E47/><V23/><F33/><W129/><G129/><T112/><D112/><U27/><E37/><V42/><F54/><W107/><G107/><T108/><D108/><U70/><E70/><V80/><F80/><W0/><G0/><T111/><D111/><U115/><E115/><V66/><F66/><W110/><G110/><T126/><D126/><U109/><E109/><V87/><F15/><N who="3" m="5643" /><G71/><T91/><D125/><U59/><E52/><V45/><F45/><W24/><G24/><AGARI ba="1,0" hai="5,7,23,24,28,40,42,43,87,88,93,116,117,119" machi="24" ten="50,6400,0" yaku="12,1,52,1,54,1" doraHai="16" who="2" fromWho="3" sc="280,0,240,0,240,67,240,-67" /><INIT seed="1,0,0,1,0,45" ten="280,240,307,173" oya="1" hai0="117,82,103,1,119,122,112,15,96,28,120,101,4" hai1="36,129,21,46,131,44,77,16,38,91,128,78,125" hai2="5,72,90,86,49,7,88,25,19,42,126,14,114" hai3="107,80,31,37,57,97,30,74,64,121,115,98,40"/><U68/><E68/><V133/><F72/><W52/><G121/><N who="0" m="46699" /><D1/><U53/><E125/><V9/><F133/><W32/><G115/><T104/><D28/><U123/><E123/><V12/><F126/><W3/><G64/><T2/><D2/><U48/><E91/><V111/><F111/><W87/><G3/><T94/><D4/><U17/><E17/><V84/><F25/><W100/><G74/><T62/><D15/><U76/><REACH who="1" step="1"/><E44/><REACH who="1" ten="280,230,307,173" step="2"/><N who="2" m="25751" /><F114/><W113/><G113/><T106/><D112/><U18/><E18/><V26/><F26/><AGARI ba="0,1" hai="16,21,26,36,38,46,48,53,76,77,78,128,129,131" machi="26" ten="50,12000,1" yaku="1,1,19,1,52,1,54,1,53,0" doraHai="45" doraHaiUra="67" who="1" fromWho="2" sc="280,0,230,130,307,-120,173,0" /><INIT seed="1,1,0,5,1,120" ten="280,360,187,173" oya="1" hai0="31,52,25,45,11,131,44,29,116,3,103,125,100" hai1="18,27,28,9,98,15,69,95,80,59,101,66,40" hai2="50,1,75,38,97,110,12,96,73,122,107,33,106" hai3="26,13,104,84,115,56,129,8,111,87,64,94,78"/><U42/><E69/><V71/><F1/><W86/><G115/><T68/><D116/><U90/><E80/><V128/><F38/><W134/><G104/><T57/><D68/><U55/><E90/><V46/><F33/><W105/><G105/><T130/><D125/><U127/><E127/><V39/><F39/><W58/><G134/><T63/><D3/><U72/><E72/><V5/><F71/><W0/><G0/><T19/><D11/><U41/><E66/><V102/><F122/><W17/><G129/><N who="0" m="49163" /><D19/><U51/><REACH who="1" step="1"/><E42/><REACH who="1" ten="280,350,187,173" step="2"/><V61/><F75/><W34/><G64/><T60/><D103/><U99/><E99/><V91/><F73/><W22/><G78/><T53/><D100/><U112/><E112/><V118/><F91/><W109/><G94/><T10/><D53/><U6/><E6/><V35/><F96/><W113/><G113/><T88/><D52/><U65/><E65/><V48/><F107/><W117/><G117/><T67/><D88/><U4/><E4/><V126/><F126/><W21/><G34/><AGARI ba="1,1" hai="9,15,18,27,28,34,40,41,51,55,59,95,98,101" machi="34" ten="30,5800,0" yaku="1,1,7,1,53,1" doraHai="120" doraHaiUra="47" who="1" fromWho="3" sc="280,0,350,71,187,0,173,-61" /><INIT seed="1,2,0,3,1,120" ten="280,421,187,112" oya="1" hai0="74,134,52,116,18,45,38,124,17,27,101,135,123" hai1="102,132,113,13,127,95,79,112,78,60,58,34,24" hai2="111,25,31,32,66,8,3,117,7,35,6,80,55" hai3="54,39,130,11,97,41,67,85,50,16,81,106,115"/><U44/><E127/><V110/><F66/><W107/><G130/><T30/><D116/><U96/><E132/><N who="0" m="50729" /><D74/><U42/><E78/><V76/><F117/><W65/><G115/><T108/><D101/><U21/><E34/><V29/><F55/><W59/><G39/><T56/><D123/><U64/><E13/><V10/><F80/><W0/><G41/><N who="0" m="22711" /><D108/><N who="2" m="41514" /><F76/><W72/><G72/><T119/><D124/><U122/><E79/><V49/><F49/><W98/><G107/><T40/><D40/><U87/><E87/><V5/><F3/><W36/><G36/><T22/><D119/><U62/><E62/><AGARI ba="2,0" hai="17,18,22,27,30,52,56,62" m="22711,50729" machi="62" ten="30,2000,0" yaku="20,1,54,1" doraHai="120" who="0" fromWho="1" sc="280,26,421,-26,187,0,112,0" /><INIT seed="2,0,0,2,0,1" ten="306,395,187,112" oya="2" hai0="76,19,119,30,29,78,31,58,49,28,23,6,109" hai1="130,14,101,51,112,95,111,39,61,127,21,59,64" hai2="86,42,94,121,118,125,11,5,10,116,50,103,2" hai3="123,104,18,117,70,82,47,26,57,131,83,124,24"/><V55/><F121/><W110/><G123/><T93/><D109/><U108/><E39/><V67/><F67/><W80/><G117/><T72/><D72/><U56/><E112/><V54/><F42/><W63/><G104/><T133/><D133/><U98/><E127/><V75/><F75/><W96/><G70/><T38/><D38/><U40/><E130/><V33/><F33/><W79/><G110/><N who="1" m="42026" /><E40/><V74/><F74/><W27/><G131/><T100/><D6/><U60/><E51/><V135/><F125/><W115/><G124/><T102/><D31/><U52/><E14/><V88/><F135/><W97/><G115/><T120/><D119/><U3/><E21/><V13/><F55/><W65/><G79/><N who="0" m="30251" /><D93/><U91/><E3/><V87/><F87/><W81/><N who="3" m="20480" /><DORA hai="25" /><W12/><REACH who="3" step="1"/><G47/><REACH who="3" ten="306,395,187,102" step="2"/><T114/><D114/><U22/><E59/><V92/><F92/><W107/><G107/><T43/><D120/><U62/><E56/><V8/><F103/><W0/><G0/><T128/><D128/><U71/><E101/><V73/><F73/><W129/><G129/><T36/><D36/><U68/><E68/><V99/><F2/><W32/><G32/><T84/><D58/><U15/><E71/><V66/><F118/><W7/><G7/><T41/><D100/><U89/><E95/><N who="2" m="54679" /><F116/><W37/><G37/><T69/><D69/><U46/><E46/><N who="2" m="27991" /><F66/><W53/><G53/><T45/><D102/><U113/><E113/><V90/><AGARI ba="0,1" hai="5,8,10,11,13,90,94,99" m="27991,54679" machi="90" ten="30,6000,0" yaku="8,1,52,1,54,1" doraHai="1,25" who="2" fromWho="2" sc="306,-20,395,-20,187,70,102,-20" /><INIT seed="2,1,0,0,0,116" ten="286,375,257,82" oya="2" hai0="47,134,51,48,57,38,85,120,58,75,1,55,39" hai1="54,52,117,131,6,24,19,115,70,40,60,73,111" hai2="42,32,114,44,93,61,22,17,8,10,23,78,62" hai3="127,15,105,69,41,79,66,71,118,64,87,28,135"/><V89/><F32/><W112/><G105/><T99/><D75/><U76/><E111/><V129/><F78/><W12/><G118/><T31/><D1/><U63/><E6/><V5/><F129/><W35/><G41/><T106/><D31/><U72/><E19/><V121/><F114/><W110/><G110/><T26/><D26/><U84/><E24/><V56/><F121/><W108/><G108/><T4/><D4/><U29/><E29/><V25/><F22/><W101/><G101/><T2/><D2/><U94/><E94/><V96/><F62/><W100/><G100/><T83/><D99/><U14/><E14/><V20/><F20/><W18/><G28/><T68/><D106/><U59/><E84/><V102/><F102/><W36/><G35/><T74/><D74/><U0/><E0/><V103/><F103/><W97/><G36/><T27/><D27/><U81/><E117/><V122/><F122/><W125/><G97/><T82/><D120/><U130/><E115/><V113/><F5/><W34/><G34/><T21/><D21/><U98/><E98/><V3/><F3/><W30/><G30/><T132/><D85/><N who="1" m="48295" /><E40/><V91/><F91/><W45/><G87/><T126/><D68/><U67/><E54/><N who="2" m="33943" /><F113/><W92/><G112/><T80/><D126/><U123/><E123/><V133/><F133/><N who="0" m="51306" /><D58/><U13/><E13/><N who="3" m="5194" /><G135/><T109/><D109/><U65/><E65/><N who="3" m="25194" /><G127/><T7/><D7/><U77/><E72/><V50/><AGARI ba="1,0" hai="8,10,17,23,25,42,44,50,89,93,96" m="33943" machi="50" ten="30,3000,0" yaku="25,1,8,1" doraHai="116" who="2" fromWho="2" sc="286,-11,375,-11,257,33,82,-11" /><INIT seed="2,2,0,0,0,122" ten="275,364,290,71" oya="2" hai0="36,120,42,72,23,22,18,51,135,61,104,66,102" hai1="94,110,26,116,2,106,78,33,84,89,46,8,56" hai2="92,132,80,38,37,47,16,99,24,53,34,59,73" hai3="115,19,14,21,62,130,40,85,76,35,48,100,112"/><V93/><F132/><W64/><G35/><T86/><D135/><U111/><E106/><V134/><F134/><W83/><G130/><T70/><D72/><U87/><E116/><V4/><F4/><W69/><REACH who="3" step="1"/><G100/><REACH who="3" ten="275,364,290,61" step="2"/><T10/><D102/><U81/><E33/><V131/><F34/><W105/><G105/><T17/><D104/><U108/><E26/><V117/><F131/><W67/><G67/><T90/><D66/><U39/><E56/><V55/><F24/><W123/><G123/><T32/><D32/><U82/><E46/><AGARI ba="2,1" hai="14,19,21,40,46,48,62,64,69,76,83,85,112,115" machi="46" ten="40,1300,0" yaku="1,1,53,0" doraHai="122" doraHaiUra="68" who="3" fromWho="1" sc="275,0,364,-19,290,0,61,29" /><INIT seed="3,0,0,0,4,27" ten="275,345,290,90" oya="3" hai0="19,44,11,93,134,30,66,75,33,95,117,135,26" hai1="60,78,88,25,101,55,45,7,129,104,97,119,3" hai2="99,131,77,102,32,23,116,35,91,130,4,132,74" hai3="90,2,82,122,81,29,125,54,22,76,8,105,103"/><W110/><G122/><T36/><D75/><U34/><E129/><V40/><F40/><W15/><G125/><T96/><D66/><U5/><E78/><V16/><F116/><W18/><G110/><T14/><D117/><U71/><E3/><V127/><F4/><W106/><G103/><T42/><REACH who="0" step="1"/><D95/><REACH who="0" ten="265,345,290,90" step="2"/><U57/><E119/><V21/><F130/><W94/><G106/><T28/><D28/><U113/><E104/><V80/><F131/><W0/><G105/><T46/><D46/><U20/><E45/><V73/><F73/><W100/><G29/><T133/><D133/><U115/><E115/><V114/><F132/><W61/><G94/><T9/><D9/><U63/><E113/><V24/><F114/><W67/><G8/><T53/><D53/><U86/><E55/><V43/><F74/><W83/><G54/><T37/><D37/><U38/><E38/><V98/><F127/><W56/><G76/><T12/><D12/><U123/><E123/><V59/><F77/><W68/><G68/><T51/><D51/><U85/><E71/><V31/><F31/><W92/><REACH who="3" step="1"/><G100/><AGARI ba="0,1" hai="11,14,19,26,30,33,36,42,44,93,96,100,134,135" machi="100" ten="40,2600,0" yaku="1,1,52,1,53,0" doraHai="27" doraHaiUra="47" who="0" fromWho="3" sc="265,36,345,0,290,0,90,-26" /><INIT seed="4,0,0,3,1,14" ten="301,345,290,64" oya="0" hai0="88,53,26,33,61,125,108,6,60,8,130,50,20" hai1="111,41,0,119,21,95,5,35,4,31,89,97,128" hai2="106,103,54,105,24,73,59,91,9,17,64,1,114" hai3="39,80,66,47,48,82,113,115,22,98,2,86,101"/><T63/><D125/><U30/><E111/><V85/><F73/><W74/><G2/><T11/><D130/><U52/><E119/><V77/><F77/><W90/><G39/><T42/><D33/><U68/><E68/><V126/><F64/><W92/><G66/><T102/><D102/><U120/><E120/><V78/><F78/><W58/><G58/><T65/><D108/><U12/><E41/><V129/><F103/><W123/><G123/><T36/><D36/><U18/><E128/><V87/><F87/><W100/><G48/><T118/><D42/><U46/><E0/><V67/><F67/><W134/><G47/><T7/><D65/><U99/><E99/><V135/><F126/><W16/><G101/><T112/><D112/><N who="3" m="43081" /><G74/><T122/><D118/><U25/><REACH who="1" step="1"/><E31/><REACH who="1" ten="301,335,290,64" step="2"/><V76/><F129/><W121/><G121/><T71/><D71/><U127/><E127/><V110/><F1/><W72/><G134/><T117/><D117/><U109/><E109/><V70/><F110/><W124/><G124/><T51/><D122/><U84/><E84/><V49/><F70/><W79/><G22/><T27/><D20/><U96/><E96/><V107/><F135/><W56/><G56/><T83/><D8/><U3/><E3/><V69/><F69/><W37/><G37/><T43/><D11/><U131/><E131/><V132/><F132/><W55/><G55/><T34/><D43/><U104/><E104/><V13/><F114/><W19/><AGARI ba="0,1" hai="16,19,72,79,80,82,86,90,92,98,100" m="43081" machi="19" ten="30,7900,0" yaku="15,1,52,2,54,1" doraHai="14" who="3" fromWho="3" sc="301,-39,335,-20,290,-20,64,89" /><INIT seed="5,0,0,1,0,29" ten="262,315,270,153" oya="1" hai0="15,87,11,53,34,60,55,18,3,71,73,38,133" hai1="82,77,16,105,8,74,75,125,20,1,134,33,95" hai2="101,59,111,99,45,57,135,98,6,127,65,24,0" hai3="49,118,39,128,10,108,80,94,26,5,120,121,79"/><U72/><E105/><V113/><F111/><W23/><G128/><T21/><D73/><U114/><E114/><V58/><F113/><W54/><G118/><T7/><D133/><U36/><E134/><V51/><F127/><W35/><G108/><T64/><D38/><U109/><E109/><V28/><F135/><W129/><G129/><T68/><D68/><U84/><E36/><V46/><F46/><W69/><G39/><T27/><REACH who="0" step="1"/><D87/><REACH who="0" ten="252,315,270,153" step="2"/><U50/><E75/><V78/><F99/><W61/><G69/><T110/><D110/><U104/><E72/><V43/><F98/><W76/><G121/><T32/><D32/><U70/><E33/><V14/><F101/><W116/><G120/><T13/><D13/><U4/><E70/><V89/><F14/><W66/><G35/><T90/><D90/><U100/><E125/><V2/><F89/><W86/><G116/><T132/><D132/><U47/><E74/><V123/><F123/><W130/><G130/><T17/><D17/><U96/><E16/><V37/><F37/><W117/><G117/><T88/><D88/><U83/><E84/><V52/><F0/><W81/><G86/><T112/><D112/><U93/><E100/><V22/><F2/><N who="3" m="311" /><G79/><T85/><D85/><U91/><E77/><V62/><F78/><W25/><G76/><T44/><D44/><U102/><E91/><V31/><F6/><W106/><G26/><T48/><D48/><U124/><E124/><V107/><F24/><W42/><G25/><T19/><D19/><U122/><E122/><V40/><F51/><W103/><G49/><RYUUKYOKU ba="0,1" sc="252,30,315,-10,270,-10,153,-10" hai0="3,7,11,15,18,21,27,34,53,55,60,64,71" /><INIT seed="6,1,1,4,5,118" ten="282,305,260,143" oya="2" hai0="104,24,70,9,123,108,88,32,129,33,19,92,7" hai1="18,42,124,72,89,49,58,100,131,30,52,81,11" hai2="128,38,22,8,101,82,47,87,60,5,65,36,95" hai3="63,39,44,54,57,73,115,133,113,61,71,114,112"/><V116/><F116/><W10/><N who="3" m="28672" /><DORA hai="134" /><W15/><G73/><T105/><D123/><U66/><E124/><V26/><F128/><W21/><G133/><T29/><D70/><U64/><E131/><V13/><F47/><W75/><G75/><T16/><D33/><U46/><E100/><V62/><F95/><W55/><G21/><T103/><D108/><U77/><E30/><V43/><F101/><W76/><G76/><T17/><D103/><U31/><E31/><V68/><F60/><W122/><G122/><T74/><D74/><U0/><E89/><V106/><F43/><N who="3" m="22655" /><G15/><T48/><D48/><U41/><E41/><V37/><F106/><W130/><G10/><T34/><D34/><U78/><E78/><V1/><F13/><W93/><G93/><T50/><D50/><U28/><E28/><V53/><F22/><W94/><G94/><T84/><REACH who="0" step="1"/><D129/><REACH who="0" ten="272,305,260,143" step="2"/><U120/><E120/><V25/><F37/><W125/><G130/><T14/><AGARI ba="1,2" hai="7,9,14,16,17,19,24,29,32,84,88,92,104,105" machi="14" ten="30,12000,2" yaku="1,1,2,1,0,1,54,2,53,1" doraHai="118,134" doraHaiUra="23,45" who="0" fromWho="0" sc="272,143,305,-31,260,-61,143,-31" /><INIT seed="7,0,0,4,5,16" ten="415,274,199,112" oya="3" hai0="90,86,20,49,80,64,35,68,52,99,104,135,39" hai1="113,9,119,121,70,132,107,28,24,62,14,78,100" hai2="126,36,59,115,89,2,61,79,38,43,110,81,30" hai3="125,29,8,75,31,127,12,0,65,93,37,109,122"/><W42/><G75/><T112/><D35/><U56/><E113/><V1/><F110/><W117/><G65/><T82/><D39/><U48/><E121/><V19/><F30/><N who="3" m="11275" /><G93/><T134/><D112/><U76/><E132/><N who="0" m="50729" /><D82/><U54/><E119/><V6/><F89/><W87/><G87/><T10/><D20/><N who="1" m="15367" /><E107/><V85/><F85/><W33/><G37/><T27/><D27/><U17/><E70/><V130/><F38/><W118/><G42/><T92/><D10/><U83/><E83/><V106/><F43/><W3/><G122/><T45/><D104/><U97/><E100/><V5/><F36/><W98/><G98/><T7/><D7/><U108/><E108/><V11/><F106/><W123/><G123/><T84/><D80/><U32/><E32/><V95/><F81/><W63/><G63/><AGARI ba="0,0" hai="45,49,52,63,64,68,84,86,90,92,99" m="50729" machi="63" ten="30,2000,0" yaku="20,1,54,1" doraHai="16" who="0" fromWho="3" sc="415,20,274,0,199,0,112,-20" owari="435,54.0,274,7.0,199,-20.0,92,-41.0" /></mjloggm>