<mjloggm ver="2.3"><GO type="225" lobby="0"/><UN n0="%E3%81%BE%E3%81%95%EF%BC%A7" n1="%E3%83%B4%E3%83%A0%EF%BC%99%E3%81%A6" n2="%48%61%6C%63%79%6F%6E" n3="%E3%81%82%E3%82%84%E3%81%AE%E3%81%A1%E3%82%83%E3%82%93%56" dan="16,17,16,16" rate="2178.76,2146.22,2073.15,2160.83" sx="M,M,M,M"/><TAIKYOKU oya="0"/><INIT seed="0,0,0,3,4,133" ten="250,250,250,250" oya="0" hai0="94,116,85,115,30,86,68,132,0,123,34,25,16" hai1="19,135,113,80,3,71,47,49,28,39,76,35,58" hai2="75,11,66,69,1,22,95,122,129,127,54,78,119" hai3="64,55,27,46,89,82,67,14,92,40,91,73,102"/><T37/><D115/><U32/><E113/><V128/><F122/><W29/><G102/><T10/><D123/><U83/><E71/><V97/><F119/><W65/><G55/><T45/><D116/><U108/><E108/><V24/><F78/><W81/><G14/><T56/><D68/><U44/><E3/><V59/><F75/><W60/><G60/><T52/><D132/><U120/><E120/><V130/><F69/><W103/><G103/><T51/><D94/><U96/><E58/><V36/><F36/><W18/><G18/><T104/><D104/><U98/><E39/><V79/><F66/><W9/><G9/><T106/><D106/><U20/><E28/><V62/><F79/><W70/><G70/><T43/><REACH who="0" step="1"/><D16/><REACH who="0" ten="240,250,250,250" step="2"/><U26/><E19/><V15/><F128/><W90/><G92/><T74/><D74/><U6/><E135/><V99/><F95/><W50/><REACH who="3" step="1"/><G73/><REACH who="3" ten="240,250,250,240" step="2"/><T110/><D110/><U93/><E93/><V17/><F17/><W88/><N who="3" m="23040" /><DORA hai="117" /><W101/><G101/><T21/><D21/><AGARI ba="0,2" hai="21,27,29,40,46,50,64,65,67,81,82" m="23040" machi="21" ten="50,16000,3" yaku="1,1,8,1,54,1,53,7" doraHai="133,117" doraHaiUra="84,63" who="3" fromWho="0" sc="240,-160,250,0,250,0,240,180" /><INIT seed="1,0,0,5,0,67" ten="80,250,250,420" oya="1" hai0="107,25,98,62,37,77,92,60,84,31,56,72,132" hai1="124,27,55,91,53,94,50,16,41,6,111,30,48" hai2="133,74,102,81,80,78,101,122,79,32,17,18,110" hai3="93,4,64,128,127,120,105,23,75,106,69,28,44"/><U21/><E124/><V42/><F32/><W89/><G120/><T52/><D132/><U9/><E111/><V104/><F122/><W33/><G75/><T118/><D37/><U73/><E73/><V115/><F133/><W112/><G33/><T121/><D118/><U125/><E125/><V68/><F68/><W2/><G44/><T66/><D121/><U22/><E41/><V49/><F115/><W97/><G112/><T85/><D107/><U109/><E109/><V19/><F104/><W47/><G47/><T129/><D129/><U96/><E48/><V54/><F42/><W108/><G108/><T36/><D36/><U15/><REACH who="1" step="1"/><E50/><REACH who="1" ten="80,240,250,420" step="2"/><V45/><F110/><W14/><G127/><T90/><D72/><AGARI ba="0,1" hai="17,18,19,45,49,54,72,74,78,79,80,81,101,102" machi="72" ten="40,1300,0" yaku="9,1" doraHai="67" who="2" fromWho="0" sc="80,-13,240,0,250,23,420,0" /><INIT seed="2,0,0,5,2,50" ten="67,240,273,420" oya="2" hai0="41,16,45,23,84,94,116,118,57,73,12,110,120" hai1="95,68,85,115,51,21,28,100,134,90,5,47,2" hai2="10,70,98,104,46,1,74,18,131,96,93,42,127" hai3="15,8,82,87,14,88,107,67,83,65,25,105,36"/><V27/><F74/><W37/><G25/><T35/><D120/><U89/><E115/><V91/><F127/><W11/><G87/><T86/><D73/><U92/><E68/><V52/><F131/><W20/><G20/><T121/><D121/><U26/><E134/><V24/><F70/><W135/><G88/><T75/><D75/><U109/><E109/><V55/><F1/><W117/><G135/><T19/><D110/><U3/><E100/><V48/><F104/><W81/><G81/><T66/><D35/><U4/><E2/><V129/><F129/><W13/><G13/><T44/><D66/><U59/><E59/><V133/><F133/><W126/><G126/><T17/><D57/><U80/><E3/><V79/><F79/><W99/><G99/><T29/><D29/><U64/><E64/><V60/><F98/><W72/><G72/><T106/><D106/><U112/><E112/><V124/><F124/><W125/><G125/><T58/><D58/><U128/><E128/><V31/><F60/><W69/><G69/><T114/><D114/><U122/><E122/><V33/><F24/><W30/><G30/><T22/><D19/><U6/><E90/><V63/><F63/><W108/><G108/><T40/><REACH who="0" step="1"/><D12/><REACH who="0" ten="57,240,273,420" step="2"/><U130/><E130/><V113/><F113/><W101/><G105/><T132/><D132/><U61/><E28/><V111/><F111/><W32/><G107/><T34/><D34/><U56/><E61/><V77/><F18/><W62/><G62/><T54/><D54/><N who="1" m="30079" /><E56/><V119/><F31/><W7/><G32/><T103/><D103/><RYUUKYOKU ba="0,1" sc="57,15,240,15,273,-15,420,-15" hai0="16,17,22,23,40,41,44,45,84,86,94,116,118" hai1="4,5,6,21,26,80,85,89,92,95" /><INIT seed="3,1,1,4,2,67" ten="72,255,258,405" oya="3" hai0="119,38,134,88,25,101,48,14,70,81,114,37,100" hai1="2,63,71,17,121,115,94,7,75,54,68,21,116" hai2="58,35,107,52,23,41,132,102,30,73,128,47,31" hai3="86,51,22,69,55,118,44,60,113,19,122,1,96"/><W109/><G1/><T97/><D119/><U95/><E121/><V18/><F73/><W125/><G113/><T72/><D72/><U43/><E115/><V34/><F34/><W84/><G118/><T12/><D114/><U130/><E116/><V127/><F128/><W133/><G122/><T83/><D134/><U98/><E75/><V90/><F132/><W49/><G133/><T129/><D129/><U126/><E130/><V78/><F78/><W46/><G125/><T29/><D48/><U24/><E126/><V9/><F127/><W120/><G109/><T50/><D50/><U61/><E43/><V76/><F76/><W26/><G120/><T80/><D25/><U74/><E74/><V85/><F9/><W27/><G27/><T39/><D29/><N who="2" m="10762" /><F35/><W42/><G96/><T103/><D97/><U87/><E87/><N who="3" m="33322" /><G69/><T92/><D70/><U32/><E32/><V64/><F107/><W8/><G8/><T82/><N who="0" m="20480" /><DORA hai="65" /><T40/><D40/><U79/><E79/><V110/><F110/><W53/><G60/><T117/><D117/><U89/><E95/><V99/><F99/><W124/><G124/><T13/><D92/><U0/><E61/><V4/><F41/><AGARI ba="1,1" hai="19,22,26,41,42,44,46,49,51,53,55" m="33322" machi="41" ten="30,1500,0" yaku="8,1" doraHai="67,65" who="3" fromWho="2" sc="72,0,255,0,258,-18,405,28" owari="72,-43.0,255,6.0,240,-16.0,433,53.0" /></mjloggm>