<mjloggm ver="2.3"><GO type="169" lobby="0"/><UN n0="%E9%9D%92%E6%98%A5%E3%81%AE%E6%8F%A1%E3%82%8A%E6%8B%B3" n1="%E3%81%A3%E3%81%A7%E3%81%B6%E3%83%BC" n2="%E3%81%B8%E3%82%80%E3%81%B8%E3%82%80%EF%BC%92%E5%8F%B7" n3="%E4%B8%83%E3%83%84%E6%98%9F%E3%83%9B%E3%82%AF%E3%82%B5%E3%82%A4" dan="16,16,17,17" rate="2068.74,2042.43,2156.31,2153.50" sx="M,M,M,M"/><TAIKYOKU oya="0"/><INIT seed="0,0,0,5,4,21" ten="250,250,250,250" oya="0" hai0="41,30,43,110,129,85,56,105,126,9,115,17,19" hai1="62,89,2,59,61,29,22,108,99,91,128,131,5" hai2="51,87,119,44,31,48,14,80,82,124,45,130,67" hai3="63,25,76,107,106,57,134,1,66,70,50,118,125"/><T60/><D115/><U104/><E108/><V65/><F124/><W113/><G118/><T64/><D126/><U117/><E117/><V92/><F130/><N who="1" m="49705" /><E61/><V11/><F31/><W7/><G125/><T36/><D129/><U109/><E5/><V54/><F92/><W55/><G113/><T69/><D110/><U15/><E2/><V132/><F132/><W73/><G134/><T98/><D69/><U100/><E109/><V122/><F122/><W88/><G25/><T40/><D36/><U53/><E29/><V24/><F24/><W77/><G73/><T133/><D133/><U103/><E103/><V83/><F87/><W123/><G123/><T39/><D39/><U35/><E35/><V68/><F68/><W27/><G27/><T16/><D30/><U10/><E10/><V121/><F121/><W114/><G114/><T101/><REACH who="0" step="1"/><D85/><REACH who="0" ten="240,250,250,250" step="2"/><U90/><E22/><V37/><F37/><W127/><G127/><T93/><D93/><U4/><E4/><V12/><F119/><W112/><G112/><T26/><D26/><U49/><E15/><AGARI ba="0,1" hai="9,15,16,17,19,40,41,43,56,60,64,98,101,105" machi="15" ten="40,7700,0" yaku="1,1,54,1,53,1" doraHai="21" doraHaiUra="95" who="0" fromWho="1" sc="240,87,250,-77,250,0,250,0" /><INIT seed="0,1,0,4,1,78" ten="327,173,250,250" oya="0" hai0="8,49,114,89,39,85,134,69,115,12,64,131,2" hai1="22,104,105,123,83,70,61,33,87,35,30,81,82" hai2="127,57,13,72,94,1,113,45,47,43,125,41,29" hai3="106,62,130,126,40,88,9,120,91,108,44,84,38"/><T132/><D39/><U74/><E123/><V109/><F1/><W73/><G73/><T15/><D131/><U18/><E74/><V23/><F72/><W0/><G108/><T66/><D49/><U76/><E30/><V128/><F109/><W97/><G130/><T46/><D46/><U11/><E11/><V68/><F68/><W100/><G126/><N who="2" m="48137" /><F57/><W37/><G120/><T101/><D101/><U103/><E76/><V65/><F65/><N who="0" m="25194" /><D69/><U99/><E105/><V75/><F75/><W93/><G62/><T51/><D51/><U107/><E107/><V54/><F128/><W28/><G28/><T77/><D77/><U53/><E70/><V7/><F94/><W122/><G122/><T27/><D27/><U10/><E10/><N who="2" m="4319" /><F54/><W14/><G0/><T60/><D60/><U111/><E87/><V118/><F113/><N who="0" m="43018" /><D8/><U31/><E31/><V52/><F118/><W19/><REACH who="3" step="1"/><G91/><REACH who="3" ten="327,173,250,240" step="2"/><T133/><D2/><U116/><E116/><V25/><F43/><W90/><G90/><T63/><D63/><U17/><E111/><V55/><F45/><W102/><G102/><T110/><D110/><U26/><REACH who="1" step="1"/><E18/><REACH who="1" ten="327,163,250,240" step="2"/><V80/><F29/><W96/><G96/><T42/><D42/><U21/><E21/><V59/><F23/><W92/><G92/><AGARI ba="1,2" hai="12,15,85,89,92,132,133,134" m="43018,25194" machi="92" ten="40,2000,0" yaku="20,1" doraHai="78" who="0" fromWho="3" sc="327,43,163,0,250,0,240,-23" /><INIT seed="0,2,0,4,2,107" ten="370,163,250,217" oya="0" hai0="73,109,43,56,37,20,111,23,52,50,65,80,95" hai1="97,10,129,60,8,75,74,135,42,29,83,98,128" hai2="105,26,94,119,113,12,81,102,85,41,63,78,114" hai3="54,53,16,117,14,0,79,19,112,36,49,131,57"/><T35/><D35/><U62/><E83/><V11/><F119/><W108/><G36/><T46/><D95/><U25/><E42/><V99/><F26/><W59/><G112/><T93/><D93/><U15/><E135/><V121/><F121/><W115/><G115/><T13/><D65/><U17/><E25/><V120/><F120/><W127/><G0/><T32/><D32/><U28/><E17/><V64/><F41/><W3/><G3/><T69/><D69/><U21/><E15/><V89/><F11/><W124/><G108/><N who="0" m="41547" /><D13/><U1/><E1/><V118/><F12/><W33/><G33/><T87/><D73/><U104/><E104/><V66/><F66/><W125/><G117/><T92/><D92/><U61/><E61/><V38/><F38/><W68/><G68/><T30/><D30/><U71/><E71/><V70/><REACH who="2" step="1"/><F118/><REACH who="2" ten="370,163,240,217" step="2"/><W58/><G14/><T31/><D31/><U91/><REACH who="1" step="1"/><E91/><AGARI ba="2,1" hai="20,23,37,43,46,50,52,56,80,87,91" m="41547" machi="91" ten="30,5800,0" yaku="14,1,10,1,54,1" doraHai="107" who="0" fromWho="1" sc="370,74,163,-64,240,0,217,0" /><INIT seed="0,3,0,0,3,50" ten="444,99,240,217" oya="0" hai0="56,59,71,130,38,13,47,94,72,18,129,29,87" hai1="3,84,135,52,89,105,27,118,22,81,110,28,49" hai2="44,125,41,69,8,74,91,20,133,12,16,115,30" hai3="39,33,111,37,96,43,65,121,31,10,63,80,122"/><T7/><D72/><U76/><E110/><V124/><F115/><W107/><G111/><T112/><D71/><U132/><E118/><V24/><F133/><N who="1" m="51273" /><E3/><V53/><F69/><N who="3" m="42175" /><G80/><T36/><D112/><U51/><E105/><V86/><F74/><W23/><G23/><T2/><D29/><U127/><E127/><V66/><F66/><W48/><G10/><T55/><D7/><U67/><E67/><V1/><F1/><W75/><G48/><T64/><D2/><U77/><E49/><N who="2" m="28839" /><F41/><W54/><G54/><T95/><D64/><U120/><E120/><N who="3" m="46186" /><G43/><T73/><D73/><U46/><AGARI ba="3,0" hai="22,27,28,46,51,52,76,77,81,84,89" m="51273" machi="46" ten="30,4000,0" yaku="20,1,52,1,54,1" doraHai="50" who="1" fromWho="1" sc="444,-23,99,49,240,-13,217,-13" /><INIT seed="1,0,0,0,0,10" ten="421,148,227,204" oya="1" hai0="45,20,63,130,110,51,89,77,122,96,33,85,93" hai1="41,128,123,74,81,16,121,64,68,60,134,43,109" hai2="12,107,31,53,131,18,29,103,113,124,14,95,125" hai3="118,55,135,30,71,42,114,7,13,62,104,26,106"/><U32/><E32/><V82/><F131/><W101/><G114/><T22/><D130/><U87/><E128/><V46/><F107/><W17/><G42/><T133/><D133/><U73/><E134/><V120/><F120/><W91/><G135/><T88/><D110/><U3/><E3/><V57/><F46/><W105/><G118/><T90/><D33/><U37/><E109/><V52/><F82/><W100/><G7/><T21/><D63/><U9/><E74/><V59/><F18/><W75/><G75/><T76/><D122/><U98/><E73/><V27/><F27/><W8/><G91/><N who="0" m="55359" /><D85/><U5/><E98/><V36/><F103/><W99/><G100/><T112/><D112/><U25/><E41/><AGARI ba="0,0" hai="20,21,22,41,45,51,76,77,88,89,90" m="55359" machi="41" ten="30,2000,0" yaku="8,1,54,1" doraHai="10" who="0" fromWho="1" sc="421,20,148,-20,227,0,204,0" /><INIT seed="2,0,0,2,2,42" ten="441,128,227,204" oya="2" hai0="111,8,37,30,63,128,55,1,47,80,21,78,15" hai1="94,87,31,126,76,103,39,62,4,114,84,125,11" hai2="71,26,129,121,104,132,79,82,108,2,88,92,131" hai3="18,22,19,17,7,35,81,58,9,38,135,115,89"/><V12/><F121/><W59/><G35/><T61/><D128/><N who="2" m="49226" /><F2/><W54/><G135/><T119/><D1/><U16/><E114/><V116/><F71/><W113/><G38/><T98/><D119/><U93/><E31/><V45/><F104/><W36/><G36/><T24/><D98/><U65/><E39/><V57/><F57/><W3/><G22/><T102/><D102/><U34/><E34/><V122/><F122/><W46/><G81/><T72/><D111/><U112/><E112/><N who="3" m="43082" /><G89/><T41/><REACH who="0" step="1"/><D55/><REACH who="0" ten="431,128,227,204" step="2"/><U117/><E117/><V73/><F116/><W52/><G54/><T67/><D67/><U33/><E103/><V99/><F108/><W64/><G64/><T29/><D29/><U91/><E126/><V127/><F127/><W100/><G100/><T53/><D53/><U14/><E125/><V70/><F132/><W48/><AGARI ba="0,1" hai="3,7,9,17,18,19,46,48,52,58,59" m="43082" machi="48" ten="40,5200,0" yaku="11,1,52,1,54,1" doraHai="42" who="3" fromWho="3" sc="431,-13,128,-13,227,-26,204,62" /><INIT seed="3,0,0,1,5,82" ten="418,115,201,266" oya="3" hai0="80,62,66,132,60,73,108,106,52,25,107,23,7" hai1="86,96,94,119,36,59,115,118,63,113,89,26,91" hai2="126,55,75,46,95,121,64,37,81,10,97,105,131" hai3="6,100,16,3,15,74,133,53,32,33,112,130,84"/><W128/><G74/><T47/><D108/><U4/><E36/><V50/><F126/><W125/><G100/><T24/><D132/><U2/><E2/><V43/><F131/><W134/><G112/><T71/><D7/><U69/><E69/><V22/><F105/><W93/><G53/><T110/><D110/><U98/><E4/><V99/><F121/><W77/><G6/><T39/><D39/><U1/><E1/><V0/><F22/><W78/><G3/><T5/><D5/><U90/><E26/><V21/><F21/><N who="3" m="11423" /><G78/><T83/><D24/><U102/><E59/><V76/><F10/><W12/><G12/><T61/><D106/><N who="1" m="63815" /><E63/><V104/><F0/><W18/><G18/><T122/><D107/><U44/><E44/><V65/><F104/><W14/><G14/><T127/><D122/><U117/><E90/><V79/><F79/><W17/><G17/><T87/><D73/><U57/><E57/><V40/><F65/><W28/><G28/><T48/><D127/><U54/><E54/><V38/><F64/><W124/><G32/><T49/><D49/><U135/><E135/><N who="3" m="51722" /><G33/><T19/><D66/><U20/><E20/><V72/><F72/><W34/><G34/><T101/><D71/><U27/><E27/><V109/><F38/><W58/><G58/><T35/><D35/><U29/><E29/><V56/><F40/><W13/><G13/><T70/><D70/><U31/><E31/><V88/><F109/><W68/><G68/><T42/><D42/><U92/><AGARI ba="0,0" hai="86,89,91,92,94,98,113,115,117,118,119" m="63815" machi="92" ten="40,8000,1" yaku="12,1,34,2,52,1" doraHai="82" who="1" fromWho="1" sc="418,-20,115,80,201,-20,266,-40" /><INIT seed="4,0,0,4,0,27" ten="398,195,181,226" oya="0" hai0="63,16,65,33,69,61,24,114,17,128,3,8,68" hai1="85,76,77,39,47,105,35,132,125,115,34,122,6" hai2="83,121,21,103,40,92,116,13,71,95,134,127,86" hai3="7,123,118,52,45,75,129,51,131,5,107,2,108"/><T110/><D110/><U111/><E111/><V135/><F71/><W32/><G108/><T81/><D128/><N who="3" m="49225" /><G118/><T60/><D114/><U11/><E122/><V9/><F121/><W15/><G123/><T44/><D44/><U10/><E105/><V42/><F116/><W59/><G75/><T126/><D126/><U70/><E70/><V53/><F21/><W119/><G119/><T113/><D113/><U97/><E97/><V56/><F127/><W50/><G2/><T88/><D3/><U120/><E120/><V84/><F134/><W109/><G109/><T104/><D104/><U43/><E115/><V57/><F57/><W133/><G107/><T72/><D72/><U62/><E125/><V96/><F92/><W73/><G73/><T54/><D8/><U19/><E62/><V99/><F99/><W38/><G38/><T29/><D54/><U94/><E77/><N who="2" m="46191" /><F86/><W82/><G133/><T28/><D61/><U30/><E94/><V124/><F135/><W49/><G82/><T26/><D81/><N who="1" m="47271" /><E35/><V64/><F124/><W66/><G32/><T87/><D87/><U36/><E39/><V102/><F64/><W98/><G98/><T48/><D88/><U31/><E34/><V106/><F106/><W0/><G0/><T79/><D79/><U25/><E132/><V67/><F67/><W23/><G66/><T93/><D93/><U22/><E11/><V78/><F78/><W12/><G45/><T89/><D89/><U130/><E130/><V4/><F103/><W37/><G37/><T20/><D48/><AGARI ba="0,0" hai="4,9,13,40,42,48,53,56,95,96,102" m="46191" machi="48" ten="30,1000,0" yaku="8,1" doraHai="27" who="2" fromWho="0" sc="398,-10,195,0,181,10,226,0" /><INIT seed="5,0,0,5,0,37" ten="388,195,191,226" oya="1" hai0="85,78,55,31,24,117,102,7,72,125,26,122,38" hai1="134,27,101,92,49,116,115,75,51,76,106,23,19" hai2="0,42,54,86,65,126,97,68,9,110,1,61,39" hai3="5,121,98,91,112,28,41,22,123,104,108,52,73"/><U57/><E116/><V79/><F110/><W113/><G73/><T135/><D125/><U119/><E119/><V120/><F126/><W107/><G5/><T2/><D135/><U69/><E69/><V93/><F120/><N who="3" m="46155" /><G28/><T133/><D26/><U8/><E106/><N who="3" m="40490" /><G22/><T21/><D102/><U36/><E36/><V95/><F54/><W56/><G41/><T71/><D133/><U6/><E134/><V82/><F9/><W17/><G17/><T53/><D72/><U29/><E75/><V40/><F95/><N who="3" m="56703" /><G56/><T132/><D132/><U18/><E76/><V12/><F12/><W114/><G52/><T111/><D122/><U74/><E74/><V10/><F39/><W14/><G14/><T88/><D117/><U87/><E57/><V45/><F45/><W30/><G30/><T44/><D71/><U83/><E51/><V127/><F127/><W96/><G96/><T62/><D2/><U58/><E49/><V15/><F0/><W66/><G66/><T43/><D7/><U70/><E58/><V100/><REACH who="2" step="1"/><F1/><REACH who="2" ten="388,195,181,226" step="2"/><W81/><G81/><N who="0" m="49199" /><D55/><U4/><E83/><V129/><F129/><W16/><G108/><T84/><D111/><U103/><E8/><V35/><F35/><W99/><G113/><T33/><D53/><U64/><E115/><V90/><F90/><W25/><G112/><T50/><D33/><U130/><E130/><V32/><F32/><W46/><G114/><T124/><D38/><U77/><E92/><V109/><F109/><W131/><G131/><T3/><D124/><U63/><E103/><V80/><F80/><W20/><G46/><RYUUKYOKU ba="0,1" sc="388,-15,195,-15,181,15,226,15" hai2="10,15,40,42,61,65,68,79,82,86,93,97,100" hai3="16,20,25,99" /><INIT seed="6,1,1,3,0,45" ten="373,180,196,241" oya="2" hai0="115,113,50,89,128,75,27,44,25,118,58,119,80" hai1="48,36,109,63,12,9,39,124,54,116,104,17,117" hai2="57,84,64,42,43,76,34,71,73,98,16,81,68" hai3="8,97,77,21,123,122,95,0,30,20,33,112,3"/><V11/><F34/><W47/><G77/><N who="0" m="44095" /><D128/><U107/><E109/><V85/><F98/><W26/><G47/><T82/><D58/><U70/><E124/><V37/><F57/><W108/><G108/><T100/><D100/><U120/><E120/><N who="3" m="46122" /><G95/><T59/><D59/><U5/><E107/><V46/><F42/><W13/><G97/><T55/><D89/><U129/><E104/><V72/><F72/><W96/><G96/><T32/><D82/><U110/><E110/><V49/><F37/><W101/><G101/><T94/><D94/><U6/><E129/><V67/><F71/><W15/><G112/><N who="0" m="43083" /><D32/><U4/><E39/><V83/><F68/><W127/><G127/><T114/><D114/><U93/><E93/><V86/><REACH who="2" step="1"/><F81/><REACH who="2" ten="373,180,186,241" step="2"/><W74/><G74/><T126/><D126/><U134/><E36/><V10/><F10/><W2/><G8/><T60/><D60/><U29/><E117/><AGARI ba="1,2" hai="25,27,44,50,55,117,118,119" m="43083,44095" machi="117" ten="30,3900,0" yaku="12,1,15,1,52,1" doraHai="45" who="0" fromWho="1" sc="373,62,180,-42,186,0,241,0" /><INIT seed="7,0,0,5,4,56" ten="435,138,186,241" oya="3" hai0="124,45,1,66,60,13,40,22,37,86,16,53,76" hai1="28,71,88,18,114,118,120,68,80,79,9,77,87" hai2="51,54,32,104,125,99,135,72,121,7,133,117,126" hai3="8,109,31,10,21,93,102,50,103,94,106,108,5"/><W115/><G50/><T27/><D124/><N who="2" m="47722" /><F32/><W122/><G21/><T119/><D1/><U85/><E120/><V36/><F36/><W92/><G31/><T42/><D119/><U43/><E118/><V95/><F117/><W38/><G38/><T84/><D42/><U3/><E114/><V6/><F104/><W0/><G122/><T113/><D53/><U65/><E28/><V129/><F72/><W97/><G115/><T91/><D76/><U98/><E43/><V57/><F121/><W46/><G46/><T4/><D113/><U127/><E127/><V55/><F55/><W128/><G128/><T78/><D78/><U24/><E79/><V69/><F69/><W48/><G48/><T96/><D96/><U132/><E98/><V74/><F74/><W2/><G103/><T25/><D86/><U26/><E132/><N who="2" m="50763" /><F129/><W111/><G106/><T116/><D4/><AGARI ba="0,0" hai="0,2,4,5,8,10,92,93,94,97,102,108,109,111" machi="4" ten="40,3900,0" yaku="9,1,10,1" doraHai="56" who="3" fromWho="0" sc="435,-39,138,0,186,0,241,39" /><INIT seed="7,1,0,4,1,45" ten="396,138,186,280" oya="3" hai0="23,124,60,116,89,70,32,54,112,51,12,120,99" hai1="26,61,78,117,134,20,102,13,0,75,119,87,127" hai2="85,36,88,52,82,33,76,80,30,1,3,129,5" hai3="29,103,39,104,69,130,41,86,53,135,106,109,42"/><W125/><G29/><T108/><D108/><U68/><E75/><V101/><F129/><W57/><G69/><T95/><D32/><U107/><E102/><V133/><F36/><W67/><G67/><T24/><D124/><U37/><E107/><V44/><F101/><W59/><G130/><T2/><D116/><N who="1" m="44619" /><E37/><V58/><F44/><W73/><G73/><T123/><D2/><U62/><E68/><V131/><F133/><W10/><G135/><T43/><D112/><U63/><E134/><V111/><F5/><W19/><G125/><T6/><D43/><U121/><E127/><V16/><F111/><W46/><G109/><T79/><D79/><U113/><E87/><V47/><F47/><W90/><G42/><T98/><D12/><U110/><E110/><V17/><F131/><W50/><G59/><T93/><D6/><U7/><E78/><V49/><F1/><W100/><G104/><T84/><D60/><N who="1" m="15363" /><U92/><DORA hai="97" /><E92/><V94/><F3/><W35/><G106/><T22/><D70/><U27/><E0/><V122/><F94/><W96/><G96/><T8/><D98/><U28/><E121/><V18/><F122/><W56/><G56/><N who="0" m="32863" /><D123/><U14/><E7/><V55/><F76/><W31/><G35/><T118/><D118/><U9/><E9/><V65/><F65/><W81/><G31/><T11/><D11/><U21/><E113/><V40/><F82/><W91/><G91/><T77/><D8/><U64/><E64/><V4/><F4/><W72/><G72/><T34/><D120/><U115/><E115/><V128/><F128/><RYUUKYOKU ba="1,0" sc="396,-15,138,15,186,-15,280,15" hai1="13,14,20,21,26,27,28" hai3="10,19,39,41,46,50,53,57,81,86,90,100,103" /><INIT seed="7,2,0,2,1,82" ten="381,153,171,295" oya="3" hai0="91,118,114,7,22,121,28,16,36,11,46,57,48" hai1="112,100,15,97,104,47,44,103,35,38,99,50,123" hai2="30,108,88,75,73,85,6,60,13,31,101,90,26" hai3="106,94,111,14,39,125,27,40,128,132,124,53,62"/><W83/><G106/><T70/><D121/><U45/><E123/><V81/><F108/><W20/><G111/><T1/><D70/><U61/><E112/><V10/><F101/><W84/><G94/><T130/><D130/><U126/><E126/><N who="3" m="48746" /><G128/><T69/><D69/><U87/><E35/><V68/><F90/><W109/><G109/><T72/><D114/><U63/><E38/><V105/><F105/><W133/><G14/><T5/><D118/><U107/><E50/><V131/><F131/><W12/><G12/><T77/><D36/><U122/><E122/><V65/><F31/><W52/><G40/><T71/><D28/><U54/><E54/><N who="3" m="21098" /><G62/><T66/><D7/><U49/><E49/><V127/><F127/><W59/><G59/><T135/><D57/><U41/><E41/><V98/><F98/><W79/><G39/><T23/><D48/><U120/><E120/><V33/><AGARI ba="2,0" hai="6,10,13,26,30,33,60,65,68,73,75,81,85,88" machi="33" ten="20,5200,0" yaku="0,1,7,1,52,1,54,1" doraHai="82" who="2" fromWho="2" sc="381,-15,153,-15,171,58,295,-28" owari="366,46.0,138,-36.0,229,-17.0,267,7.0" /></mjloggm>