<mjloggm ver="2.3"><GO type="169" lobby="0"/><UN n0="%58%4B%58%54%4C%50" n1="%E3%81%AE%E3%81%B3%E3%81%97%E3%82%8D%E2%99%82" n2="%79%61%6D%69%6E%65%6B%6F" n3="%E9%A2%A8%E6%B4%A5%E9%81%93" dan="16,16,16,16" rate="2073.46,2110.11,2185.88,2098.21" sx="M,M,F,M"/><TAIKYOKU oya="0"/><INIT seed="0,0,0,2,0,62" ten="250,250,250,250" oya="0" hai0="29,107,24,0,94,85,68,89,76,67,47,114,104" hai1="7,102,123,52,21,48,93,69,70,49,80,54,63" hai2="81,95,61,19,11,44,74,134,2,40,53,99,17" hai3="130,50,26,96,131,117,4,37,25,55,72,9,32"/><T119/><D114/><U75/><E123/><V78/><F134/><W125/><G37/><T115/><D115/><U118/><E118/><V57/><F2/><W45/><G72/><T42/><D119/><U79/><E7/><V6/><F6/><W73/><G73/><T18/><D0/><U111/><E111/><V88/><REACH who="2" step="1"/><F11/><REACH who="2" ten="250,250,240,250" step="2"/><W97/><G9/><T110/><D110/><U109/><E109/><V124/><F124/><W105/><G4/><T108/><D108/><U59/><E75/><V122/><F122/><W92/><G125/><T5/><D5/><U14/><E70/><V22/><F22/><W28/><G117/><T20/><D29/><U38/><E69/><V126/><F126/><W56/><G28/><T98/><D20/><U128/><E21/><V112/><F112/><W31/><G31/><T86/><D68/><U33/><E33/><V66/><F66/><W132/><G132/><T121/><D67/><U135/><E135/><V116/><F116/><W129/><G32/><T113/><D121/><U15/><E128/><V71/><F71/><W106/><G130/><T34/><D113/><U16/><E16/><V35/><F35/><W83/><G131/><T82/><D34/><U77/><E14/><V84/><F84/><N who="0" m="32362" /><D18/><U41/><E15/><V133/><F133/><W1/><G1/><T90/><D24/><U51/><E77/><V65/><F65/><W30/><G129/><T12/><D12/><U120/><E79/><V87/><F87/><W43/><G26/><T10/><D10/><U101/><E120/><V27/><F27/><W64/><G25/><RYUUKYOKU ba="0,1" sc="250,-10,250,-10,240,30,250,-10" hai2="17,19,40,44,53,57,61,74,78,81,88,95,99" /><INIT seed="1,1,1,0,4,18" ten="240,240,270,240" oya="1" hai0="127,3,69,82,58,55,72,7,22,126,38,28,131" hai1="1,44,77,31,32,73,117,60,48,133,12,26,23" hai2="120,97,59,110,92,35,53,25,116,54,123,95,36" hai3="102,64,13,130,109,6,27,104,89,67,33,0,101"/><U87/><E133/><V24/><F116/><W5/><G0/><T2/><D69/><U75/><E117/><V29/><F36/><W107/><G13/><T19/><D38/><U76/><E1/><V90/><F110/><W30/><G89/><T17/><D131/><U45/><E45/><V121/><F59/><W34/><G30/><T99/><D99/><U134/><E134/><V57/><BYE who="1" /><F25/><UN n1="%E3%81%AE%E3%81%B3%E3%81%97%E3%82%8D%E2%99%82" /><W88/><G88/><T71/><D71/><U16/><E60/><V42/><F42/><W83/><G27/><N who="0" m="16503" /><D3/><U118/><E118/><V94/><REACH who="2" step="1"/><F53/><REACH who="2" ten="240,240,260,240" step="2"/><W106/><G109/><T52/><D55/><U21/><E32/><V112/><F112/><W105/><G33/><T79/><D52/><U65/><E65/><V68/><F68/><W47/><G34/><T135/><D58/><U62/><E62/><AGARI ba="1,2" hai="24,29,35,54,57,62,90,92,94,95,97,120,121,123" machi="62" ten="40,1300,0" yaku="1,1,53,0" doraHai="18" doraHaiUra="125" who="2" fromWho="1" sc="240,0,240,-16,260,36,240,0" /><INIT seed="2,0,0,4,3,106" ten="240,224,296,240" oya="2" hai0="6,51,8,20,121,56,112,108,67,71,90,86,134" hai1="74,73,83,118,19,34,63,21,16,104,123,3,68" hai2="117,5,22,94,50,46,11,100,95,14,131,128,42" hai3="7,64,122,45,15,133,102,60,31,35,113,85,115"/><V29/><F117/><W89/><G133/><T26/><D134/><U53/><E118/><V0/><F100/><W91/><G102/><T130/><D130/><N who="2" m="49706" /><F0/><W98/><G98/><T72/><D72/><U24/><E3/><V110/><F110/><W87/><G45/><T49/><D108/><U77/><E104/><V119/><F119/><W33/><G31/><T76/><D76/><U127/><E127/><V44/><F46/><W36/><G36/><T48/><D71/><U114/><E114/><V43/><F43/><W109/><G109/><T79/><D112/><U57/><E123/><V40/><F40/><W103/><G103/><T107/><D79/><U69/><E34/><V41/><F41/><W62/><G15/><T82/><D107/><U10/><REACH who="1" step="1"/><E73/><REACH who="1" ten="240,214,296,240" step="2"/><V80/><F80/><W124/><G124/><T96/><D121/><U55/><E55/><V17/><F94/><W116/><G122/><T37/><D82/><U70/><E70/><V28/><F95/><W93/><G93/><T12/><D67/><U97/><E97/><V126/><F126/><W101/><G64/><T54/><D96/><U1/><E1/><V30/><F5/><W13/><G7/><T81/><REACH who="0" step="1"/><D37/><REACH who="0" ten="230,214,296,240" step="2"/><U88/><E88/><V65/><F65/><W27/><G91/><T23/><D23/><AGARI ba="0,2" hai="11,14,17,22,23,28,29,30,42,44,50" m="49706" machi="23" ten="30,1500,0" yaku="19,1" doraHai="106" who="2" fromWho="0" sc="230,-15,214,0,296,35,240,0" /><INIT seed="2,1,0,0,1,47" ten="215,214,331,240" oya="2" hai0="52,128,97,86,49,42,21,71,120,96,67,32,70" hai1="55,93,3,16,102,51,9,85,30,7,46,83,76" hai2="130,101,25,35,114,10,82,41,105,34,13,43,69" hai3="19,122,40,24,84,116,87,73,88,63,134,23,50"/><V58/><F114/><W33/><G116/><T56/><D120/><U1/><E30/><V91/><F69/><W29/><G122/><T121/><D32/><U60/><E1/><V45/><F130/><W61/><G73/><T8/><D128/><U66/><E102/><V133/><F133/><W117/><G117/><T110/><D110/><U31/><E31/><V115/><F115/><W22/><G87/><T2/><D121/><U5/><E93/><V74/><F25/><N who="3" m="14559" /><G33/><T48/><D86/><U92/><E92/><V112/><F43/><W94/><G134/><T6/><D21/><U54/><E54/><V64/><F112/><W124/><G124/><T75/><D75/><U81/><E81/><V106/><F106/><W72/><G72/><T103/><D67/><U26/><E3/><V131/><F105/><W77/><G77/><T109/><D109/><U68/><REACH who="1" step="1"/><E26/><REACH who="1" ten="215,204,331,240" step="2"/><V57/><F101/><W98/><G98/><T18/><D97/><U53/><E53/><V20/><F131/><W14/><G14/><AGARI ba="1,1" hai="5,7,9,14,16,46,51,55,60,66,68,76,83,85" machi="14" ten="40,5200,0" yaku="1,1,52,1,54,1,53,0" doraHai="47" doraHaiUra="17" who="1" fromWho="3" sc="215,0,204,65,331,0,240,-55" /><INIT seed="3,0,0,1,5,109" ten="215,269,331,185" oya="3" hai0="21,108,93,130,6,113,62,35,46,84,90,98,118" hai1="87,54,68,53,114,29,125,116,45,9,55,92,128" hai2="11,112,99,70,110,39,104,36,31,15,4,43,89" hai3="49,56,95,91,0,88,17,69,60,105,28,44,3"/><W115/><G69/><T122/><D35/><U18/><E68/><V67/><F110/><W121/><G121/><T101/><D108/><U85/><E114/><V57/><F70/><W33/><G105/><T80/><D122/><U65/><E128/><V34/><F43/><W27/><G17/><T8/><D130/><U32/><E125/><V19/><F112/><W94/><G115/><T64/><D113/><U48/><E116/><V120/><F120/><W74/><G74/><T126/><D126/><U103/><E65/><V96/><F104/><W16/><G95/><T132/><D132/><U61/><E32/><V76/><F76/><W129/><G129/><T58/><D118/><U22/><E29/><V14/><F31/><W51/><G16/><T71/><D71/><U42/><E9/><V1/><F34/><W25/><G25/><T24/><D46/><U10/><E10/><V5/><F1/><W26/><G26/><T59/><D59/><U81/><E61/><V100/><F15/><W13/><G13/><T97/><D98/><N who="1" m="59847" /><E81/><V77/><F11/><W133/><G133/><T82/><D80/><U75/><E75/><V72/><F19/><W50/><G44/><T131/><D131/><U38/><E38/><V134/><F14/><AGARI ba="0,0" hai="14,18,22,42,45,48,53,54,55,85,87" m="59847" machi="14" ten="30,1000,0" yaku="8,1" doraHai="109" who="1" fromWho="2" sc="215,0,269,10,331,-10,185,0" /><INIT seed="4,0,0,3,1,52" ten="215,279,321,185" oya="0" hai0="88,59,19,127,26,122,36,13,38,18,60,100,84" hai1="72,50,128,80,87,130,76,118,30,55,93,71,33" hai2="109,29,61,47,23,11,56,69,104,39,6,129,125" hai3="51,98,126,97,106,121,21,7,4,112,94,31,65"/><T58/><D127/><U103/><E118/><V73/><F73/><W25/><G126/><T67/><D122/><U27/><E71/><V92/><F125/><W34/><G112/><T83/><D100/><U134/><E134/><V62/><F104/><W78/><G121/><T0/><D0/><U28/><E28/><V120/><F120/><W107/><G78/><T22/><REACH who="0" step="1"/><D59/><REACH who="0" ten="205,279,321,185" step="2"/><N who="1" m="33271" /><E103/><V70/><F69/><W48/><G107/><T68/><D68/><U99/><E130/><V79/><F70/><W108/><G106/><T10/><AGARI ba="0,1" hai="10,13,18,19,22,26,36,38,58,60,67,83,84,88" machi="10" ten="20,12000,1" yaku="1,1,0,1,7,1,52,1,54,1,53,0" doraHai="52" doraHaiUra="66" who="0" fromWho="0" sc="205,130,279,-40,321,-40,185,-40" /><INIT seed="4,1,0,4,4,24" ten="335,239,281,145" oya="0" hai0="64,80,118,84,75,94,88,16,59,130,127,5,112" hai1="117,128,71,115,70,60,114,18,28,129,96,54,93" hai2="116,42,6,22,55,49,56,58,20,51,90,104,57" hai3="30,52,61,14,122,133,53,9,103,83,99,7,113"/><T1/><D118/><U124/><E117/><V19/><F104/><W82/><G113/><N who="1" m="43018" /><E124/><V11/><F116/><W39/><G39/><T4/><D112/><U27/><E18/><V45/><F90/><W17/><G133/><T131/><D127/><U40/><E40/><V97/><F97/><W106/><G122/><T87/><D75/><U134/><E134/><V125/><F125/><W35/><G61/><N who="0" m="37951" /><D1/><U123/><E123/><V72/><F72/><W50/><G7/><T15/><D130/><N who="1" m="50283" /><E54/><V25/><REACH who="2" step="1"/><F22/><REACH who="2" ten="335,239,271,145" step="2"/><W105/><G105/><T41/><D131/><U63/><E71/><V65/><F65/><W132/><G132/><T10/><D41/><U8/><E70/><V119/><F119/><W109/><G53/><T47/><D47/><U31/><E8/><V66/><F66/><W68/><G68/><T110/><D110/><U107/><E107/><V78/><F78/><AGARI ba="1,1" hai="4,5,10,15,16,78,80,84,87,88,94" m="37951" machi="78" ten="30,5800,0" yaku="8,1,54,2" doraHai="24" who="0" fromWho="2" sc="335,71,239,0,271,-61,145,0" /><INIT seed="4,2,0,5,1,25" ten="406,239,210,145" oya="0" hai0="125,63,132,80,10,126,106,28,105,33,4,56,113" hai1="48,44,110,60,118,116,85,82,66,61,90,68,0" hai2="6,88,83,135,84,67,7,50,130,100,129,107,112" hai3="15,108,57,81,39,64,11,119,5,2,8,93,51"/><T75/><D113/><U117/><E110/><V41/><F112/><W115/><G115/><T45/><D132/><U46/><E0/><V1/><F1/><W23/><G108/><T72/><D45/><U55/><E61/><V104/><F135/><W69/><G119/><T20/><D33/><U70/><REACH who="1" step="1"/><E44/><REACH who="1" ten="406,229,210,145" step="2"/><V27/><F129/><W94/><G2/><N who="0" m="279" /><D63/><U18/><E18/><V42/><F130/><W76/><G5/><T36/><D125/><U19/><E19/><V91/><F6/><W58/><G69/><AGARI ba="2,1" hai="46,48,55,60,66,68,69,70,82,85,90,116,117,118" machi="69" ten="40,1300,0" yaku="1,1,53,0" doraHai="25" doraHaiUra="96" who="1" fromWho="3" sc="406,0,229,29,210,0,145,-19" /><INIT seed="5,0,0,1,0,69" ten="406,258,210,126" oya="1" hai0="119,100,130,77,34,26,132,117,13,80,73,36,108" hai1="9,56,134,28,32,72,97,129,81,131,114,45,3" hai2="43,15,125,62,135,31,5,39,105,76,107,59,87" hai3="50,121,12,19,88,63,118,102,11,18,84,127,58"/><U33/><E114/><V85/><F135/><W61/><G121/><T53/><D132/><U7/><E134/><V82/><F125/><W66/><G127/><T94/><D108/><U23/><E56/><V2/><F31/><W24/><G118/><T113/><D113/><U1/><E1/><V74/><F15/><W123/><G123/><T55/><D36/><U109/><E109/><V65/><F105/><W21/><G102/><T8/><D53/><U51/><E97/><V71/><F71/><W112/><G112/><T46/><D130/><U101/><E101/><V79/><F79/><W67/><G50/><T22/><D34/><U89/><E23/><V126/><F107/><W30/><G30/><T52/><D55/><U42/><E28/><V95/><F95/><W68/><G84/><T115/><D115/><U0/><E0/><V75/><F75/><W14/><REACH who="3" step="1"/><G88/><REACH who="3" ten="406,258,210,116" step="2"/><T116/><D100/><U17/><E51/><V44/><REACH who="2" step="1"/><F126/><REACH who="2" ten="406,258,200,116" step="2"/><W83/><G83/><T27/><D80/><U90/><E81/><V86/><F86/><W128/><G128/><T4/><D116/><U103/><E72/><V120/><F120/><W93/><G93/><T91/><D94/><U78/><E129/><V122/><F122/><W20/><G20/><T92/><D73/><U6/><E131/><V57/><F57/><W35/><G35/><T99/><D22/><U41/><E33/><V124/><F124/><W40/><G40/><T64/><D117/><U10/><E32/><V48/><F48/><W60/><G60/><T16/><D119/><U47/><E42/><V38/><F38/><RYUUKYOKU ba="0,2" sc="406,-15,258,-15,200,15,116,15" hai2="2,5,39,43,44,59,62,65,74,76,82,85,87" hai3="11,12,14,18,19,21,24,58,61,63,66,67,68" /><INIT seed="6,1,2,0,0,30" ten="391,243,215,131" oya="2" hai0="122,69,101,79,76,103,47,49,43,68,87,121,15" hai1="135,52,24,109,56,116,29,10,26,3,100,57,53" hai2="5,67,39,46,21,111,1,117,35,60,125,133,32" hai3="83,17,33,105,44,27,113,41,77,14,62,34,132"/><V115/><F117/><W0/><G0/><T120/><D15/><U80/><E109/><V106/><F111/><W99/><G27/><T51/><D51/><U108/><E108/><V40/><F133/><W114/><G132/><T97/><D101/><U90/><E135/><V130/><F130/><W93/><G62/><T22/><D22/><U4/><E116/><V126/><F21/><W119/><G105/><T84/><D84/><U8/><E100/><V2/><F106/><W31/><G31/><T72/><D87/><U23/><E10/><N who="2" m="2351" /><F115/><N who="3" m="44043" /><G119/><T6/><D6/><U74/><E26/><V78/><F78/><W18/><G93/><T9/><D79/><U88/><E74/><V12/><F12/><W75/><G99/><T110/><D110/><U48/><REACH who="1" step="1"/><E80/><REACH who="1" ten="391,233,215,131" step="2"/><V65/><F2/><W16/><G14/><T129/><D72/><U13/><E13/><V73/><F73/><W92/><G92/><T42/><D121/><U91/><E91/><V63/><F67/><W124/><G124/><N who="2" m="47721" /><F63/><AGARI ba="1,3" hai="3,4,8,23,24,29,48,52,53,56,57,63,88,90" machi="63" ten="30,7700,0" yaku="1,1,7,1,54,2,53,0" doraHai="30" doraHaiUra="81" who="1" fromWho="2" sc="391,0,233,110,215,-80,131,0" /><INIT seed="7,0,0,5,0,46" ten="391,343,135,131" oya="3" hai0="48,85,7,17,60,22,44,3,115,74,1,116,35" hai1="96,50,128,126,31,105,88,25,57,13,38,54,2" hai2="83,118,119,130,68,49,63,124,55,21,66,79,64" hai3="23,52,65,9,103,10,5,82,107,93,89,20,94"/><W129/><G129/><T70/><D74/><U12/><E2/><V34/><F130/><W132/><G107/><T97/><D35/><U121/><E126/><V36/><F34/><W61/><G132/><T111/><D111/><U29/><E121/><V95/><F124/><W8/><G5/><T117/><D115/><U122/><E38/><V101/><F36/><W27/><G103/><T14/><D97/><U37/><E37/><V120/><F66/><W72/><G52/><T135/><D135/><U33/><E122/><V86/><F120/><W19/><G23/><T80/><D60/><U62/><E128/><V100/><F21/><W91/><G72/><T113/><D70/><U127/><E127/><V75/><F100/><W43/><G43/><T112/><D113/><U109/><E109/><V134/><F134/><W24/><G24/><T133/><D112/><U102/><E31/><V15/><F15/><W28/><G28/><T108/><D108/><U18/><E18/><V16/><F16/><W71/><REACH who="3" step="1"/><G82/><REACH who="3" ten="391,343,135,121" step="2"/><T78/><D133/><U67/><E29/><V106/><F106/><W0/><G0/><T77/><D3/><U123/><E25/><V81/><F81/><W69/><G69/><T73/><D7/><U4/><E123/><V98/><F75/><W39/><G39/><T32/><D1/><U11/><E33/><V110/><F110/><W47/><G47/><AGARI ba="0,1" hai="47,49,55,63,64,68,79,83,86,95,98,101,118,119" machi="47" ten="30,2000,0" yaku="7,1,52,1" doraHai="46" who="2" fromWho="3" sc="391,0,343,0,135,30,121,-20" owari="391,49.0,343,14.0,165,-23.0,101,-40.0" /></mjloggm>