<mjloggm ver="2.3"><GO type="169" lobby="0"/><UN n0="%E3%83%95%E3%82%A3%E3%83%AD%E3%82%BD%E3%83%95%E3%82%A3%E3%82%A2" n1="%E5%8D%93%E5%93%89" n2="%6E%6F%70%72%6F%70%73" n3="%75%66%6F%5F" dan="17,16,16,18" rate="2112.32,2083.52,2115.04,2263.96" sx="M,M,F,M"/><TAIKYOKU oya="0"/><INIT seed="0,0,0,4,5,104" ten="250,250,250,250" oya="0" hai0="85,71,128,39,49,105,125,63,86,24,3,54,100" hai1="68,108,94,44,7,64,43,121,61,8,79,102,133" hai2="92,9,28,132,53,75,21,114,12,48,126,13,11" hai3="91,15,106,16,56,66,120,87,6,124,52,83,103"/><T55/><D3/><U27/><E108/><V77/><F114/><W118/><G118/><T74/><D39/><U31/><E133/><V81/><F132/><W97/><G124/><T99/><D125/><U67/><E67/><V80/><F126/><W73/><G120/><T89/><D128/><U1/><E79/><V88/><F81/><W76/><G66/><T110/><D86/><U59/><E121/><V34/><F34/><W36/><G36/><T41/><D74/><U0/><E68/><V129/><F129/><W130/><G6/><T134/><D134/><U95/><E1/><V14/><F28/><W93/><G130/><T22/><D63/><U90/><E90/><V111/><F21/><W115/><G115/><T20/><D22/><U37/><E102/><V122/><F111/><W70/><G70/><T113/><D71/><U25/><E25/><V19/><F9/><W131/><G131/><T82/><D113/><U29/><E31/><V101/><F101/><W32/><G32/><AGARI ba="0,0" hai="0,7,8,27,29,32,37,43,44,59,61,64,94,95" machi="32" ten="30,1000,0" yaku="7,1" doraHai="104" who="1" fromWho="3" sc="250,0,250,10,250,0,250,-10" /><INIT seed="1,0,0,4,2,133" ten="250,260,250,240" oya="1" hai0="90,11,77,41,78,74,14,96,71,73,40,85,60" hai1="45,22,64,102,106,124,76,130,88,66,24,23,36" hai2="123,49,12,8,93,27,47,20,125,37,69,120,114" hai3="52,50,26,2,48,4,129,6,44,62,128,105,3"/><U91/><E76/><V119/><F119/><W113/><G105/><T15/><D96/><U34/><E124/><V110/><F110/><W9/><G113/><T131/><D71/><U5/><E5/><V30/><F37/><W83/><G62/><T109/><D60/><U79/><E79/><V95/><F114/><W67/><G67/><T100/><D109/><U86/><E91/><V56/><F69/><W19/><G83/><T46/><D100/><U16/><E34/><V94/><F56/><W55/><G26/><T98/><D98/><U121/><E130/><V92/><N who="2" m="23552" /><DORA hai="39" /><V82/><F82/><W104/><G19/><T99/><D99/><U54/><E106/><V81/><F81/><W118/><G118/><T122/><D90/><U61/><E102/><V103/><F103/><W70/><G70/><T0/><BYE who="3" /><D85/><UN n3="%75%66%6F%5F" /><U42/><E54/><V10/><F125/><W38/><G38/><T87/><D87/><U126/><E121/><V134/><F8/><W112/><G112/><T63/><D11/><U13/><E61/><V65/><F65/><W111/><G9/><T75/><D73/><U33/><E33/><V97/><F97/><W43/><G104/><T108/><D63/><U28/><E126/><V17/><REACH who="2" step="1"/><F134/><REACH who="2" ten="250,260,240,240" step="2"/><W31/><G111/><T132/><D132/><U29/><E66/><V21/><F21/><W127/><G127/><T68/><D108/><U117/><E64/><V32/><F32/><W135/><G135/><T25/><D74/><U101/><E101/><V53/><AGARI ba="0,1" hai="10,12,17,20,27,30,47,49,53,120,123" m="23552" machi="53" ten="40,5200,0" yaku="1,1,0,1,53,1" doraHai="133,39" doraHaiUra="57,7" who="2" fromWho="2" sc="250,-13,260,-26,240,62,240,-13" /><INIT seed="2,0,0,3,4,23" ten="237,234,302,227" oya="2" hai0="84,65,127,43,93,123,126,54,61,15,34,11,16" hai1="71,112,27,39,26,105,2,33,79,99,66,116,101" hai2="98,109,77,76,102,7,68,131,48,8,122,62,69" hai3="85,88,111,56,133,57,50,72,117,41,5,6,119"/><V37/><F122/><W3/><G72/><T97/><D123/><U35/><E79/><V52/><F37/><W31/><G111/><T110/><D110/><U114/><E116/><V38/><F38/><W73/><G73/><T129/><D43/><U13/><E13/><V78/><F109/><W70/><G70/><T28/><D129/><U4/><E39/><V21/><F131/><W94/><G133/><T132/><D54/><U87/><E87/><V90/><F90/><W135/><G135/><T40/><D84/><U95/><E95/><V19/><F62/><W134/><G134/><T118/><D40/><U96/><E96/><V64/><F64/><W130/><G130/><T63/><D132/><U113/><E26/><V125/><F125/><W104/><G104/><T91/><D118/><U86/><E86/><V89/><F89/><W59/><G3/><T1/><D1/><U44/><E44/><V53/><F8/><W55/><G41/><T74/><D74/><U24/><E24/><N who="2" m="14399" /><F7/><N who="3" m="2571" /><G117/><T82/><D82/><U67/><E67/><V103/><F53/><W58/><G119/><T124/><D65/><U128/><E128/><V51/><F69/><W100/><G31/><T22/><D34/><U60/><E27/><AGARI ba="0,0" hai="11,15,16,22,27,28,61,63,91,93,97,124,126,127" machi="27" ten="40,5200,0" yaku="18,1,52,1,54,1" doraHai="23" who="0" fromWho="1" sc="237,52,234,-52,302,0,227,0" /><INIT seed="3,0,0,0,2,69" ten="289,182,302,227" oya="3" hai0="114,92,121,26,37,110,19,39,111,118,13,43,106" hai1="38,102,1,134,99,34,60,131,23,96,76,79,53" hai2="130,104,21,33,42,101,45,86,119,49,32,16,41" hai3="10,80,109,51,29,54,120,27,105,18,47,50,9"/><W127/><G120/><T48/><D121/><U20/><E34/><V73/><F73/><W44/><G127/><T74/><D106/><U125/><E1/><V7/><F119/><W124/><G124/><T2/><D118/><U8/><E125/><V107/><F130/><W108/><G105/><T91/><D2/><U11/><E38/><V6/><F101/><W66/><G66/><T113/><D48/><U103/><E134/><V129/><F129/><W87/><G18/><T25/><D43/><U93/><E131/><V68/><F68/><W28/><G28/><T85/><D74/><U67/><E53/><V30/><F30/><W36/><G36/><N who="0" m="13899" /><D25/><U116/><E116/><V72/><F72/><W14/><G14/><T117/><D26/><U84/><E84/><V22/><F49/><W64/><G64/><T63/><D63/><U132/><E132/><V75/><F86/><W97/><G97/><T95/><D92/><U90/><E67/><V133/><F75/><W81/><G81/><T58/><D58/><U31/><E60/><V40/><F40/><W123/><G123/><T78/><D78/><U57/><E57/><V55/><F133/><W100/><G100/><T83/><D83/><U24/><E90/><V128/><F128/><W82/><G27/><T62/><D62/><U122/><E122/><V46/><F55/><N who="3" m="30151" /><G29/><T4/><D117/><U115/><E24/><V56/><F56/><W88/><G82/><T61/><D61/><U89/><E31/><V0/><F0/><W94/><G80/><T65/><D65/><U112/><E89/><V70/><F70/><RYUUKYOKU ba="0,0" sc="289,-30,182,10,302,10,227,10" hai1="8,11,20,23,76,79,93,96,99,102,103,112,115" hai2="6,7,16,21,22,32,33,41,42,45,46,104,107" hai3="9,10,47,51,54,87,88,94,108,109" /><INIT seed="3,1,0,4,3,134" ten="259,192,312,237" oya="3" hai0="104,75,46,129,114,105,127,50,106,43,12,94,115" hai1="102,107,135,52,4,130,76,112,80,53,93,96,70" hai2="56,123,86,65,3,92,21,108,128,31,61,73,24" hai3="69,67,44,19,2,126,10,62,100,66,72,40,74"/><W85/><G67/><T122/><D122/><U22/><E70/><V79/><F3/><W90/><G100/><T25/><D75/><U13/><E112/><V71/><F108/><W97/><G97/><T5/><D5/><U28/><E135/><V15/><F123/><W39/><G19/><T18/><D25/><N who="1" m="16439" /><E107/><V32/><F128/><W82/><REACH who="3" step="1"/><G126/><REACH who="3" ten="259,192,312,227" step="2"/><T89/><D127/><U99/><E99/><V131/><F65/><W49/><G49/><T58/><D50/><U113/><E130/><V20/><F131/><W57/><G57/><T11/><D58/><U84/><E113/><V9/><F56/><W0/><G0/><T30/><D129/><U120/><E120/><V121/><F121/><W36/><G36/><BYE who="3" /><T124/><D18/><U60/><E60/><V64/><F21/><W1/><G1/><T103/><D30/><U83/><E83/><V54/><F92/><W125/><G125/><T63/><D105/><U41/><E41/><V7/><F73/><W59/><G59/><T38/><D106/><U45/><E45/><V101/><F32/><W29/><G29/><T88/><D104/><U117/><E117/><V118/><F118/><W119/><G119/><T23/><D124/><U17/><E4/><V33/><F33/><W37/><G37/><T55/><D114/><U68/><E68/><V98/><F54/><UN n3="%75%66%6F%5F" /><W34/><G34/><T81/><D38/><U8/><AGARI ba="1,1" hai="8,13,17,52,53,76,80,84,93,96,102" m="16439" machi="8" ten="30,2000,0" yaku="8,1,54,1" doraHai="134" who="1" fromWho="1" sc="259,-6,192,33,312,-6,227,-11" /><INIT seed="4,0,0,5,0,80" ten="253,225,306,216" oya="0" hai0="53,62,107,40,15,82,86,85,70,51,63,116,125" hai1="106,88,120,122,23,99,13,36,38,131,97,114,32" hai2="95,92,18,54,39,111,45,3,87,126,112,19,115" hai3="37,110,118,11,78,0,2,50,47,69,12,83,127"/><T123/><D123/><U94/><E32/><V4/><F111/><W1/><G118/><T98/><D116/><U104/><E131/><V89/><F126/><W93/><G110/><T72/><D40/><U41/><E114/><N who="2" m="43563" /><F3/><W30/><G127/><T48/><D125/><U77/><E77/><V28/><F4/><W135/><G135/><T117/><D117/><U71/><E71/><V29/><F92/><W17/><G69/><T25/><D25/><U64/><E64/><V109/><F109/><W67/><G67/><T16/><D72/><U14/><E23/><V128/><F128/><W84/><G37/><T10/><D82/><U74/><E41/><N who="2" m="22719" /><F54/><W113/><G113/><T5/><D5/><U58/><E74/><V6/><F6/><W61/><G61/><T9/><D9/><U79/><E79/><V52/><F52/><W21/><G93/><T65/><D98/><U134/><E94/><V7/><F7/><W96/><G96/><T81/><D81/><U121/><E121/><V49/><F49/><W129/><G129/><T102/><D51/><U20/><E20/><V100/><F100/><W42/><REACH who="3" step="1"/><G1/><REACH who="3" ten="253,225,306,206" step="2"/><T26/><D63/><U105/><E105/><V44/><F95/><W108/><G108/><T8/><D107/><U119/><E119/><V34/><F29/><W68/><G68/><T76/><D70/><U75/><E120/><V46/><F28/><W130/><G130/><T35/><D65/><U22/><E122/><V91/><F19/><W132/><G132/><T43/><D62/><U55/><E134/><V103/><F18/><W66/><G66/><RYUUKYOKU ba="0,1" sc="253,-10,225,-10,306,-10,206,30" hai3="0,2,11,12,17,21,30,42,47,50,78,83,84" /><INIT seed="5,1,1,1,2,52" ten="243,215,296,236" oya="1" hai0="53,19,130,93,77,65,12,94,68,107,91,124,60" hai1="41,109,127,31,75,73,131,42,104,56,63,20,0" hai2="25,101,90,3,103,115,43,122,51,92,64,35,8" hai3="47,13,54,82,89,44,119,99,102,96,120,71,58"/><U105/><E0/><V80/><F122/><W116/><G71/><T23/><D107/><U22/><E127/><V121/><F121/><W100/><G120/><T118/><D124/><U114/><E114/><V78/><F64/><W113/><G113/><T40/><D118/><N who="3" m="45097" /><G13/><T135/><D40/><U6/><E6/><V9/><F115/><W18/><G18/><T72/><D93/><U79/><E131/><V106/><F106/><N who="3" m="63751" /><G89/><T69/><D69/><U85/><E109/><V16/><F103/><W15/><G15/><T26/><D130/><U129/><E129/><V133/><F101/><W117/><N who="3" m="45105" /><W10/><DORA hai="5" /><G10/><T125/><D12/><U123/><E123/><V30/><F3/><W2/><G82/><T50/><D125/><U86/><E31/><V57/><F16/><W17/><G17/><T112/><D112/><U46/><E79/><V7/><F7/><W76/><G76/><T88/><D91/><U14/><E14/><V134/><F80/><W48/><G2/><T83/><D88/><U81/><E81/><V29/><F78/><W97/><G97/><T132/><REACH who="0" step="1"/><D94/><AGARI ba="1,1" hai="44,47,48,54,58,94,99,102" m="63751,45105" machi="94" ten="40,2600,0" yaku="12,1,52,1" doraHai="52,5" who="3" fromWho="0" sc="243,-29,215,0,296,0,236,39" /><INIT seed="6,0,0,2,1,88" ten="214,215,296,275" oya="2" hai0="125,70,127,99,81,87,12,22,60,19,124,131,100" hai1="98,35,44,66,105,51,114,50,102,117,121,32,71" hai2="109,101,96,54,31,128,27,97,134,14,89,18,36" hai3="48,110,49,75,26,56,47,132,133,90,62,84,0"/><V16/><F128/><W30/><G0/><T116/><D131/><U25/><E117/><V53/><F134/><N who="3" m="51819" /><G75/><T77/><D116/><U46/><E114/><V65/><F36/><W42/><G110/><T28/><D28/><U29/><E35/><V82/><F109/><W69/><G69/><T123/><D70/><U79/><E79/><V11/><F65/><N who="3" m="39111" /><G49/><N who="1" m="18442" /><E121/><V72/><F18/><W91/><G84/><T15/><D60/><AGARI ba="0,0" hai="25,29,32,44,46,60,66,71,98,102,105" m="18442" machi="60" ten="30,1000,0" yaku="25,1" doraHai="88" who="1" fromWho="0" sc="214,-10,215,10,296,0,275,0" /><INIT seed="7,0,0,5,3,74" ten="204,225,296,275" oya="3" hai0="115,8,50,72,53,107,65,120,22,27,46,78,98" hai1="77,114,39,87,102,127,4,63,35,116,29,86,70" hai2="60,15,25,24,55,69,19,117,89,48,23,40,122" hai3="44,16,37,88,6,57,91,99,131,97,51,73,71"/><W49/><G71/><T129/><D120/><U126/><E4/><V33/><F117/><W81/><G37/><T64/><D129/><U94/><E114/><V61/><F40/><W32/><G32/><T2/><D115/><U31/><E39/><V1/><F1/><W47/><G6/><T130/><D130/><U110/><E110/><V133/><F33/><W3/><G3/><T132/><D132/><U100/><E94/><V92/><F69/><W79/><G57/><T121/><D121/><U43/><E43/><V85/><F133/><W0/><G0/><T67/><D107/><U34/><E70/><V108/><F108/><W26/><G131/><T113/><D98/><U90/><E90/><V93/><F93/><W9/><G9/><T38/><D38/><U17/><E63/><N who="2" m="24139" /><F122/><W95/><G97/><T134/><D134/><U28/><E28/><V104/><F104/><W128/><G91/><T62/><D113/><U5/><E5/><V56/><AGARI ba="0,0" hai="15,19,23,24,25,48,55,56,85,89,92" m="24139" machi="56" ten="30,2000,0" yaku="25,1,8,1" doraHai="74" who="2" fromWho="2" sc="204,-5,225,-5,296,20,275,-10" owari="199,-30.0,220,-18.0,316,41.0,265,7.0" /></mjloggm>