<mjloggm ver="2.3"><GO type="169" lobby="0"/><UN n0="%E3%82%84%E3%81%95%E3%81%8A" n1="%E6%9C%A8%E4%B8%8B%E3%83%99%E3%83%83%E3%82%AB%E3%83%A0" n2="%E3%83%9A%E3%83%81%E3%83%A7%E3%83%BC%E3%83%AA%E3%83%B3" n3="%E9%BB%92%E8%A1%A3%E3%81%AE%E3%82%A4%E3%83%8A%E3%82%B8%E3%82%A7%E3%82%A4" dan="16,16,17,16" rate="2055.47,2109.08,2150.33,2128.92" sx="M,M,M,M"/><TAIKYOKU oya="0"/><INIT seed="0,0,0,4,4,11" ten="250,250,250,250" oya="0" hai0="117,26,127,85,27,82,48,129,6,37,23,12,84" hai1="101,76,32,66,83,22,103,132,20,17,130,120,24" hai2="99,62,71,87,92,106,5,72,51,122,47,79,88" hai3="44,98,21,25,100,135,8,50,57,77,115,49,97"/><T131/><D37/><U55/><E130/><N who="0" m="49673" /><D117/><U91/><E132/><V128/><F122/><W64/><G115/><T2/><D2/><U119/><E32/><V33/><F128/><W14/><G135/><T53/><D127/><U10/><E66/><V30/><F5/><W133/><G133/><T102/><D102/><U0/><E119/><V124/><F124/><W75/><G77/><N who="0" m="46159" /><D85/><U16/><E91/><V7/><F7/><N who="3" m="3359" /><G75/><T126/><D126/><U52/><E120/><V95/><F72/><W67/><G100/><N who="1" m="38474" /><E0/><V78/><F106/><W121/><G121/><T96/><D96/><N who="3" m="36969" /><G57/><N who="0" m="32935" /><D6/><U108/><E76/><V29/><F79/><W112/><G112/><T38/><D38/><U63/><E83/><V81/><F81/><W94/><G94/><T54/><D54/><U89/><E89/><V125/><F92/><W68/><G68/><T41/><D41/><U43/><E43/><V35/><F95/><W56/><G56/><T110/><D110/><U40/><E40/><V86/><F78/><W113/><G113/><T114/><D114/><U9/><E108/><V118/><F71/><W59/><G59/><T73/><D73/><U109/><E109/><V134/><F125/><W39/><G39/><T123/><D123/><U36/><E36/><V18/><F118/><W4/><G4/><T65/><D65/><N who="3" m="25161" /><G44/><T107/><D107/><U111/><E111/><V93/><F47/><W15/><G25/><T31/><D27/><N who="1" m="14727" /><E55/><V58/><F134/><W13/><G21/><T60/><D60/><U19/><E63/><V74/><F62/><W28/><G28/><T34/><D34/><RYUUKYOKU ba="0,0" sc="250,15,250,-15,250,-15,250,15" hai0="12,23,26,31" hai3="13,15,49,50" /><INIT seed="0,1,0,1,4,53" ten="265,235,235,265" oya="0" hai0="59,62,50,5,0,71,20,98,13,44,28,107,114" hai1="38,74,58,45,18,60,39,134,124,106,133,75,132" hai2="14,91,72,80,119,83,111,108,79,2,3,29,82" hai3="101,51,126,89,85,130,52,95,97,21,35,76,64"/><T118/><D114/><U63/><E106/><V121/><F121/><W99/><G130/><T109/><D118/><U24/><E24/><V9/><F119/><W93/><G126/><T8/><D71/><U123/><E123/><V30/><F83/><W115/><G35/><T127/><D127/><U26/><E124/><V4/><F91/><W128/><G128/><T16/><D109/><N who="2" m="42058" /><F82/><W54/><G64/><T122/><D122/><U103/><E103/><V117/><F117/><W34/><G34/><T94/><D107/><U77/><E60/><V10/><F3/><W48/><G21/><T47/><D28/><U56/><E63/><V19/><AGARI ba="1,0" hai="2,4,9,10,14,19,29,30,72,79,80" m="42058" machi="19" ten="30,1100,0" yaku="14,1" doraHai="53" who="2" fromWho="2" sc="265,-6,235,-4,235,14,265,-4" /><INIT seed="1,0,0,4,3,91" ten="259,231,249,261" oya="1" hai0="106,29,89,14,37,130,99,68,114,69,125,76,5" hai1="83,59,44,100,129,116,66,126,123,20,16,103,10" hai2="72,90,127,60,43,92,17,110,6,112,19,101,97" hai3="98,11,80,4,111,96,115,79,32,105,131,133,42"/><U95/><E129/><V50/><F127/><W86/><G115/><T64/><D37/><U8/><E126/><V27/><F110/><W30/><G111/><T49/><D68/><U38/><E116/><V57/><F112/><W33/><G133/><T71/><D69/><U122/><E123/><V28/><F72/><W67/><G67/><T81/><D71/><U1/><E122/><V53/><F6/><W35/><G30/><T104/><D104/><U15/><E1/><V134/><F134/><W82/><G105/><T3/><D3/><U24/><E38/><V9/><F9/><W108/><G131/><T70/><D70/><U55/><E66/><V113/><F113/><W102/><G102/><T51/><D106/><U18/><E83/><V58/><F90/><W2/><G108/><T77/><D130/><U12/><E44/><V73/><F73/><W52/><G42/><T34/><D34/><U56/><E95/><V85/><F85/><W109/><G80/><T88/><D114/><U117/><E117/><V46/><F58/><W93/><G109/><T121/><D121/><U124/><E124/><V21/><AGARI ba="0,0" hai="17,19,21,27,28,43,46,50,53,57,60,92,97,101" machi="21" ten="20,5200,0" yaku="0,1,7,1,8,1,52,1" doraHai="91" who="2" fromWho="2" sc="259,-13,231,-26,249,52,261,-13" /><INIT seed="2,0,0,3,3,98" ten="246,205,301,248" oya="2" hai0="65,22,83,53,90,133,27,127,23,131,46,26,44" hai1="118,91,80,134,17,43,60,99,42,32,31,71,21" hai2="119,97,76,116,81,121,114,49,125,70,74,34,0" hai3="132,111,69,123,110,11,13,28,6,30,5,79,84"/><V62/><F0/><W52/><G69/><T51/><D127/><U59/><E134/><V82/><F34/><W101/><G132/><T55/><D133/><U103/><E118/><V4/><F4/><W107/><G123/><T113/><D131/><U87/><E71/><V1/><F1/><W109/><G6/><T47/><D113/><U93/><E32/><V89/><F49/><W117/><G117/><N who="2" m="45129" /><F62/><W124/><G124/><T85/><D65/><U126/><E126/><V66/><F66/><W78/><G84/><T29/><REACH who="0" step="1"/><D55/><REACH who="0" ten="236,205,301,248" step="2"/><U7/><E7/><V68/><F125/><W115/><G52/><T94/><D94/><U20/><E31/><AGARI ba="0,1" hai="22,23,26,27,29,31,44,46,47,51,53,83,85,90" machi="31" ten="30,7700,0" yaku="1,1,7,1,9,1,8,1,53,0" doraHai="98" doraHaiUra="73" who="0" fromWho="1" sc="236,87,205,-77,301,0,248,0" /><INIT seed="3,0,0,0,4,105" ten="323,128,301,248" oya="3" hai0="13,93,104,7,133,120,10,26,36,64,101,58,71" hai1="116,109,44,72,41,62,43,39,81,65,25,127,14" hai2="49,30,135,27,20,95,9,94,54,115,126,23,102" hai3="114,91,87,119,47,88,3,50,128,15,118,34,132"/><W107/><G114/><T48/><D36/><U125/><E14/><V4/><F115/><W113/><G113/><T63/><D133/><U8/><E8/><V86/><F126/><N who="1" m="48137" /><E25/><V76/><F135/><W17/><G132/><T22/><D120/><U90/><E90/><V21/><F102/><W130/><G3/><T108/><D104/><U106/><E106/><V56/><F95/><W92/><G107/><T111/><D71/><N who="1" m="42423" /><E109/><V12/><REACH who="2" step="1"/><F94/><REACH who="2" ten="323,128,291,248" step="2"/><W1/><G1/><T69/><D111/><U74/><E81/><AGARI ba="0,1" hai="4,9,12,20,21,23,27,30,49,54,56,76,81,86" machi="81" ten="40,5200,0" yaku="1,1,2,1,8,1,53,0" doraHai="105" doraHaiUra="29" who="2" fromWho="1" sc="323,0,128,-52,291,62,248,0" /><INIT seed="4,0,0,2,0,102" ten="323,76,353,248" oya="0" hai0="88,112,127,106,77,124,15,44,28,96,41,18,36" hai1="7,27,82,13,118,129,63,131,9,113,1,92,50" hai2="22,59,5,64,35,19,34,48,69,134,103,56,26" hai3="58,23,89,107,30,114,116,32,109,4,12,20,72"/><T3/><D3/><U57/><E118/><V24/><F134/><W94/><G116/><T54/><D28/><U75/><E1/><V101/><F5/><W132/><G109/><T67/><D77/><U21/><E75/><V87/><F69/><W6/><G72/><T78/><D78/><U42/><E113/><V46/><F34/><W52/><G132/><T90/><D67/><U11/><E129/><V37/><F37/><W126/><G107/><T81/><D54/><U45/><E131/><V39/><F39/><W62/><G32/><T91/><D112/><U73/><E73/><V17/><F35/><W68/><G68/><T29/><D29/><U79/><E11/><V117/><F117/><W40/><G40/><T70/><D70/><U83/><E92/><V74/><F74/><W99/><G126/><N who="0" m="48171" /><D81/><U111/><E111/><V51/><F87/><W95/><G95/><N who="0" m="56439" /><D106/><U133/><E133/><V123/><F123/><W16/><G114/><T128/><D128/><U125/><E125/><V71/><F71/><W33/><G33/><T84/><D84/><U10/><E10/><AGARI ba="0,0" hai="10,15,18,36,41,44,88,91" m="56439,48171" machi="10" ten="30,2900,0" yaku="18,1,54,1" doraHai="102" who="0" fromWho="1" sc="323,29,76,-29,353,0,248,0" /><INIT seed="4,1,0,4,2,7" ten="352,47,353,248" oya="0" hai0="68,21,77,112,88,57,125,29,11,84,92,78,58" hai1="87,35,72,73,47,61,55,131,98,6,90,133,101" hai2="113,63,110,20,1,95,51,107,71,111,28,46,16" hai3="3,48,106,13,69,75,33,100,122,115,74,59,127"/><T83/><D68/><U109/><E109/><V14/><F107/><W52/><G3/><T18/><D112/><U60/><E35/><V97/><F113/><W93/><G115/><T30/><D125/><U43/><E131/><V80/><F1/><W86/><G69/><T37/><D37/><U26/><E133/><V8/><F80/><W119/><G119/><T27/><D77/><U38/><E26/><V105/><F105/><W85/><G33/><T70/><D70/><U53/><E98/><V10/><F28/><W120/><G106/><T134/><D134/><U24/><E24/><V76/><F76/><W22/><G86/><T0/><D30/><U108/><E101/><V124/><F124/><W81/><G127/><T19/><D29/><U116/><E116/><V129/><F129/><W67/><G67/><T39/><D39/><U130/><E130/><V102/><F111/><W66/><G66/><T54/><D54/><U89/><E89/><V128/><F110/><W42/><G42/><T62/><D62/><U123/><E123/><N who="3" m="47146" /><G93/><T56/><D0/><U31/><E108/><V12/><F128/><W65/><G65/><T45/><D45/><U4/><E31/><V17/><F71/><W5/><G100/><T44/><D44/><U34/><E34/><V126/><F126/><W32/><G32/><T15/><D57/><N who="1" m="34863" /><E61/><V132/><F132/><W114/><G114/><T103/><D103/><U40/><E55/><N who="2" m="30199" /><F63/><W36/><G36/><T91/><D91/><U79/><E43/><V99/><F99/><AGARI ba="1,0" hai="11,15,18,19,21,27,56,58,78,83,84,88,92,99" machi="99" ten="30,11600,0" yaku="7,1,8,1,52,1,54,1" doraHai="7" who="0" fromWho="2" sc="352,119,47,0,353,-119,248,0" /><INIT seed="4,2,0,1,4,36" ten="471,47,234,248" oya="0" hai0="112,69,10,71,31,0,134,119,15,11,30,126,83" hai1="102,124,105,17,52,28,84,58,98,132,7,37,38" hai2="92,13,68,14,42,116,20,121,3,97,44,129,61" hai3="1,91,95,9,47,60,39,5,18,66,6,101,109"/><T35/><D119/><U122/><E132/><V54/><F3/><W57/><G109/><T82/><D134/><U93/><E124/><V70/><F121/><W46/><G101/><T22/><D126/><U125/><E125/><V65/><F129/><W40/><G47/><T110/><D110/><U88/><E122/><V90/><F116/><W24/><G1/><T59/><D112/><U113/><E113/><V99/><F70/><W67/><G67/><T118/><D118/><U21/><E28/><V32/><F32/><W120/><G120/><T128/><D0/><U62/><REACH who="1" step="1"/><E7/><REACH who="1" ten="471,37,234,248" step="2"/><V33/><F33/><W115/><G115/><T41/><D35/><U78/><E78/><V27/><F54/><W29/><G29/><T123/><D128/><U133/><E133/><V25/><F99/><W49/><G39/><T131/><D123/><U89/><E89/><V34/><F34/><W77/><G77/><T23/><D131/><U85/><E85/><V87/><F97/><N who="3" m="57599" /><G9/><T100/><D10/><U108/><E108/><V4/><F4/><W86/><G86/><T75/><D31/><U117/><E117/><V135/><F135/><W127/><G127/><T130/><D30/><U64/><E64/><V51/><F20/><AGARI ba="2,1" hai="5,6,18,20,24,40,46,49,57,60,66" m="57599" machi="20" ten="30,2000,0" yaku="8,1,52,1" doraHai="36" who="3" fromWho="2" sc="471,0,37,0,234,-26,248,36" /><INIT seed="5,0,0,1,2,76" ten="471,37,208,284" oya="1" hai0="53,85,105,90,91,28,88,49,50,17,46,67,32" hai1="120,74,124,84,116,57,6,122,93,43,135,96,127" hai2="103,27,44,61,102,29,77,35,38,111,119,24,19" hai3="60,131,81,3,66,37,128,86,26,40,14,107,99"/><U125/><E43/><V56/><F119/><W21/><G3/><T72/><D105/><U63/><E6/><V2/><F111/><W97/><G14/><T47/><D72/><U7/><E7/><V1/><F77/><W94/><G107/><T30/><D67/><U51/><E51/><V134/><F134/><W25/><G40/><T12/><D32/><U9/><E9/><V98/><F102/><W42/><G37/><T118/><D118/><U65/><E116/><V68/><F68/><W20/><G42/><N who="0" m="24791" /><D85/><U41/><E74/><V115/><F115/><W129/><G21/><AGARI ba="0,0" hai="12,17,21,28,30,47,50,53,88,90,91" m="24791" machi="21" ten="30,2000,0" yaku="8,1,54,1" doraHai="76" who="0" fromWho="3" sc="471,20,37,0,208,0,284,-20" /><INIT seed="6,0,0,0,4,62" ten="491,37,208,264" oya="2" hai0="64,118,96,20,105,41,100,58,37,14,9,124,127" hai1="89,27,44,69,43,21,131,24,28,52,19,2,121" hai2="111,11,126,10,55,63,49,79,73,114,91,66,59" hai3="128,33,125,6,60,51,47,122,80,106,36,97,3"/><V133/><F114/><W56/><G122/><T68/><D68/><U42/><E2/><V70/><F126/><N who="0" m="48170" /><D20/><U123/><E69/><V25/><F133/><W61/><G80/><T22/><D22/><U45/><E131/><V129/><F129/><W0/><G97/><T86/><D86/><U57/><E123/><V38/><F111/><W87/><G106/><T95/><D41/><U108/><E121/><V53/><F79/><W5/><G56/><T1/><D37/><U50/><E108/><V113/><F73/><W117/><G51/><T32/><D32/><U75/><E75/><V39/><F113/><W7/><G7/><N who="0" m="1263" /><D14/><U102/><E102/><V119/><F119/><W90/><G90/><T109/><D109/><U85/><E42/><V12/><F25/><W103/><G47/><T107/><D118/><U48/><E45/><V8/><F12/><W101/><G125/><T132/><D132/><U115/><E115/><V120/><F120/><W104/><G104/><T30/><D30/><U71/><E71/><V46/><F91/><W94/><G94/><T130/><D130/><U54/><E43/><V82/><F82/><W4/><G4/><T76/><D76/><U93/><REACH who="1" step="1"/><E28/><REACH who="1" ten="491,27,208,264" step="2"/><V65/><F70/><W77/><G128/><T81/><D100/><U135/><E135/><V29/><F29/><W78/><G117/><T99/><D107/><U31/><E31/><V15/><F39/><W35/><G36/><T26/><D105/><U116/><E116/><V134/><F38/><W16/><G0/><T34/><D58/><U83/><E83/><V84/><F134/><RYUUKYOKU ba="0,1" sc="491,-10,27,30,208,-10,264,-10" hai1="19,21,24,27,44,48,50,52,54,57,85,89,93" /><INIT seed="7,1,1,3,2,12" ten="481,57,198,254" oya="3" hai0="16,102,13,113,10,59,42,88,79,110,34,106,61" hai1="119,48,115,89,129,31,125,76,19,105,92,126,20" hai2="116,53,8,47,56,43,24,109,11,40,33,22,97" hai3="72,57,82,58,1,87,84,63,118,77,32,26,30"/><W75/><G118/><T81/><D110/><U134/><E105/><V35/><F35/><W122/><G122/><T60/><D34/><U51/><E119/><V65/><F33/><W54/><G1/><T64/><D106/><U123/><E123/><V107/><F109/><W90/><REACH who="3" step="1"/><G58/><REACH who="3" ten="481,57,198,244" step="2"/><N who="0" m="36887" /><D113/><U96/><E115/><V91/><F116/><W93/><AGARI ba="1,2" hai="26,30,32,54,57,63,72,75,77,82,84,87,90,93" machi="93" ten="20,3900,0" yaku="1,1,0,1,7,1,53,0" doraHai="12" doraHaiUra="124" who="3" fromWho="3" sc="481,-14,57,-14,198,-14,244,62" /><INIT seed="7,2,0,3,3,102" ten="467,43,184,306" oya="3" hai0="111,5,57,28,65,130,106,86,56,99,134,125,131" hai1="116,85,62,17,40,29,81,79,71,87,47,49,25" hai2="32,80,63,7,61,104,117,8,46,22,97,76,59" hai3="0,83,91,96,74,54,94,51,127,122,90,95,88"/><W43/><G127/><T16/><D111/><U26/><E116/><V1/><F32/><W53/><G122/><T119/><D119/><U93/><E71/><V64/><F117/><W124/><G124/><T50/><D28/><U58/><E29/><V135/><F135/><W72/><G0/><T126/><D5/><U105/><E26/><V23/><F46/><W89/><G43/><T84/><D134/><U73/><E73/><V44/><F44/><W33/><G33/><T100/><D84/><U30/><E87/><V27/><F97/><W67/><G67/><T66/><D66/><U12/><E12/><V115/><F115/><W69/><G69/><T103/><D103/><U3/><E3/><V132/><F63/><W37/><G37/><T20/><D86/><U34/><E93/><V52/><F64/><W41/><G74/><T36/><D36/><U13/><E13/><V11/><F11/><W123/><G123/><T133/><D133/><U9/><E9/><V15/><F1/><W107/><G107/><T118/><D118/><U10/><E10/><V6/><F6/><W60/><G60/><N who="0" m="38023" /><D57/><U121/><E121/><V82/><F59/><W112/><G112/><T77/><D77/><U120/><E120/><V128/><F8/><W109/><G109/><T92/><D50/><U113/><E113/><V55/><F7/><W19/><G19/><T2/><D92/><N who="3" m="35369" /><G96/><T78/><D78/><U70/><E70/><V31/><F31/><W110/><N who="3" m="22528" /><DORA hai="35" /><W38/><G110/><T48/><D2/><U75/><E17/><N who="2" m="10559" /><F132/><W98/><G98/><T108/><D126/><RYUUKYOKU ba="2,0" sc="467,0,43,0,184,0,306,0" owari="467,57.0,43,-46.0,184,-22.0,306,11.0" /></mjloggm>