<mjloggm ver="2.3"><GO type="225" lobby="0"/><UN n0="%E7%AD%89%E3%80%85%E5%8A%9B%E5%8A%87%E5%A0%B4" n1="%E3%81%82%E3%82%84%E3%81%BA%E3%81%9F" n2="%E3%81%A9%E3%82%8F%E3%82%93%E3%81%94" n3="%E5%85%94%E6%96%AF%E5%9F%BA" dan="16,17,17,16" rate="2074.24,2138.91,2207.08,2047.25" sx="M,M,M,M"/><TAIKYOKU oya="0"/><INIT seed="0,0,0,0,0,134" ten="250,250,250,250" oya="0" hai0="2,69,49,30,104,7,73,21,133,46,1,15,37" hai1="22,23,19,122,125,35,48,115,126,0,42,71,44" hai2="63,10,51,128,97,72,84,76,109,121,65,66,85" hai3="103,98,3,11,83,67,132,62,20,79,60,82,94"/><T129/><D104/><U99/><E122/><V52/><F121/><W43/><G132/><T31/><D69/><U34/><E0/><V108/><F128/><W96/><G43/><T89/><D133/><U29/><E71/><V40/><F97/><W95/><G20/><T27/><D37/><U6/><E6/><V17/><F72/><W9/><G3/><T119/><D119/><U123/><E123/><V86/><F40/><W124/><G124/><N who="1" m="47722" /><E115/><V91/><F76/><W120/><G120/><T59/><D129/><U16/><E99/><V38/><F38/><W8/><G67/><T118/><D118/><U81/><E81/><N who="3" m="30730" /><G79/><T116/><D73/><U33/><E23/><V106/><F106/><W110/><G110/><T18/><D116/><U75/><E75/><V111/><F109/><W101/><AGARI ba="0,0" hai="8,9,11,60,62,94,95,96,98,101,103" m="30730" machi="101" ten="30,1100,0" yaku="8,1" doraHai="134" who="3" fromWho="3" sc="250,-5,250,-3,250,-3,250,11" /><INIT seed="1,0,0,1,2,116" ten="245,247,247,261" oya="1" hai0="68,19,56,128,10,21,5,1,28,47,81,26,59" hai1="38,94,63,125,103,93,109,78,49,84,41,31,107" hai2="17,54,86,129,111,112,101,69,7,43,64,66,42" hai3="9,0,130,96,52,40,34,135,91,132,123,131,15"/><U12/><E38/><V13/><F111/><W36/><G34/><T106/><D106/><U48/><E107/><V105/><F129/><N who="3" m="49163" /><G0/><T58/><D68/><U37/><E37/><V134/><F7/><W122/><G52/><T83/><D128/><U14/><E125/><V127/><F127/><W117/><G117/><T55/><REACH who="0" step="1"/><D28/><REACH who="0" ten="235,247,247,261" step="2"/><U104/><E31/><V35/><F105/><W11/><G135/><T39/><D39/><U25/><E104/><V60/><F134/><W72/><G36/><T89/><D89/><U44/><E109/><V124/><F69/><W97/><G91/><T61/><D61/><U99/><E63/><V133/><F60/><W32/><G132/><T70/><D70/><U119/><E119/><V102/><F133/><W23/><G122/><T62/><D62/><U16/><E49/><AGARI ba="0,1" hai="1,5,10,19,21,26,47,49,55,56,58,59,81,83" machi="49" ten="40,1300,0" yaku="1,1,53,0" doraHai="116" doraHaiUra="126" who="0" fromWho="1" sc="235,23,247,-13,247,0,261,0" /><INIT seed="2,0,0,4,1,22" ten="258,234,247,261" oya="2" hai0="38,88,94,106,91,2,27,24,0,6,122,104,101" hai1="37,42,103,93,89,41,36,87,124,86,80,83,54" hai2="7,79,15,55,108,95,112,71,47,77,59,102,110" hai3="69,64,105,35,25,90,100,30,121,31,62,133,82"/><V32/><F112/><W10/><G121/><T34/><D122/><U123/><E123/><V17/><F71/><W126/><G126/><T125/><D38/><U4/><E124/><V67/><F7/><W48/><G133/><T119/><D125/><U76/><E4/><V29/><F67/><W118/><G118/><T50/><D119/><U120/><E120/><V92/><F47/><W70/><G70/><T43/><D34/><U85/><E103/><V18/><F29/><N who="3" m="19887" /><G10/><T40/><D6/><U5/><E5/><V68/><F68/><W114/><G48/><T115/><D94/><N who="2" m="35882" /><F102/><W20/><G20/><T135/><D101/><U97/><E54/><V3/><F32/><W46/><G46/><T1/><D50/><U16/><E16/><N who="2" m="6251" /><F15/><W65/><G65/><T56/><D56/><U134/><E134/><V128/><F3/><W8/><G114/><T45/><D45/><U109/><E37/><V13/><F13/><W113/><G113/><T39/><D115/><U130/><E36/><V28/><F28/><W19/><G31/><T99/><D39/><U57/><E57/><V53/><F53/><W60/><G30/><T52/><D52/><U84/><E84/><V81/><F81/><W72/><G64/><T14/><D14/><U51/><E87/><V63/><F128/><W117/><G69/><T21/><D21/><U11/><E130/><V49/><F49/><W127/><G127/><T66/><D66/><U129/><E51/><V116/><F116/><W9/><G117/><T96/><D2/><U75/><E129/><V58/><F59/><W74/><G100/><RYUUKYOKU ba="0,0" sc="258,15,234,-15,247,15,261,-15" hai0="0,1,24,27,40,43,88,91,96,99,104,106,135" hai2="55,58,63,77,79,108,110" /><INIT seed="2,1,0,2,1,133" ten="273,219,262,246" oya="2" hai0="56,80,98,13,24,4,58,54,119,27,51,31,7" hai1="85,5,71,108,15,49,114,75,65,109,39,82,25" hai2="72,103,94,19,127,70,23,64,18,132,48,124,135" hai3="78,53,37,69,76,81,123,34,68,6,50,17,84"/><V33/><F72/><W66/><G123/><T3/><D3/><U118/><E114/><V16/><F33/><W87/><G37/><T8/><D119/><U86/><E118/><V63/><F48/><W38/><G38/><T120/><D120/><U52/><E39/><V74/><F74/><W35/><G6/><T125/><D4/><U130/><E130/><V99/><REACH who="2" step="1"/><F23/><REACH who="2" ten="273,219,252,246" step="2"/><W105/><G35/><T14/><D51/><U88/><E75/><V73/><F73/><W89/><G34/><T91/><D27/><U44/><E25/><V29/><F29/><W129/><G50/><T102/><D24/><U21/><E21/><V131/><F131/><W79/><G129/><T22/><D22/><U32/><E32/><V107/><F107/><W101/><G105/><T36/><D31/><U0/><E86/><V30/><F30/><W128/><G87/><T116/><D36/><U77/><E85/><V95/><F95/><W55/><G84/><T45/><D116/><U112/><E82/><V43/><F43/><W62/><G81/><T92/><D80/><U115/><E112/><V41/><F41/><W11/><G128/><T28/><D28/><U42/><E115/><V1/><F1/><W110/><G78/><T90/><D92/><U104/><E77/><V2/><F2/><W126/><G76/><T134/><D134/><AGARI ba="1,1" hai="16,18,19,63,64,70,94,99,103,124,127,132,134,135" machi="134" ten="40,12000,1" yaku="1,1,20,1,52,2,54,1,53,0" doraHai="133" doraHaiUra="100" who="2" fromWho="0" sc="273,-123,219,0,252,133,246,0" /><INIT seed="2,2,0,2,4,73" ten="150,219,385,246" oya="2" hai0="25,18,32,36,107,21,60,31,62,132,54,134,135" hai1="114,100,19,103,72,47,109,78,111,76,69,79,126" hai2="4,44,37,112,119,89,110,122,92,118,124,49,1" hai3="86,94,82,57,17,71,11,129,133,97,58,10,70"/><V99/><F122/><W51/><G129/><T6/><D107/><U101/><E114/><V63/><F112/><W85/><G133/><T23/><D36/><U84/><E72/><V55/><F124/><W7/><G17/><T65/><D6/><U90/><E69/><V3/><F37/><W9/><G7/><T128/><D128/><U48/><E126/><V40/><F110/><N who="1" m="41993" /><E19/><V22/><F22/><W20/><G20/><T104/><D104/><U14/><E14/><V2/><F4/><W77/><G85/><T68/><REACH who="0" step="1"/><D18/><REACH who="0" ten="140,219,385,246" step="2"/><U75/><E75/><V15/><F2/><W96/><G71/><T33/><D33/><U81/><E103/><V59/><F3/><W108/><G70/><T66/><D66/><U131/><E131/><V113/><F1/><W106/><G106/><T120/><D120/><U127/><E127/><V61/><F113/><W39/><G39/><T95/><D95/><U41/><AGARI ba="2,1" hai="41,47,48,76,78,79,81,84,90,100,101" m="41993" machi="41" ten="30,7900,0" yaku="14,1,52,3" doraHai="73" who="1" fromWho="1" sc="140,-22,219,95,385,-41,246,-22" /><INIT seed="3,0,0,0,3,40" ten="118,314,344,224" oya="3" hai0="27,14,50,11,113,112,39,12,100,67,36,83,76" hai1="47,22,61,97,16,38,86,56,32,91,115,29,123" hai2="19,133,107,7,125,26,8,73,42,70,4,9,68" hai3="85,135,64,6,128,129,81,122,118,72,116,33,30"/><W111/><G72/><T15/><D100/><U108/><E123/><V60/><F73/><W119/><G122/><T75/><D67/><U49/><E115/><V5/><F107/><W46/><G135/><T127/><D11/><U2/><E2/><V54/><F133/><W126/><G126/><T77/><D27/><U58/><E38/><N who="0" m="14377" /><D75/><U117/><E108/><V57/><F125/><W20/><G111/><T114/><D127/><U52/><E117/><V87/><F70/><W102/><G64/><T34/><D34/><U41/><E32/><V37/><F68/><W121/><G102/><T82/><D50/><U79/><E29/><V59/><F42/><W124/><G124/><T25/><D25/><U1/><E1/><V96/><F37/><W99/><G33/><T94/><D94/><U101/><E79/><V131/><F96/><W3/><G99/><T106/><D106/><U132/><E132/><V90/><F131/><W74/><G74/><T65/><D65/><U13/><E58/><V78/><F78/><N who="3" m="46263" /><G121/><T89/><D89/><U80/><E97/><V53/><F19/><W92/><G92/><T24/><D24/><U55/><E101/><V10/><F26/><N who="3" m="16711" /><G129/><T48/><D48/><U93/><E41/><V109/><F109/><W120/><G128/><T43/><D43/><U98/><E98/><V71/><F71/><W51/><G120/><T103/><D103/><U23/><E93/><N who="2" m="54495" /><F4/><W134/><G119/><T63/><D63/><AGARI ba="0,0" hai="5,7,8,9,10,53,54,57,59,60,63" m="54495" machi="63" ten="30,1000,0" yaku="8,1" doraHai="40" who="2" fromWho="0" sc="118,-10,314,0,344,10,224,0" owari="108,-39.0,314,11.0,354,46.0,224,-18.0" /></mjloggm>