<mjloggm ver="2.3"><GO type="169" lobby="0"/><UN n0="%E3%81%88%E3%81%99%E3%81%9F%E3%81%BE%E3%82%8B" n1="%6C%65%6F%6E%6C%65%6F%6E" n2="%E3%81%98%E3%83%BC%E3%81%8A%E3%83%BC" n3="%E3%82%AC%E3%83%AB%E3%81%8A%E3%81%98%E3%83%9F%E3%82%AD" dan="16,17,16,16" rate="2136.45,2187.44,2146.37,2062.29" sx="M,F,M,M"/><TAIKYOKU oya="0"/><INIT seed="0,0,0,2,2,67" ten="250,250,250,250" oya="0" hai0="97,2,100,26,110,65,76,43,16,48,60,41,83" hai1="9,87,116,66,15,17,132,72,90,24,13,105,91" hai2="38,64,45,46,107,35,99,114,59,117,111,42,56" hai3="27,63,20,78,23,96,50,73,95,68,36,58,25"/><T92/><D2/><U37/><E116/><V84/><F35/><W52/><G36/><T10/><D110/><U118/><E118/><V103/><F117/><W85/><G73/><T30/><D48/><U133/><E72/><V104/><F114/><W108/><G108/><T134/><D134/><U88/><E37/><V61/><F111/><W57/><G68/><T53/><D53/><U39/><E39/><V4/><F107/><W86/><G78/><T6/><D6/><U94/><E105/><V122/><F45/><W130/><G130/><T29/><D29/><U127/><E127/><V40/><F40/><W51/><G51/><T128/><D128/><U8/><E24/><V22/><F122/><W125/><G27/><T75/><D10/><U112/><E66/><V3/><F22/><N who="3" m="8235" /><G25/><T113/><D113/><U119/><E119/><V19/><F19/><W18/><G18/><T89/><D16/><N who="1" m="8231" /><E112/><V120/><F120/><W109/><G109/><T69/><REACH who="0" step="1"/><D100/><REACH who="0" ten="240,250,250,250" step="2"/><U12/><E12/><V121/><F121/><W82/><G50/><T55/><D55/><U71/><E133/><V102/><F103/><W1/><G1/><T34/><AGARI ba="0,1" hai="26,30,34,41,43,60,65,69,75,76,83,89,92,97" machi="34" ten="20,12000,1" yaku="1,1,0,1,7,1,52,1,53,1" doraHai="67" doraHaiUra="62" who="0" fromWho="0" sc="240,130,250,-40,250,-40,250,-40" /><INIT seed="0,1,0,4,4,52" ten="370,210,210,210" oya="0" hai0="34,85,32,104,19,65,127,116,68,61,40,49,50" hai1="113,4,79,39,129,28,121,84,119,128,16,47,76" hai2="82,23,7,25,42,14,17,98,33,126,110,107,27" hai3="29,124,0,77,60,114,135,72,45,43,71,44,66"/><T87/><D116/><U5/><E119/><V38/><F110/><W117/><G117/><T74/><D74/><U6/><E121/><V56/><F126/><W67/><G124/><T103/><D127/><U36/><E28/><V112/><F33/><W75/><G67/><T41/><D19/><U46/><E84/><V118/><F7/><W59/><G114/><T94/><D104/><U83/><E83/><V54/><F118/><W95/><G135/><T57/><D103/><U81/><E81/><V31/><F42/><W13/><G0/><T15/><D15/><U100/><E100/><V106/><F38/><N who="1" m="14377" /><E16/><V96/><F82/><W11/><G77/><N who="1" m="29770" /><E113/><V89/><F112/><W108/><G29/><T62/><D94/><U2/><E2/><V131/><F25/><W73/><G95/><T37/><D37/><U9/><E9/><V133/><F107/><W80/><G80/><T63/><D68/><U102/><E102/><V53/><F106/><W64/><G71/><T105/><D105/><U130/><AGARI ba="1,0" hai="4,5,6,46,47,128,129,130" m="29770,14377" machi="130" ten="40,5200,0" yaku="28,2,19,1" doraHai="52" who="1" fromWho="1" sc="370,-27,210,55,210,-14,210,-14" /><INIT seed="1,0,0,0,0,43" ten="343,265,196,196" oya="1" hai0="113,108,7,48,34,54,29,94,0,131,49,2,64" hai1="8,73,69,41,60,116,27,122,123,106,56,31,103" hai2="114,98,119,87,33,53,9,102,101,42,19,74,70" hai3="20,58,115,93,57,46,84,32,35,92,10,100,50"/><U30/><E116/><V85/><F74/><W117/><G117/><T23/><D113/><U89/><E73/><V76/><F70/><W97/><G115/><T25/><D108/><U109/><E69/><V67/><F33/><W59/><G20/><T6/><D131/><U52/><E109/><V112/><F67/><W72/><G72/><T129/><D129/><U126/><E126/><V51/><F42/><W107/><G10/><T47/><D64/><U135/><E135/><V128/><F128/><W77/><G77/><T3/><D94/><U121/><E89/><V95/><F119/><W86/><G107/><T133/><D133/><U65/><E41/><V21/><F9/><W24/><G24/><T37/><D37/><U79/><E79/><V134/><F134/><W66/><G66/><T124/><D124/><U39/><E39/><V125/><F125/><W45/><G50/><T81/><D81/><U110/><E110/><V13/><F85/><W127/><G127/><T96/><D96/><N who="1" m="61799" /><E8/><V11/><F102/><W111/><G111/><T88/><D88/><U71/><E27/><V62/><F62/><W44/><REACH who="3" step="1"/><G92/><REACH who="3" ten="343,265,196,186" step="2"/><T5/><REACH who="0" step="1"/><D49/><REACH who="0" ten="333,265,196,186" step="2"/><N who="1" m="30735" /><E122/><V22/><F114/><W105/><G105/><T18/><D18/><U17/><E17/><V68/><F112/><W104/><G104/><T1/><N who="0" m="0" /><DORA hai="78" /><T91/><D91/><U83/><E83/><N who="2" m="47591" /><F68/><W15/><G15/><T82/><D82/><U80/><E80/><V132/><F132/><W26/><G26/><T28/><D28/><N who="1" m="10795" /><E123/><V14/><F14/><W61/><G61/><T36/><D36/><U63/><E63/><RYUUKYOKU ba="0,2" sc="333,0,265,0,196,0,186,0" hai0="5,6,7,23,25,29,34,47,48,54" hai1="60,65,71,121" hai2="11,13,19,21,22,51,53,95,98,101" hai3="32,35,44,45,46,57,58,59,84,86,93,97,100" /><INIT seed="1,1,2,1,5,0" ten="333,265,196,186" oya="1" hai0="36,91,128,38,45,55,25,83,126,51,75,28,34" hai1="14,23,2,42,3,85,76,9,84,6,15,68,132" hai2="95,89,134,69,129,77,122,56,106,41,61,120,47" hai3="79,86,99,39,103,1,40,123,66,102,48,71,124"/><U119/><E68/><V58/><F106/><W112/><G123/><T109/><D109/><U93/><E119/><V26/><F69/><W94/><G112/><T57/><D128/><U70/><E70/><V44/><F129/><W111/><G111/><T43/><D126/><U19/><E132/><V59/><F134/><W21/><G124/><T32/><D32/><U65/><E65/><V96/><F61/><W60/><G1/><T101/><D101/><U130/><E130/><V131/><F131/><W16/><G39/><T92/><D83/><U113/><E113/><V118/><F77/><W81/><G48/><T110/><D75/><U135/><E135/><V87/><F118/><W62/><G62/><T82/><D82/><U33/><E33/><V24/><F44/><W30/><G30/><T78/><D78/><U5/><E76/><V37/><REACH who="2" step="1"/><F96/><REACH who="2" ten="333,265,186,186" step="2"/><W74/><G40/><T104/><D104/><U46/><E46/><V63/><F63/><W127/><G127/><T105/><D105/><U17/><E42/><V108/><F108/><W54/><G54/><T116/><D116/><U20/><E93/><V90/><F90/><W22/><G103/><T100/><D100/><U52/><E52/><V97/><F97/><W4/><G74/><T29/><D110/><U107/><E107/><V67/><F67/><W18/><REACH who="3" step="1"/><G4/><REACH who="3" ten="333,265,186,176" step="2"/><T64/><D64/><U12/><E6/><V49/><F49/><W98/><G98/><N who="0" m="57631" /><D38/><U27/><E5/><V53/><F53/><W8/><G8/><T10/><D10/><U114/><E9/><V133/><F133/><W117/><G117/><RYUUKYOKU ba="1,4" sc="333,10,265,-30,186,10,176,10" hai0="25,28,29,34,36,43,45,51,55,57" hai2="24,26,37,41,47,56,58,59,87,89,95,120,122" hai3="16,18,21,22,60,66,71,79,81,86,94,99,102" /><INIT seed="2,2,4,0,2,85" ten="343,235,196,186" oya="2" hai0="6,45,50,20,92,110,18,3,86,75,5,21,103" hai1="115,108,87,132,7,30,33,127,34,8,114,10,107" hai2="23,111,121,2,26,65,90,16,11,13,44,130,99" hai3="134,95,72,47,37,67,27,97,89,17,38,59,133"/><V102/><F121/><W78/><G78/><T128/><D75/><U29/><E107/><V77/><F130/><W48/><G72/><T46/><D128/><U9/><E87/><V28/><F111/><W35/><G35/><N who="1" m="13322" /><E108/><V76/><F2/><W70/><G70/><T91/><D110/><U123/><E123/><V57/><F44/><W31/><G31/><N who="1" m="11786" /><E127/><V14/><F14/><W125/><G125/><T113/><D113/><N who="1" m="43019" /><E132/><N who="3" m="50794" /><G59/><T117/><D117/><U58/><E58/><V131/><F90/><W51/><G67/><T135/><D135/><U118/><E118/><V22/><F22/><N who="3" m="13775" /><G51/><T0/><D103/><U94/><E94/><N who="2" m="58743" /><F131/><W62/><G62/><AGARI ba="2,4" hai="11,13,16,23,26,28,57,62,65,76,77" m="58743" machi="62" ten="30,5800,0" yaku="25,1,8,1,54,1" doraHai="85" who="2" fromWho="3" sc="343,0,235,0,196,104,186,-64" /><INIT seed="2,3,0,0,5,20" ten="343,235,300,122" oya="2" hai0="45,30,76,106,108,19,78,113,111,83,67,115,105" hai1="72,66,125,57,63,77,109,60,13,119,73,132,74" hai2="98,5,103,4,9,41,59,82,87,28,35,7,99" hai3="51,64,104,126,38,62,40,58,0,131,55,92,12"/><V84/><F41/><W96/><G104/><T94/><D30/><U27/><E119/><V32/><F9/><W37/><G0/><T88/><D67/><U133/><E109/><N who="0" m="42057" /><D45/><U3/><E3/><V42/><F42/><W53/><G126/><T97/><D19/><U71/><E125/><V26/><F35/><W61/><G131/><T17/><D17/><U91/><E91/><V65/><F99/><W46/><G12/><T107/><D78/><U49/><E49/><V36/><F36/><N who="3" m="13931" /><G96/><T130/><D130/><U24/><E77/><V18/><F18/><W112/><G92/><T93/><D94/><U89/><E89/><V44/><F44/><W90/><G90/><T39/><D39/><U86/><E13/><V123/><F82/><W52/><G112/><T21/><D21/><U102/><E102/><V79/><F79/><W80/><G80/><T2/><D2/><U47/><E47/><V127/><F127/><W134/><G134/><N who="1" m="51818" /><E86/><AGARI ba="3,0" hai="76,83,86,88,93,97,105,106,107,113,115" m="42057" machi="86" ten="40,8000,1" yaku="14,1,34,2,54,1" doraHai="20" who="0" fromWho="1" sc="343,89,235,-89,300,0,122,0" /><INIT seed="3,0,0,1,0,118" ten="432,146,300,122" oya="3" hai0="28,72,104,53,19,83,48,12,40,61,43,1,75" hai1="66,36,130,78,73,8,126,94,11,122,128,120,50" hai2="131,5,3,52,91,90,119,30,7,102,95,63,87" hai3="125,97,37,55,132,54,18,89,46,117,29,76,62"/><W121/><G117/><T38/><D1/><U84/><E36/><V124/><F119/><W133/><G125/><T4/><D104/><U20/><E126/><V58/><F124/><W56/><G29/><T47/><D4/><U105/><E105/><V0/><F131/><N who="1" m="50217" /><E66/><V27/><F102/><W68/><G76/><T44/><D28/><U2/><E20/><V22/><F0/><W86/><G97/><T26/><D26/><U67/><E67/><V98/><REACH who="2" step="1"/><F3/><REACH who="2" ten="432,146,290,122" step="2"/><W24/><G68/><T15/><D75/><U57/><E73/><V100/><F100/><W74/><G74/><T108/><D72/><U107/><E2/><V123/><F123/><N who="1" m="47145" /><E107/><V64/><F64/><W109/><G121/><T41/><D38/><U42/><E78/><V31/><F31/><W115/><G115/><T81/><D108/><U59/><E42/><V34/><F34/><W6/><G109/><T33/><D33/><U13/><E50/><V114/><F114/><W49/><G49/><T85/><D43/><U99/><E84/><V60/><F60/><W25/><G62/><T9/><D85/><U96/><E96/><V93/><AGARI ba="0,1" hai="5,7,22,27,30,52,58,63,87,90,91,93,95,98" machi="93" ten="20,8000,1" yaku="1,1,0,1,7,1,8,1,54,1,53,0" doraHai="118" doraHaiUra="77" who="2" fromWho="2" sc="432,-20,146,-20,290,90,122,-40" /><INIT seed="4,0,0,3,0,115" ten="412,126,380,82" oya="0" hai0="51,28,13,53,109,135,127,105,7,110,80,16,40" hai1="101,20,11,118,41,56,26,103,65,3,116,68,17" hai2="97,132,100,71,106,23,24,15,10,60,59,19,94" hai3="82,89,55,95,9,114,102,52,61,84,96,128,46"/><T123/><D123/><U70/><E41/><V78/><F132/><W131/><G114/><T47/><D105/><U76/><E76/><V81/><F71/><W63/><G9/><T129/><D135/><U117/><E56/><V119/><F119/><W72/><G72/><T38/><D127/><U90/><E90/><V122/><F122/><W93/><G93/><T134/><D134/><U126/><E126/><V21/><F106/><W31/><G31/><T69/><D129/><U27/><E27/><V130/><F130/><W33/><G33/><T87/><D69/><U121/><E121/><V37/><F37/><W50/><REACH who="3" step="1"/><G63/><REACH who="3" ten="412,126,380,72" step="2"/><T98/><D28/><U67/><E11/><V4/><F4/><W125/><G125/><T0/><D7/><U108/><E3/><V104/><F104/><W12/><G12/><T75/><D75/><U6/><E6/><V43/><F24/><W120/><G120/><T49/><D0/><U39/><E26/><V111/><F10/><W14/><G14/><T2/><D2/><U85/><E116/><V5/><F5/><W73/><G73/><T32/><D32/><U29/><E29/><V45/><F15/><W42/><G42/><T64/><D13/><U99/><E117/><V1/><F1/><W133/><G133/><T54/><D40/><U62/><E118/><V86/><F19/><W48/><G48/><T74/><D51/><U25/><E17/><V44/><F43/><W113/><G113/><T107/><D16/><U112/><E112/><V36/><F94/><W35/><G35/><T88/><D107/><U58/><E25/><RYUUKYOKU ba="0,1" sc="412,-10,126,-10,380,-10,72,30" hai3="46,50,52,55,61,82,84,89,95,96,102,128,131" /><INIT seed="5,1,1,2,0,27" ten="402,116,370,102" oya="1" hai0="52,124,120,0,127,2,105,21,39,60,100,18,108" hai1="75,81,59,101,76,103,84,65,5,92,42,107,131" hai2="25,23,45,80,33,73,11,114,87,37,97,119,122" hai3="3,72,32,125,50,43,99,31,63,116,8,14,15"/><U134/><E42/><V55/><F119/><W79/><G116/><T9/><D108/><U56/><E134/><V46/><F73/><W16/><G125/><N who="0" m="48203" /><D39/><U1/><E131/><V110/><F110/><W41/><G72/><T12/><D120/><U111/><E111/><V82/><F33/><W62/><G79/><T132/><D132/><U115/><E115/><V38/><F122/><W118/><G118/><T64/><D52/><U4/><E65/><V112/><F97/><W96/><G3/><T69/><D9/><N who="1" m="2191" /><E5/><V40/><F11/><W47/><G43/><T29/><D29/><U133/><E101/><V44/><F80/><W126/><G31/><T13/><D13/><U123/><E123/><V61/><F40/><W70/><G32/><T91/><D91/><N who="1" m="53351" /><E133/><V135/><F135/><W66/><G63/><T95/><D95/><U7/><E7/><V36/><F61/><W68/><G126/><T22/><D22/><U102/><E102/><V71/><F55/><W10/><G70/><T49/><D49/><U109/><E109/><V34/><F71/><W83/><G83/><T88/><D88/><U48/><E48/><V121/><F121/><W90/><G90/><T74/><D74/><U117/><E117/><V104/><F34/><W86/><G86/><T6/><D6/><AGARI ba="1,1" hai="6,8,10,14,15,16,41,47,50,62,66,68,96,99" machi="6" ten="30,2000,0" yaku="7,1,54,1" doraHai="27" who="3" fromWho="0" sc="402,-23,116,0,370,0,102,33" /><INIT seed="6,0,0,2,0,84" ten="379,116,370,135" oya="2" hai0="49,55,54,118,96,46,23,51,4,47,1,125,70" hai1="81,38,2,97,58,72,130,7,127,53,105,90,28" hai2="42,124,13,56,71,135,98,103,8,6,33,45,111" hai3="83,34,29,99,95,21,86,20,61,59,129,0,10"/><V106/><F71/><W48/><G129/><T3/><D70/><U128/><E127/><V25/><F124/><W123/><G123/><T133/><D125/><U100/><E28/><V27/><F135/><W131/><G131/><N who="1" m="50218" /><E38/><V78/><F111/><W117/><G117/><T94/><D133/><U74/><E7/><V134/><F134/><W16/><G34/><T91/><D118/><U107/><E2/><V18/><F33/><W35/><G35/><T132/><D132/><U11/><E11/><V64/><F78/><N who="3" m="46455" /><G48/><T102/><D4/><U76/><E74/><V126/><F126/><W115/><G0/><T112/><D112/><U88/><E105/><V40/><F40/><W32/><G32/><T77/><D77/><U119/><E119/><V122/><F122/><W87/><G87/><T26/><REACH who="0" step="1"/><D102/><REACH who="0" ten="369,116,370,135" step="2"/><U57/><E57/><V39/><F6/><W62/><G115/><T50/><D50/><AGARI ba="0,1" hai="50,53,58,72,76,81,88,90,97,100,107" m="50218" machi="50" ten="30,7700,0" yaku="19,1,52,2,54,1" doraHai="84" who="1" fromWho="0" sc="369,-77,116,87,370,0,135,0" /><INIT seed="7,0,0,5,3,133" ten="292,203,370,135" oya="3" hai0="85,23,73,60,105,104,5,130,47,87,15,46,24" hai1="3,119,50,126,34,101,14,111,94,92,63,13,43" hai2="0,109,16,11,32,99,48,20,37,69,44,134,102" hai3="89,77,91,135,128,68,83,90,131,62,66,81,123"/><W115/><G123/><T100/><D73/><U41/><E111/><V121/><F109/><W80/><G135/><T114/><D130/><U93/><E3/><V49/><F32/><W107/><G115/><T74/><D74/><U27/><E119/><V120/><F69/><W8/><G77/><T61/><D100/><U53/><E101/><V97/><F97/><W108/><G108/><T112/><D15/><U78/><E78/><V40/><F11/><W125/><G8/><T88/><D5/><U110/><E110/><V42/><F0/><W7/><G7/><T116/><D116/><U129/><E129/><N who="3" m="49738" /><G107/><T9/><D9/><U79/><E79/><V57/><F57/><W12/><G12/><T4/><D4/><U64/><E14/><N who="2" m="9239" /><F40/><W45/><G45/><N who="0" m="16907" /><D88/><N who="3" m="22529" /><W76/><DORA hai="70" /><G76/><T86/><D23/><U2/><E13/><V1/><F1/><W113/><G113/><N who="0" m="43627" /><D24/><U132/><E2/><V33/><F134/><W67/><G67/><T56/><D56/><U117/><E132/><V30/><F121/><W52/><G52/><T19/><D19/><U58/><E27/><V55/><F55/><W18/><G18/><T17/><D17/><U54/><E54/><V38/><F120/><W25/><G25/><T96/><D96/><U75/><E117/><V29/><F99/><W35/><G35/><T106/><AGARI ba="0,0" hai="60,61,85,86,87,104,105,106" m="43627,16907" machi="106" ten="40,8000,1" yaku="28,2,15,1,11,1" doraHai="133,70" who="0" fromWho="0" sc="292,80,203,-20,370,-20,135,-40" owari="372,47.0,183,-22.0,350,15.0,95,-40.0" /></mjloggm>