<mjloggm ver="2.3"><GO type="169" lobby="0"/><UN n0="%4E%41%4F%59%41%31%30%35" n1="%E3%81%8A%64" n2="%E3%81%98%E3%81%87%E3%82%8B" n3="%E3%81%B2%E3%81%A3%E3%81%93%E3%82%8D%32%36" dan="18,16,17,16" rate="2208.92,2102.33,2156.12,2114.63" sx="M,M,M,M"/><TAIKYOKU oya="0"/><INIT seed="0,0,0,0,3,133" ten="250,250,250,250" oya="0" hai0="4,50,105,39,89,40,86,61,124,34,43,1,81" hai1="83,72,28,20,71,41,116,80,87,3,110,99,69" hai2="0,21,32,19,70,128,101,76,6,63,53,103,66" hai3="122,38,75,62,77,59,109,67,117,55,79,100,9"/><T5/><D39/><U16/><E116/><V33/><F128/><W37/><G109/><T84/><D105/><U56/><E110/><V134/><F134/><W102/><G117/><T25/><D61/><U44/><E3/><V46/><F76/><W22/><G122/><T10/><D4/><U30/><E72/><V104/><F33/><W121/><G121/><T114/><D114/><U7/><E7/><V90/><F32/><W24/><G9/><T49/><D124/><U107/><E56/><V65/><F65/><W8/><G8/><T85/><D85/><U47/><E99/><V2/><F90/><W111/><G38/><T18/><D86/><U51/><E107/><V106/><F6/><W131/><G37/><T11/><D11/><U95/><E95/><V35/><F2/><W12/><G12/><T112/><D112/><U29/><E47/><V132/><F0/><W42/><G42/><T97/><D97/><U120/><E120/><V45/><F106/><W73/><G73/><T96/><D96/><U130/><E130/><V88/><F63/><W26/><G26/><T82/><D82/><U126/><E126/><V68/><F104/><W31/><G131/><T118/><D118/><U129/><E129/><V125/><F125/><W36/><G36/><T78/><D78/><N who="3" m="29705" /><G75/><T113/><D113/><U92/><E92/><V64/><F132/><W23/><G23/><N who="0" m="13559" /><D34/><U123/><E123/><V98/><F35/><W93/><G93/><T119/><D119/><U115/><E115/><V135/><F135/><W91/><G111/><T27/><D27/><N who="1" m="14727" /><E80/><V15/><F98/><RYUUKYOKU ba="0,0" sc="250,15,250,15,250,-15,250,-15" hai0="1,5,10,40,43,49,50,81,84,89" hai1="28,29,30,41,44,51,69,71,83,87" /><INIT seed="0,1,0,5,3,33" ten="265,265,235,235" oya="0" hai0="107,108,119,122,98,18,134,72,26,49,42,54,24" hai1="75,92,23,69,114,7,25,130,127,116,56,110,86" hai2="41,82,95,59,38,60,102,104,9,67,0,29,125" hai3="14,77,51,55,71,106,15,32,91,45,78,58,99"/><T46/><D122/><U97/><E69/><V35/><F125/><W47/><G71/><T16/><D119/><U6/><E116/><V120/><F120/><W13/><G32/><T93/><D134/><U133/><E75/><V88/><F104/><W124/><G124/><T11/><D72/><U63/><E110/><V8/><F102/><W85/><G99/><T20/><D108/><U37/><E37/><V111/><F82/><W94/><G106/><T21/><D11/><U50/><E114/><V40/><F111/><W132/><G132/><T131/><D107/><U43/><E86/><V61/><F38/><W34/><G34/><T115/><D131/><U76/><E76/><AGARI ba="1,0" hai="13,14,15,45,47,51,55,58,76,77,78,85,91,94" machi="76" ten="40,1300,0" yaku="8,1" doraHai="33" who="3" fromWho="1" sc="265,0,265,-16,235,0,235,16" /><INIT seed="1,0,0,0,0,32" ten="265,249,235,251" oya="1" hai0="70,67,129,128,28,4,130,43,92,59,83,115,37" hai1="72,30,85,2,113,52,103,54,35,117,100,121,20" hai2="26,98,50,111,6,10,122,132,17,63,73,107,133" hai3="15,110,116,38,99,1,0,65,60,8,48,108,36"/><U88/><E117/><V22/><F73/><W13/><G116/><T44/><D115/><U86/><E72/><V134/><F122/><W24/><G24/><T79/><D28/><U120/><E35/><V29/><F111/><N who="3" m="42539" /><G48/><T18/><D4/><U80/><E113/><V3/><F50/><W77/><G77/><T89/><D18/><U42/><E42/><V55/><F55/><N who="1" m="21033" /><E2/><N who="3" m="1130" /><G99/><T82/><D70/><U74/><E74/><V40/><F40/><W47/><G47/><T114/><D79/><N who="1" m="46239" /><E121/><V104/><F63/><W53/><G53/><T71/><D71/><U87/><E87/><V21/><REACH who="2" step="1"/><F98/><REACH who="2" ten="265,249,225,251" step="2"/><W68/><G8/><T39/><D39/><AGARI ba="0,1" hai="13,15,36,38,39,60,65,68" m="1130,42539" machi="39" ten="40,8000,1" yaku="14,1,52,3" doraHai="32" who="3" fromWho="0" sc="265,-80,249,0,225,0,251,90" /><INIT seed="2,0,0,3,2,44" ten="185,249,225,341" oya="2" hai0="54,0,53,52,14,91,94,85,9,103,71,73,93" hai1="116,27,108,28,107,38,20,126,114,119,61,58,40" hai2="75,129,76,63,21,121,127,16,118,29,105,124,84" hai3="96,4,11,66,35,10,26,128,45,67,104,100,95"/><V89/><F105/><W32/><G128/><T55/><D73/><U41/><E114/><V33/><F118/><W78/><G78/><T134/><D134/><U25/><E108/><V110/><F121/><W42/><G11/><T83/><D71/><U80/><E126/><N who="2" m="48171" /><F75/><W46/><G46/><T68/><D68/><U69/><E69/><V135/><F76/><W125/><G125/><T109/><D109/><U132/><E107/><V86/><F110/><W18/><G104/><T72/><D0/><U70/><E70/><V51/><F129/><W57/><G57/><T60/><D72/><U90/><E132/><V49/><F135/><W79/><G79/><T36/><D36/><U101/><E101/><V8/><F63/><W1/><G18/><T97/><N who="0" m="13312" /><DORA hai="19" /><T99/><D60/><U48/><E38/><V6/><F29/><W102/><G102/><T62/><D62/><U47/><E41/><V106/><F33/><W113/><G113/><T77/><REACH who="0" step="1"/><D14/><REACH who="0" ten="175,249,225,341" step="2"/><U74/><E74/><V39/><F39/><W37/><REACH who="3" step="1"/><G26/><REACH who="3" ten="175,249,225,331" step="2"/><T81/><D81/><U87/><E27/><N who="2" m="14759" /><F106/><W111/><G111/><T98/><D98/><U15/><E15/><N who="2" m="5527" /><F86/><W59/><G59/><T2/><D2/><U65/><AGARI ba="0,2" hai="20,25,28,40,47,48,58,61,65,80,87,90,116,119" machi="65" ten="20,5200,0" yaku="0,1,7,1,52,2" doraHai="44,19" who="1" fromWho="1" sc="175,-13,249,72,225,-26,331,-13" /><INIT seed="3,0,0,1,1,28" ten="162,321,199,318" oya="3" hai0="89,94,78,18,88,31,116,131,126,20,86,95,105" hai1="1,71,120,134,48,84,35,66,16,74,90,27,10" hai2="102,110,101,38,65,23,103,60,43,118,109,41,104" hai3="49,79,12,106,3,57,47,83,25,77,37,97,55"/><W70/><G3/><T24/><D126/><U46/><E74/><V121/><F118/><W112/><G112/><T51/><D131/><U91/><E120/><V113/><F113/><W34/><G70/><T111/><D111/><N who="2" m="42506" /><F121/><W54/><G37/><T93/><D116/><U0/><E134/><V132/><F132/><W52/><G12/><T30/><D105/><U96/><E96/><V82/><F104/><W92/><G106/><T76/><D51/><U58/><E71/><N who="2" m="42407" /><F38/><W50/><G54/><T45/><D45/><U80/><E90/><V29/><F82/><W42/><G42/><T85/><D95/><U15/><E58/><V122/><F122/><W32/><G83/><T4/><D4/><U73/><E66/><V128/><F128/><W129/><G129/><T133/><D133/><U67/><E67/><V13/><F13/><W19/><G79/><AGARI ba="0,0" hai="18,20,24,30,31,76,78,79,85,86,88,89,93,94" machi="79" ten="40,5200,0" yaku="9,1,8,1,54,1" doraHai="28" who="0" fromWho="3" sc="162,52,321,0,199,0,318,-52" /><INIT seed="4,0,0,0,0,2" ten="214,321,199,266" oya="0" hai0="78,19,6,122,80,5,130,55,63,81,42,69,47" hai1="33,44,92,18,110,107,120,4,116,95,102,39,66" hai2="43,20,25,88,13,12,24,126,89,118,86,103,48" hai3="65,36,123,57,127,115,94,59,50,85,16,54,41"/><T76/><D122/><U62/><E110/><V46/><F126/><W119/><G127/><T49/><D130/><U93/><E116/><V68/><F68/><W97/><G119/><T37/><D19/><U51/><E39/><V135/><F135/><W58/><G115/><T11/><D78/><U96/><E33/><V15/><F118/><W35/><G35/><T34/><D34/><U14/><E120/><V72/><F72/><W82/><G123/><T83/><D76/><U10/><E18/><V111/><F111/><W52/><G36/><T131/><D131/><U38/><E38/><V87/><F103/><N who="3" m="60855" /><G65/><N who="0" m="41151" /><D11/><U101/><E101/><V77/><F77/><N who="3" m="46287" /><G41/><T79/><D79/><U90/><E90/><V133/><F133/><W121/><G121/><T21/><D21/><U1/><E1/><V29/><F25/><W64/><G64/><T98/><D98/><U67/><REACH who="1" step="1"/><E62/><REACH who="1" ten="214,311,199,266" step="2"/><V84/><AGARI ba="0,1" hai="12,13,15,20,24,29,43,46,48,84,86,87,88,89" machi="84" ten="30,4000,0" yaku="0,1,8,1,54,1" doraHai="2" who="2" fromWho="2" sc="214,-20,311,-10,199,50,266,-10" /><INIT seed="5,0,0,0,4,18" ten="194,301,249,256" oya="1" hai0="98,97,57,43,50,19,23,31,71,121,45,124,88" hai1="134,4,133,63,51,32,21,39,46,84,123,107,72" hai2="56,90,109,12,6,125,0,17,89,102,66,131,93" hai3="113,115,64,106,108,120,103,25,114,8,55,3,76"/><U10/><E32/><V80/><F109/><W122/><G108/><T14/><D124/><U9/><E72/><V61/><F125/><W73/><G64/><T48/><D71/><U99/><E123/><V81/><F131/><W79/><G55/><N who="0" m="31975" /><D121/><N who="3" m="46697" /><G25/><N who="0" m="16831" /><D88/><N who="2" m="33898" /><F6/><N who="3" m="1119" /><G73/><T44/><D44/><U112/><E39/><V30/><F30/><W54/><G54/><T62/><D62/><U40/><E112/><V101/><F0/><W129/><G129/><T29/><D29/><U33/><E33/><V60/><F60/><W24/><G24/><T94/><D94/><U130/><E63/><V52/><F66/><W78/><G103/><N who="2" m="39433" /><F93/><W5/><G5/><T7/><D7/><U135/><E4/><V36/><F36/><W96/><G96/><T119/><D119/><U104/><E99/><V1/><F1/><W69/><G69/><T37/><D37/><U58/><E130/><V27/><F27/><W92/><G92/><T59/><D59/><U86/><E58/><V83/><F80/><W118/><G118/><T11/><AGARI ba="0,0" hai="11,14,19,43,45,50,97,98" m="16831,31975" machi="11" ten="30,2000,0" yaku="8,1,52,1" doraHai="18" who="0" fromWho="0" sc="194,20,301,-10,249,-5,256,-5" /><INIT seed="6,0,0,4,4,58" ten="214,291,244,251" oya="2" hai0="35,67,122,112,114,55,119,53,72,65,34,66,52" hai1="30,32,126,7,61,78,106,14,91,25,123,21,95" hai2="101,15,54,128,46,38,31,50,20,127,71,109,81" hai3="135,56,97,107,22,79,9,115,86,113,60,23,85"/><V76/><F127/><W1/><G135/><T100/><D122/><U63/><E106/><V93/><F128/><W62/><G107/><T77/><D100/><U57/><E126/><V39/><F71/><W47/><G47/><T104/><D104/><U18/><E123/><V68/><F68/><W99/><G1/><T29/><D119/><U26/><E78/><V84/><F109/><W45/><G45/><T105/><D105/><U73/><E73/><V74/><F15/><W98/><G9/><T132/><D132/><U102/><E102/><V41/><F41/><W24/><G56/><T117/><D117/><U69/><E69/><V6/><F6/><W70/><G70/><T111/><D111/><U2/><E26/><V87/><F74/><W59/><G59/><T133/><D133/><U131/><E57/><V3/><F3/><W4/><G4/><T116/><D116/><U92/><E131/><V80/><F93/><N who="1" m="35913" /><E91/><V28/><F101/><W5/><G5/><T33/><D29/><U10/><AGARI ba="0,0" hai="2,7,10,14,18,21,25,30,32,61,63" m="35913" machi="10" ten="30,4000,0" yaku="24,1,52,2" doraHai="58" who="1" fromWho="1" sc="214,-10,291,40,244,-20,251,-10" /><INIT seed="7,0,0,0,5,63" ten="204,331,224,241" oya="3" hai0="124,51,41,49,23,134,17,127,85,47,37,46,31" hai1="21,3,74,97,62,5,33,34,30,102,67,50,24" hai2="116,101,38,22,59,7,83,39,66,125,122,121,100" hai3="114,12,87,131,77,86,105,11,107,80,128,45,60"/><W106/><G114/><T35/><D134/><U78/><E50/><V20/><F116/><W40/><G86/><T130/><D130/><U126/><E126/><V57/><F125/><W68/><G68/><T4/><D4/><U98/><E98/><V61/><F7/><W123/><G123/><N who="2" m="47113" /><F83/><W58/><G12/><T44/><D31/><U69/><E78/><V113/><F113/><W132/><G11/><T54/><D35/><U32/><E74/><V115/><F115/><W71/><G71/><T88/><D46/><U18/><E5/><V48/><F48/><W15/><G15/><T29/><D29/><U65/><E65/><V120/><F59/><W56/><G132/><T26/><REACH who="0" step="1"/><D51/><REACH who="0" ten="194,331,224,241" step="2"/><U55/><E3/><V94/><N who="2" m="47121" /><V76/><DORA hai="8" /><F38/><W36/><G60/><T109/><D109/><U14/><E33/><V99/><F39/><W96/><G131/><T0/><D0/><U129/><E34/><V75/><F100/><W89/><G128/><T135/><D135/><U16/><E129/><V82/><AGARI ba="0,1" hai="20,22,57,61,66,75,76,82,94,99,101" m="47121" machi="82" ten="40,2700,0" yaku="13,1,52,1" doraHai="63,8" who="2" fromWho="2" sc="194,-7,331,-7,224,37,241,-13" owari="187,-31.0,324,42.0,261,6.0,228,-17.0" /></mjloggm>