<mjloggm ver="2.3"><GO type="169" lobby="0"/><UN n0="%E3%81%94%E3%82%8B%E3%81%A3" n1="%E3%81%97%E3%81%BE%E3%81%98%E3%82%8D%E3%81%86%32%2E%30" n2="%E3%81%AE%E3%82%89%E3%81%BF%E3%81%93" n3="%74%6F%72%69%30%36%31%32" dan="17,17,16,17" rate="2119.57,2225.05,2074.72,2203.55" sx="M,M,M,M"/><TAIKYOKU oya="0"/><INIT seed="0,0,0,3,1,95" ten="250,250,250,250" oya="0" hai0="38,121,70,24,67,98,108,48,88,132,75,81,130" hai1="25,62,4,13,32,91,15,128,31,56,122,104,17" hai2="131,80,69,83,86,78,22,94,129,49,57,119,50" hai3="6,33,51,8,111,19,47,58,93,134,103,28,59"/><T39/><D121/><U96/><E128/><N who="2" m="49227" /><F69/><W123/><G123/><T42/><D130/><U126/><E126/><V79/><F22/><W118/><G118/><T43/><D132/><U20/><E122/><V84/><F119/><W2/><G111/><T76/><D108/><U99/><E104/><V102/><F57/><W135/><G19/><T77/><D77/><N who="2" m="29194" /><F50/><W90/><G28/><T14/><D14/><U10/><REACH who="1" step="1"/><E91/><REACH who="1" ten="250,240,250,250" step="2"/><V46/><F102/><W65/><G103/><T71/><D88/><U1/><E1/><V117/><F117/><W116/><G116/><T73/><D76/><U115/><E115/><V30/><F30/><W29/><G29/><T63/><D73/><U60/><E60/><V82/><F94/><W64/><G64/><AGARI ba="0,1" hai="4,10,13,15,17,20,25,31,32,56,62,64,96,99" machi="64" ten="30,8000,1" yaku="1,1,7,1,52,2,53,1" doraHai="95" doraHaiUra="26" who="1" fromWho="3" sc="250,0,240,90,250,0,250,-80" /><INIT seed="1,0,0,1,4,84" ten="250,330,250,170" oya="1" hai0="78,16,91,116,67,29,101,88,112,103,135,33,71" hai1="85,36,73,24,46,100,19,130,56,23,114,14,127" hai2="131,99,26,58,54,9,111,125,96,57,107,76,128" hai3="121,37,129,93,48,53,63,4,133,60,40,20,108"/><U89/><E130/><V35/><F76/><W6/><G121/><T119/><D112/><U77/><E127/><V38/><F38/><W97/><G129/><N who="2" m="49737" /><F9/><W42/><G133/><T83/><D135/><U134/><E134/><V90/><F125/><W10/><G20/><T7/><D7/><N who="3" m="2601" /><G10/><T65/><D33/><U43/><E114/><V5/><F5/><W62/><G108/><T74/><D29/><U18/><E100/><N who="0" m="38473" /><D71/><U110/><E110/><V31/><F111/><W72/><G72/><T47/><D47/><U75/><E56/><V69/><F69/><W17/><G17/><T115/><D16/><U11/><REACH who="1" step="1"/><E77/><REACH who="1" ten="250,320,250,170" step="2"/><V55/><F58/><N who="3" m="33063" /><G37/><T104/><D115/><U22/><E22/><V124/><F57/><W106/><G106/><T25/><D104/><U30/><E30/><V1/><F124/><W120/><G120/><T113/><D113/><U92/><AGARI ba="0,1" hai="11,14,18,19,23,24,36,43,46,73,75,85,89,92" machi="92" ten="20,18000,2" yaku="1,1,0,1,7,1,52,1,53,2" doraHai="84" doraHaiUra="13" who="1" fromWho="1" sc="250,-60,320,190,250,-60,170,-60" /><INIT seed="1,1,0,4,1,64" ten="190,510,190,110" oya="1" hai0="48,101,24,128,49,33,32,2,75,0,80,102,110" hai1="105,9,7,52,42,70,121,67,86,25,51,19,90" hai2="13,22,23,4,81,72,125,59,31,57,111,113,27" hai3="40,34,5,77,41,16,47,84,93,87,132,109,30"/><U79/><E121/><V50/><F111/><W95/><G109/><T26/><D80/><U82/><E105/><V1/><F125/><W29/><G5/><T97/><D110/><U60/><E42/><N who="3" m="16490" /><G47/><T18/><D97/><U99/><E25/><V54/><F1/><W133/><G34/><T58/><D58/><U83/><E19/><V92/><F92/><N who="3" m="35403" /><G77/><T112/><D18/><U123/><E123/><V73/><F113/><W55/><G55/><T14/><D14/><U69/><E99/><V71/><F4/><W35/><G35/><T74/><REACH who="0" step="1"/><D128/><REACH who="0" ten="180,510,190,110" step="2"/><U38/><E82/><V115/><F81/><W131/><G131/><T106/><D106/><U63/><E79/><V94/><F57/><W43/><G16/><T44/><D44/><U108/><E108/><V118/><F59/><W100/><G100/><T6/><D6/><U3/><E7/><V8/><F13/><W53/><G53/><T122/><D122/><U120/><E120/><V10/><F54/><W61/><G43/><T130/><D130/><U135/><E83/><V104/><F104/><W119/><G87/><T20/><D20/><U39/><E86/><V89/><F23/><W78/><G84/><T98/><D98/><U91/><E52/><V46/><F46/><W66/><G78/><T88/><D88/><U76/><E90/><V96/><F89/><W36/><G30/><T107/><D107/><U12/><E91/><V28/><F31/><W85/><G85/><T103/><D103/><U68/><E76/><V21/><F28/><W126/><G29/><T114/><AGARI ba="1,1" hai="0,2,24,26,32,33,48,49,74,75,101,102,112,114" machi="114" ten="25,6400,0" yaku="1,1,0,1,22,2,53,0" doraHai="64" doraHaiUra="134" who="0" fromWho="0" sc="180,77,510,-33,190,-17,110,-17" /><INIT seed="2,0,0,1,1,122" ten="257,477,173,93" oya="2" hai0="117,102,26,22,83,31,125,3,12,20,61,25,111" hai1="15,42,76,75,8,41,77,53,65,56,70,82,113" hai2="36,43,34,1,51,48,54,115,93,107,46,63,50" hai3="19,109,10,32,85,128,11,108,33,16,98,99,135"/><V60/><F1/><W74/><G74/><T45/><D12/><U78/><E113/><V35/><F107/><W134/><REACH who="3" step="1"/><G85/><REACH who="3" ten="257,477,173,83" step="2"/><T87/><D87/><U130/><E75/><V27/><F115/><W103/><G103/><T71/><D102/><U66/><E77/><V28/><F34/><W114/><G114/><T116/><D116/><U86/><E78/><V0/><F0/><W47/><G47/><T120/><D3/><U96/><E76/><V95/><REACH who="2" step="1"/><F54/><REACH who="2" ten="257,477,163,83" step="2"/><W57/><G57/><T81/><D117/><U55/><E56/><V9/><F9/><W59/><G59/><T14/><D71/><U104/><E8/><V2/><F2/><W44/><G44/><T18/><D45/><U24/><E70/><V39/><F39/><W13/><G13/><T84/><D14/><U4/><E15/><V90/><F90/><W29/><G29/><T79/><D31/><U97/><E55/><V110/><F110/><W88/><G88/><T38/><D111/><U105/><E53/><V112/><F112/><W133/><G133/><T72/><D38/><U23/><E104/><V92/><AGARI ba="0,2" hai="27,28,35,36,43,46,48,50,51,60,63,92,93,95" machi="92" ten="30,3000,0" yaku="1,1,0,1,53,0" doraHai="122" doraHaiUra="121" who="2" fromWho="2" sc="257,-10,477,-10,163,50,83,-10" /><INIT seed="2,1,0,5,4,117" ten="247,467,213,73" oya="2" hai0="91,8,120,69,96,5,121,55,105,82,4,109,13" hai1="123,101,33,114,22,118,30,19,76,43,130,16,46" hai2="81,29,133,31,115,127,67,100,110,21,111,93,47" hai3="7,131,87,128,32,45,73,99,107,10,15,124,89"/><V66/><F115/><W50/><G73/><T28/><D69/><U125/><E118/><V126/><F133/><W71/><G71/><T70/><D70/><U134/><E114/><V90/><F47/><W72/><G72/><T37/><D37/><U54/><E76/><V6/><F6/><W104/><G32/><T20/><D5/><U42/><E101/><V38/><F38/><W61/><G61/><T56/><D109/><N who="2" m="41482" /><F81/><N who="3" m="49391" /><G99/><T129/><D129/><N who="3" m="49737" /><G124/><N who="2" m="47657" /><F100/><W108/><G108/><T106/><D82/><U53/><E46/><V57/><F57/><W44/><G44/><T62/><D105/><U116/><E134/><V65/><F21/><W35/><G35/><T97/><D106/><U12/><E22/><V51/><F51/><W64/><G64/><T122/><REACH who="0" step="1"/><D91/><REACH who="0" ten="237,467,213,73" step="2"/><U1/><E130/><V25/><F25/><AGARI ba="1,1" hai="4,8,13,20,25,28,55,56,62,96,97,120,121,122" machi="25" ten="40,8000,1" yaku="1,1,2,1,52,3,53,0" doraHai="117" doraHaiUra="39" who="0" fromWho="2" sc="237,93,467,0,213,-83,73,0" /><INIT seed="3,0,0,5,1,76" ten="330,467,130,73" oya="3" hai0="83,108,124,113,38,19,20,48,15,27,118,50,101" hai1="34,111,59,82,91,66,122,32,75,100,73,39,3" hai2="0,57,125,134,61,110,17,24,133,97,135,14,71" hai3="106,13,116,40,54,55,79,102,127,1,10,92,52"/><W12/><G106/><T6/><D108/><U93/><E111/><V60/><F110/><W81/><G116/><T44/><D118/><U132/><E3/><V123/><F0/><W16/><G40/><T65/><D124/><U63/><E132/><V119/><F123/><W131/><G1/><T64/><D113/><U9/><E122/><V42/><F119/><W121/><G121/><T98/><D38/><U114/><E39/><V86/><F24/><W69/><G69/><T67/><D83/><U85/><E9/><V80/><F42/><W94/><G127/><T84/><D84/><U26/><E114/><V117/><F97/><W120/><G102/><T7/><D48/><U4/><E4/><V30/><F30/><W130/><G120/><T8/><D7/><U23/><E75/><V128/><F128/><N who="3" m="49195" /><G13/><T22/><D22/><U5/><E5/><V104/><F104/><W89/><G89/><T103/><REACH who="0" step="1"/><D98/><REACH who="0" ten="320,467,130,73" step="2"/><N who="1" m="59471" /><E73/><AGARI ba="0,1" hai="10,12,16,52,54,55,73,79,81,92,94" m="49195" machi="73" ten="30,11600,0" yaku="19,1,52,1,54,2" doraHai="76" who="3" fromWho="1" sc="320,0,467,-116,130,0,73,126" /><INIT seed="3,1,0,1,5,27" ten="320,351,130,199" oya="3" hai0="31,87,58,102,20,88,47,97,44,59,50,13,67" hai1="100,124,14,94,57,78,39,93,21,49,66,131,55" hai2="90,41,72,56,34,96,15,3,117,116,43,86,28" hai3="79,68,35,107,125,22,30,114,103,74,121,25,63"/><W129/><G121/><T113/><D113/><U52/><E39/><V111/><F3/><W54/><G114/><T133/><D133/><U6/><E131/><V33/><F72/><W81/><G22/><T17/><D67/><U51/><E124/><V126/><F126/><W73/><G125/><T99/><D47/><U29/><E78/><V26/><F111/><W60/><G54/><T65/><D31/><U0/><E0/><V119/><F96/><N who="3" m="61927" /><G63/><T2/><D2/><U42/><E6/><V4/><F34/><W128/><G74/><T127/><D127/><U108/><E108/><V112/><F112/><W1/><G1/><T110/><D110/><U37/><E37/><V11/><REACH who="2" step="1"/><F56/><REACH who="2" ten="320,351,120,199" step="2"/><W118/><G118/><T115/><D115/><U64/><E57/><V105/><F105/><W84/><G84/><T71/><D65/><AGARI ba="1,1" hai="25,30,35,60,65,68,73,79,81,128,129" m="61927" machi="65" ten="30,5800,0" yaku="25,1,23,1,52,1" doraHai="27" who="3" fromWho="0" sc="320,-61,351,0,120,0,199,71" /><INIT seed="3,2,0,4,1,3" ten="259,351,120,270" oya="3" hai0="108,112,59,24,56,49,88,9,62,43,130,61,91" hai1="124,64,7,23,103,120,126,89,21,2,52,1,84" hai2="42,18,125,95,102,36,30,60,119,79,20,44,71" hai3="40,12,82,28,72,29,74,96,19,70,101,83,66"/><W50/><G72/><T115/><D108/><U63/><E120/><V67/><F119/><W98/><G70/><T121/><D121/><U100/><E52/><V46/><F125/><N who="1" m="48233" /><E23/><V39/><F79/><W109/><G66/><T33/><D130/><U105/><E21/><V27/><F44/><N who="3" m="25863" /><G74/><T107/><D107/><U118/><E118/><V129/><F129/><W117/><G109/><T75/><D75/><U37/><E37/><V16/><REACH who="2" step="1"/><F39/><REACH who="2" ten="259,351,110,270" step="2"/><W73/><G117/><T14/><D112/><U53/><E105/><V93/><F93/><W85/><G73/><T58/><D115/><U48/><E100/><V110/><F110/><W92/><G96/><AGARI ba="2,1" hai="16,18,20,27,30,36,42,46,60,67,71,95,96,102" machi="96" ten="40,2600,0" yaku="1,1,54,1,53,0" doraHai="3" doraHaiUra="122" who="2" fromWho="3" sc="259,0,351,0,110,42,270,-32" /><INIT seed="4,0,0,0,3,111" ten="259,351,152,238" oya="0" hai0="50,15,30,58,83,129,18,103,64,88,67,22,92" hai1="32,28,102,133,72,49,55,71,90,27,77,62,45" hai2="9,105,101,110,124,134,132,122,51,13,61,117,104" hai3="78,126,26,109,35,73,123,94,29,119,17,41,115"/><T107/><D129/><U19/><E133/><V113/><F122/><W70/><G94/><T34/><D107/><U43/><E90/><V36/><F36/><W81/><G109/><T75/><D103/><U76/><E72/><V91/><F110/><W6/><G17/><T98/><D34/><U131/><E131/><V31/><F31/><W21/><G21/><T23/><D75/><U10/><E102/><V121/><F121/><W57/><G57/><T59/><D83/><U125/><E125/><V100/><F117/><W1/><G123/><T44/><D64/><U69/><E55/><V42/><F61/><W68/><G119/><T84/><D67/><U0/><E62/><V38/><F38/><W82/><G82/><T54/><D98/><U7/><REACH who="1" step="1"/><E19/><REACH who="1" ten="259,341,152,238" step="2"/><V5/><F91/><W87/><G126/><T14/><D30/><U2/><E2/><V65/><F124/><W37/><G87/><T116/><D116/><U63/><E63/><V86/><F86/><W85/><G85/><T66/><D66/><U74/><E74/><V20/><F65/><W120/><G120/><T95/><D95/><U118/><E118/><V93/><F93/><W96/><G96/><T80/><D92/><U24/><E24/><V114/><F105/><W4/><G1/><T12/><REACH who="0" step="1"/><D23/><REACH who="0" ten="249,341,152,238" step="2"/><U52/><E52/><V128/><F20/><N who="3" m="15559" /><G73/><T33/><D33/><U56/><E56/><AGARI ba="0,2" hai="12,14,15,18,22,44,50,54,56,58,59,80,84,88" machi="56" ten="40,12000,1" yaku="1,1,8,1,54,1,53,1" doraHai="111" doraHaiUra="79" who="0" fromWho="1" sc="249,140,341,-120,152,0,238,0" /><INIT seed="4,1,0,2,0,102" ten="389,221,152,238" oya="0" hai0="30,90,4,57,28,27,17,110,34,100,115,7,5" hai1="55,93,33,118,70,89,94,12,132,122,51,88,16" hai2="117,46,62,87,127,73,120,66,129,81,3,49,56" hai3="43,96,72,23,99,133,40,112,71,84,42,111,52"/><T128/><D115/><U45/><E132/><V65/><F120/><W36/><G72/><T44/><D128/><U107/><E122/><V97/><F129/><W58/><G71/><T47/><D110/><U1/><E118/><V63/><F117/><W78/><G36/><T95/><D100/><U105/><E33/><V39/><F3/><W54/><G54/><T6/><N who="0" m="1024" /><DORA hai="64" /><T75/><D75/><U48/><E70/><V29/><F97/><W60/><G133/><T19/><D30/><U35/><E35/><V68/><F29/><W124/><G124/><T98/><REACH who="0" step="1"/><D57/><REACH who="0" ten="379,221,152,238" step="2"/><U37/><E1/><V13/><F73/><W18/><G112/><T131/><D131/><U14/><E37/><V85/><F39/><W22/><G111/><T9/><D9/><U32/><E32/><V121/><F121/><W67/><G23/><T109/><D109/><U26/><E26/><V2/><F2/><W91/><G78/><T53/><D53/><U134/><E134/><V135/><F56/><W15/><REACH who="3" step="1"/><G67/><REACH who="3" ten="379,221,152,228" step="2"/><T130/><D130/><U126/><E55/><V38/><F66/><W69/><G69/><T31/><D31/><U41/><E126/><V92/><F65/><W11/><G11/><T21/><D21/><U101/><E41/><V0/><F68/><W10/><G10/><T116/><D116/><U103/><E16/><AGARI ba="1,2" hai="16,17,19,27,28,34,44,47,90,95,98" m="1024" machi="16" ten="50,4800,0" yaku="1,1,54,1,53,0" doraHai="102,64" doraHaiUra="104,125" who="0" fromWho="1" sc="379,71,221,-51,152,0,228,0" /><INIT seed="4,2,0,5,4,51" ten="450,170,152,228" oya="0" hai0="20,70,22,91,34,3,46,57,56,98,29,134,37" hai1="84,78,125,132,69,33,36,27,129,130,111,99,127" hai2="18,82,64,49,65,109,40,8,114,128,53,105,72" hai3="107,120,6,124,80,54,71,86,52,117,43,66,87"/><T77/><D70/><U62/><E84/><V83/><F109/><W17/><G107/><T89/><D3/><U39/><E78/><V96/><F114/><W93/><G117/><T103/><D77/><U10/><E99/><V11/><F40/><W47/><G120/><T101/><D34/><U108/><E10/><V12/><F72/><W2/><G124/><N who="1" m="47690" /><E27/><V104/><F11/><W135/><G66/><T97/><D46/><U85/><E85/><V45/><F128/><N who="1" m="49257" /><E33/><V131/><F131/><W44/><G71/><T121/><D121/><U55/><E69/><V35/><F35/><W79/><G6/><T75/><D75/><U41/><E41/><V26/><F26/><W58/><G2/><T102/><D102/><U81/><E81/><V32/><F32/><W123/><G123/><T118/><D29/><U115/><E115/><V88/><F105/><W133/><G17/><T126/><D126/><U112/><E112/><V30/><F30/><W90/><G43/><T28/><D28/><U38/><E132/><V110/><F104/><W7/><G7/><T60/><D134/><U19/><E19/><V9/><F9/><W25/><G25/><T113/><D113/><U73/><E73/><V74/><F74/><W68/><G68/><T15/><D101/><U63/><E55/><N who="3" m="21034" /><G135/><T48/><D103/><U100/><E100/><V94/><F110/><AGARI ba="2,0" hai="36,38,39,62,63,108,110,111" m="49257,47690" machi="110" ten="40,12000,2" yaku="28,2,18,1,19,1,34,2" doraHai="51" who="1" fromWho="2" sc="450,0,170,126,152,-126,228,0" /><INIT seed="5,0,0,5,3,77" ten="450,296,26,228" oya="1" hai0="56,79,74,80,27,23,78,134,45,25,4,128,85" hai1="31,65,90,5,64,122,40,61,14,98,109,84,59" hai2="76,117,20,51,86,91,95,93,41,6,69,81,89" hai3="43,3,129,125,54,103,124,17,53,121,111,35,38"/><U2/><E122/><V33/><F69/><W106/><G121/><T104/><D104/><U82/><E2/><V0/><F33/><W99/><G111/><T110/><D110/><U9/><E109/><V127/><F117/><W32/><G3/><T130/><D134/><U94/><E40/><V55/><F127/><N who="3" m="48715" /><G129/><N who="0" m="49771" /><D4/><U18/><E31/><V30/><F41/><W72/><G72/><T71/><D71/><U60/><E60/><V37/><F37/><W63/><G17/><T131/><D131/><U28/><E28/><V67/><F67/><W11/><G11/><T50/><D56/><U135/><E135/><V113/><F113/><W26/><G26/><N who="0" m="9739" /><D23/><U118/><E118/><V29/><F20/><W102/><G102/><T97/><D97/><U10/><E5/><V115/><F115/><W73/><G73/><T133/><D133/><U114/><E114/><V101/><F101/><W15/><G15/><T21/><D21/><N who="1" m="11479" /><E64/><V34/><F34/><N who="3" m="12843" /><G63/><T88/><D74/><U13/><E13/><V120/><F120/><W47/><AGARI ba="0,0" hai="38,43,47,53,54,99,103,106" m="12843,48715" machi="47" ten="40,1500,0" yaku="18,1" doraHai="77" who="3" fromWho="3" sc="450,-4,296,-7,26,-4,228,15" /><INIT seed="6,0,0,1,1,26" ten="446,289,22,243" oya="2" hai0="6,34,47,134,82,74,120,28,21,13,32,19,56" hai1="70,44,14,112,80,83,20,40,128,63,66,103,61" hai2="130,4,75,38,43,71,11,88,57,126,33,113,129" hai3="18,64,127,107,7,118,97,0,60,46,121,106,96"/><V39/><F71/><W30/><G18/><T114/><D120/><U85/><E112/><V49/><F113/><W31/><G121/><T9/><D114/><U102/><E128/><N who="2" m="49259" /><F126/><W51/><G118/><T24/><D134/><U67/><E14/><N who="2" m="5479" /><F75/><W42/><G127/><T45/><D56/><U12/><E12/><V91/><F33/><W94/><G97/><T135/><D135/><U84/><E20/><V81/><F81/><W25/><G7/><T1/><D34/><U109/><E109/><V15/><F15/><W90/><G0/><T122/><D122/><U16/><E44/><N who="2" m="25759" /><F57/><W111/><G111/><T117/><D117/><U98/><E40/><V58/><F58/><W54/><G42/><T10/><D10/><U2/><E2/><V108/><F108/><W35/><G31/><T36/><D36/><AGARI ba="0,0" hai="36,38,39,88,91" m="25759,5479,49259" machi="36" ten="30,2900,0" yaku="19,1,54,1" doraHai="26" who="2" fromWho="0" sc="446,-29,289,0,22,29,243,0" /><INIT seed="6,1,0,4,1,47" ten="417,289,51,243" oya="2" hai0="102,121,13,112,45,80,78,117,115,34,126,60,38" hai1="65,35,67,82,131,48,105,24,62,52,111,87,42" hai2="107,132,99,37,94,104,33,30,119,93,123,55,100" hai3="91,22,113,40,86,63,29,51,98,89,46,68,57"/><V90/><F123/><W106/><G68/><T61/><D121/><U72/><E131/><V84/><F119/><W49/><G113/><N who="0" m="43595" /><D126/><U1/><E111/><V58/><F132/><W14/><G106/><T95/><D34/><U50/><E1/><V129/><F129/><W101/><G101/><T125/><D125/><U70/><E105/><V128/><F128/><W76/><G98/><N who="0" m="59743" /><D13/><U44/><E72/><V17/><F37/><W53/><G76/><T73/><D117/><U10/><E10/><V26/><REACH who="2" step="1"/><F17/><REACH who="2" ten="417,289,41,243" step="2"/><N who="3" m="10551" /><G29/><T77/><D77/><U4/><E4/><V5/><F5/><W2/><G2/><T54/><D38/><U69/><E35/><V6/><F6/><W15/><G15/><T16/><D16/><U7/><E7/><V21/><F21/><W39/><G39/><T130/><D130/><U59/><E24/><V20/><F20/><W97/><G97/><T23/><D23/><U110/><E110/><V25/><F25/><W135/><G135/><T74/><D74/><U3/><E3/><V120/><F120/><W122/><G122/><T9/><D9/><U114/><E114/><V133/><F133/><W79/><G79/><T28/><D28/><U31/><E31/><V108/><F108/><W56/><G86/><T103/><D78/><U12/><E12/><V66/><F66/><AGARI ba="1,1" hai="40,46,49,51,53,56,57,63,66,89,91" m="10551" machi="66" ten="30,3900,0" yaku="8,1,52,2" doraHai="47" who="3" fromWho="2" sc="417,0,289,0,41,-42,243,52" owari="417,51.0,289,-11.0,-1,-50.0,295,10.0" /></mjloggm>