<mjloggm ver="2.3"><GO type="169" lobby="0"/><UN n0="%E3%83%8F%E3%82%BF%E3%83%A2%E3%83%88%E3%83%92%E3%83%AD" n1="%E3%83%95%E3%83%BC%E3%82%AC" n2="%E5%A4%A9%E7%A9%BA%E9%BE%8D" n3="%E5%A4%A7%E8%A6%9A%E3%82%A2%E3%82%AD%E3%83%A9%E6%A7%98%40" dan="17,17,16,16" rate="2210.02,2166.57,2066.19,2059.62" sx="M,M,M,M"/><TAIKYOKU oya="0"/><INIT seed="0,0,0,3,1,54" ten="250,250,250,250" oya="0" hai0="57,126,125,121,16,34,0,82,109,130,113,38,7" hai1="124,88,14,1,66,76,99,78,47,84,101,104,61" hai2="9,31,19,45,79,98,55,51,106,2,102,87,49" hai3="21,13,92,41,120,3,135,115,15,127,112,74,89"/><T90/><D38/><U48/><E124/><N who="0" m="47721" /><D113/><U17/><E1/><V42/><F31/><W33/><G127/><T28/><D121/><U20/><E48/><V123/><F123/><W58/><G120/><T133/><D130/><U118/><E118/><V107/><F79/><W25/><G74/><T46/><D46/><U10/><E47/><V100/><F87/><W73/><G3/><T110/><D133/><U105/><E10/><V86/><F86/><W132/><G73/><T8/><D57/><U71/><REACH who="1" step="1"/><E105/><REACH who="1" ten="250,240,250,250" step="2"/><V94/><F102/><W12/><G41/><T108/><D28/><U95/><AGARI ba="0,1" hai="14,17,20,61,66,71,76,78,84,88,95,99,101,104" machi="95" ten="20,8000,1" yaku="1,1,2,1,0,1,7,1,54,1,53,0" doraHai="54" doraHaiUra="117" who="1" fromWho="1" sc="250,-40,240,90,250,-20,250,-20" /><INIT seed="1,0,0,5,4,124" ten="210,330,230,230" oya="1" hai0="106,101,41,4,128,83,125,118,34,29,50,44,32" hai1="60,35,11,20,132,31,15,26,89,49,85,40,69" hai2="58,86,63,38,88,6,134,90,28,122,57,82,68" hai3="105,27,97,127,54,22,79,100,135,65,92,81,98"/><U39/><E132/><V46/><F134/><W25/><G135/><T96/><D125/><U94/><E39/><V102/><F122/><W129/><G127/><T64/><D118/><U74/><E74/><V7/><F102/><W45/><G65/><T116/><D116/><U67/><E40/><V91/><F28/><W72/><G129/><T24/><D4/><U107/><E107/><V76/><F68/><W73/><G73/><T123/><D123/><U0/><E49/><V33/><F33/><W70/><G70/><T120/><D120/><U93/><E0/><V78/><F78/><W108/><G108/><T2/><D2/><U8/><REACH who="1" step="1"/><E94/><REACH who="1" ten="210,320,230,230" step="2"/><V10/><F38/><W95/><G105/><T17/><D128/><U42/><E42/><V133/><F133/><W48/><REACH who="3" step="1"/><G22/><REACH who="3" ten="210,320,230,220" step="2"/><T5/><D34/><U126/><E126/><V53/><F10/><W18/><G18/><AGARI ba="0,2" hai="8,11,15,18,20,26,31,35,60,67,69,85,89,93" machi="18" ten="40,2000,0" yaku="1,1,53,0" doraHai="124" doraHaiUra="130" who="1" fromWho="3" sc="210,0,320,40,230,0,220,-20" /><INIT seed="1,1,0,4,5,41" ten="210,360,230,200" oya="1" hai0="111,68,109,124,103,78,77,15,126,42,122,91,45" hai1="33,110,34,22,25,100,98,26,9,69,101,94,133" hai2="49,96,90,112,89,32,8,5,62,128,12,0,106" hai3="36,80,123,88,3,70,21,54,79,118,84,65,6"/><U81/><E133/><V104/><F32/><W127/><G123/><T119/><D68/><U97/><E69/><V16/><F128/><W48/><G36/><T4/><D119/><U105/><E110/><N who="0" m="41993" /><D122/><U47/><E9/><V75/><F75/><W66/><G127/><N who="0" m="48683" /><D103/><U50/><E81/><V129/><F129/><W35/><G35/><T14/><D91/><U67/><E67/><V93/><F112/><W92/><G118/><T82/><D4/><U11/><E11/><V121/><F121/><W53/><G70/><T115/><D115/><U17/><REACH who="1" step="1"/><E26/><REACH who="1" ten="210,350,230,200" step="2"/><V107/><F5/><W18/><G3/><T125/><N who="0" m="48691" /><T29/><DORA hai="76" /><D82/><U51/><E51/><V27/><F49/><W114/><G114/><T83/><D78/><U116/><E116/><V38/><F0/><W74/><G6/><T95/><D83/><U43/><AGARI ba="1,1" hai="17,22,25,33,34,43,47,50,94,97,98,100,101,105" machi="43" ten="20,7800,0" yaku="1,1,0,1,7,1,52,1,53,0" doraHai="41,76" doraHaiUra="60,10" who="1" fromWho="1" sc="210,-27,350,91,230,-27,200,-27" /><INIT seed="1,2,0,0,4,11" ten="183,441,203,173" oya="1" hai0="56,29,31,4,7,114,134,84,135,115,37,75,74" hai1="42,70,47,3,21,104,110,12,71,8,14,50,93" hai2="69,30,54,58,65,112,77,111,44,39,17,106,25" hai3="113,120,23,19,63,13,61,9,24,116,101,5,35"/><U103/><E104/><V94/><F106/><W126/><G101/><T51/><D51/><U132/><E132/><N who="0" m="50729" /><D56/><U73/><E73/><N who="0" m="27657" /><D84/><U43/><E110/><V108/><F77/><W92/><G113/><N who="0" m="43019" /><D37/><U95/><E43/><N who="2" m="22655" /><F17/><W2/><G120/><T33/><D33/><U10/><E3/><V131/><F94/><W105/><G105/><T88/><D88/><U20/><E103/><V48/><F131/><W53/><G92/><N who="1" m="35402" /><E71/><V122/><F122/><W40/><G40/><T60/><D60/><U0/><E0/><V79/><F79/><W130/><G130/><T27/><D27/><U68/><E70/><V118/><F118/><W86/><G116/><T102/><D102/><U123/><E68/><V82/><F82/><W67/><G53/><T99/><D99/><U100/><E100/><V72/><F72/><W128/><G128/><T124/><D124/><U52/><E42/><V98/><F98/><W62/><G126/><T80/><D80/><U36/><E36/><V38/><F38/><W87/><G67/><T121/><D121/><U76/><E76/><V15/><F112/><W46/><REACH who="3" step="1"/><G46/><REACH who="3" ten="183,441,203,163" step="2"/><T85/><D85/><U59/><E47/><V90/><F65/><W57/><G57/><T107/><D107/><U119/><E123/><V97/><F69/><W34/><G34/><T6/><AGARI ba="2,1" hai="4,6,7,29,31" m="43019,27657,50729" machi="6" ten="40,5200,0" yaku="28,2,20,1" doraHai="11" who="0" fromWho="0" sc="183,68,441,-28,203,-15,163,-15" /><INIT seed="2,0,0,0,1,74" ten="251,413,188,148" oya="2" hai0="92,126,10,64,109,24,45,77,34,58,102,132,106" hai1="119,130,105,68,67,29,52,17,110,42,107,35,14" hai2="117,79,15,135,93,101,48,44,26,11,7,123,56" hai3="1,66,27,38,28,113,18,72,59,80,21,103,112"/><V70/><F123/><W73/><G38/><T25/><D106/><U118/><E110/><V12/><F117/><W69/><G1/><T104/><D104/><U82/><E130/><V43/><F70/><W100/><G69/><T62/><D109/><U3/><E3/><V16/><F135/><W124/><G124/><T32/><D126/><U53/><E105/><V115/><F115/><N who="3" m="44107" /><G28/><T31/><D10/><U54/><E107/><V90/><F101/><N who="3" m="38987" /><G80/><T99/><D45/><U94/><E82/><V129/><F129/><W0/><G0/><T71/><D132/><U23/><E42/><V47/><F26/><W83/><G83/><T116/><D116/><U111/><E111/><V122/><F122/><W41/><G41/><T37/><D37/><U127/><E127/><V8/><F79/><W4/><G4/><T39/><D39/><U55/><E94/><V134/><F134/><W33/><G33/><T88/><D77/><U125/><E125/><V51/><F56/><W57/><G66/><T121/><D102/><U6/><E6/><V76/><F76/><W128/><G128/><T61/><D121/><U22/><E35/><V63/><F63/><W46/><G46/><N who="2" m="17449" /><F43/><W78/><G78/><T40/><D40/><U108/><N who="1" m="13312" /><DORA hai="9" /><U89/><E108/><V87/><AGARI ba="0,0" hai="7,8,11,12,15,16,48,51,87,90,93" m="17449" machi="87" ten="30,11700,0" yaku="8,1,52,2,54,1" doraHai="74,9" who="2" fromWho="2" sc="251,-39,413,-39,188,117,148,-39" /><INIT seed="2,1,0,3,5,13" ten="212,374,305,109" oya="2" hai0="109,21,43,60,85,120,129,14,70,10,63,39,56" hai1="134,12,20,59,45,121,119,50,27,131,122,64,114" hai2="19,51,26,113,7,40,38,127,87,41,91,67,2" hai3="37,79,126,100,106,35,66,83,61,4,18,75,86"/><V57/><F113/><W0/><G37/><T89/><D120/><U48/><E114/><V82/><F127/><W98/><G126/><T30/><D129/><U132/><E119/><V6/><F38/><W74/><G35/><T123/><D109/><U104/><E104/><V124/><F124/><W84/><G84/><T108/><D108/><U28/><E131/><V23/><F2/><W102/><G102/><T76/><D76/><U9/><E59/><V1/><F1/><W97/><G97/><T36/><D70/><U54/><E50/><V80/><F80/><W118/><G118/><T128/><D63/><U130/><E64/><V116/><F116/><W111/><G111/><T71/><D71/><U93/><E93/><V92/><F82/><W16/><G4/><N who="2" m="1577" /><F67/><W46/><G46/><T29/><D21/><U3/><E3/><V112/><F112/><W34/><G34/><T65/><D43/><U103/><E103/><V62/><F62/><W73/><REACH who="3" step="1"/><G0/><REACH who="3" ten="212,374,305,99" step="2"/><T44/><D128/><U31/><E130/><V55/><AGARI ba="1,1" hai="19,23,26,40,41,51,55,57,87,91,92" m="1577" machi="55" ten="30,3000,0" yaku="8,1,52,1" doraHai="13" who="2" fromWho="2" sc="212,-11,374,-11,305,43,99,-11" /><INIT seed="2,2,0,3,1,54" ten="201,363,348,88" oya="2" hai0="74,123,55,122,66,132,117,34,48,120,52,113,37" hai1="125,133,31,57,79,56,90,68,18,39,35,11,75" hai2="131,12,23,62,81,30,84,10,70,17,0,47,89" hai3="29,78,5,38,127,3,97,46,45,110,107,82,124"/><V72/><F131/><W93/><G29/><T128/><D74/><U50/><E39/><V53/><F72/><W60/><G107/><T83/><D83/><U112/><E68/><V101/><F101/><W65/><G110/><T115/><D34/><U118/><E112/><N who="0" m="43081" /><D37/><U106/><E118/><V27/><F0/><W102/><G38/><T129/><D117/><U103/><E125/><N who="3" m="48202" /><G5/><T108/><D108/><U94/><E133/><V98/><F98/><W100/><G100/><T25/><D25/><U85/><E50/><N who="2" m="28895" /><F62/><W20/><G20/><T1/><D1/><U14/><E31/><V21/><F21/><W73/><G3/><T88/><D88/><U130/><E35/><V26/><F26/><W32/><G32/><T67/><D132/><U104/><E130/><N who="0" m="50281" /><D55/><U58/><REACH who="1" step="1"/><E103/><REACH who="1" ten="201,353,348,88" step="2"/><V91/><F70/><AGARI ba="2,1" hai="45,46,60,65,70,73,78,82,93,97,102" m="48202" machi="70" ten="30,1000,0" yaku="18,1" doraHai="54" who="3" fromWho="2" sc="201,0,353,0,348,-16,88,26" /><INIT seed="3,0,0,5,2,129" ten="201,353,332,114" oya="3" hai0="88,59,127,71,43,105,2,34,67,108,49,85,33" hai1="74,12,100,124,128,37,9,40,73,10,26,58,75" hai2="36,63,38,21,125,41,83,68,111,8,97,44,77" hai3="110,80,28,94,118,90,101,123,134,86,11,95,96"/><W39/><G39/><T60/><D108/><U102/><E128/><V109/><F125/><W56/><G118/><T135/><D127/><U50/><E124/><V82/><F21/><W65/><G123/><T98/><D2/><U19/><E37/><V23/><F23/><W64/><G11/><T5/><D5/><U3/><E26/><V116/><F116/><W126/><G126/><T7/><D7/><U84/><E3/><V91/><F38/><W69/><G69/><T14/><D14/><U66/><E9/><V55/><F8/><W113/><G28/><T130/><D130/><U13/><E13/><V57/><F91/><W133/><G113/><T17/><D17/><U47/><E84/><V119/><F97/><W27/><G27/><T99/><D99/><U107/><E107/><V30/><F30/><W117/><G117/><T18/><D18/><U25/><E25/><V16/><F16/><W103/><G110/><N who="2" m="41993" /><F119/><W48/><G48/><T132/><D105/><U79/><E79/><V42/><F42/><W4/><G4/><T93/><D98/><U62/><AGARI ba="0,0" hai="10,12,19,40,47,50,58,62,66,73,74,75,100,102" machi="62" ten="40,1500,0" yaku="0,1" doraHai="129" who="1" fromWho="1" sc="201,-4,353,15,332,-4,114,-7" /><INIT seed="4,0,0,4,1,14" ten="197,368,328,107" oya="0" hai0="42,56,20,58,118,54,80,86,69,121,8,51,104" hai1="106,29,82,134,110,89,40,25,119,129,5,53,35" hai2="130,98,60,43,37,87,83,2,88,125,55,33,28" hai3="34,92,62,30,97,26,113,115,15,49,94,24,13"/><T64/><D118/><U122/><E110/><V12/><F2/><W9/><G49/><T23/><D104/><U112/><E122/><V7/><F130/><W70/><G24/><T90/><D69/><U101/><E129/><V124/><F33/><W45/><G45/><T128/><D121/><U107/><E119/><V96/><F28/><W116/><G116/><T31/><D128/><U135/><E101/><V120/><F120/><W47/><G47/><T63/><D42/><U132/><E112/><V67/><F55/><W126/><G126/><N who="2" m="48745" /><F43/><W46/><G46/><T109/><D109/><U68/><E40/><V59/><F37/><W75/><G75/><T39/><D39/><U114/><E114/><N who="3" m="43530" /><G97/><N who="2" m="37481" /><F12/><N who="3" m="4683" /><G9/><T52/><D8/><U57/><E5/><AGARI ba="0,0" hai="5,7,59,60,67,83,87,88" m="37481,48745" machi="5" ten="30,2000,0" yaku="18,1,54,1" doraHai="14" who="2" fromWho="1" sc="197,0,368,-20,328,20,107,0" /><INIT seed="5,0,0,5,0,111" ten="197,348,348,107" oya="1" hai0="36,73,95,42,124,69,52,75,126,7,129,4,123" hai1="68,51,120,57,62,24,72,66,54,47,13,16,87" hai2="78,25,18,32,10,112,102,89,93,127,58,67,45" hai3="119,98,59,99,26,113,91,86,128,44,37,64,74"/><U108/><E108/><V130/><F130/><W117/><G74/><N who="0" m="28171" /><D69/><U71/><E72/><V55/><F127/><N who="0" m="48682" /><D129/><U122/><E24/><V114/><F102/><W53/><G128/><T43/><D95/><U97/><E97/><V61/><F78/><W60/><G26/><T33/><D36/><U76/><E76/><V63/><F45/><W132/><G132/><T125/><N who="0" m="48690" /><T49/><DORA hai="77" /><D33/><U38/><E87/><V96/><F10/><W134/><G134/><T94/><D94/><U83/><E83/><V0/><F0/><W92/><G37/><T9/><D123/><U84/><E84/><V6/><F6/><N who="0" m="2090" /><D9/><N who="1" m="6191" /><E71/><N who="2" m="42479" /><F32/><W118/><G44/><AGARI ba="0,0" hai="42,43,44,49,52" m="2090,48690,28171" machi="44" ten="50,3200,0" yaku="18,1,54,1" doraHai="111,77" who="0" fromWho="3" sc="197,32,348,0,348,0,107,-32" /><INIT seed="6,0,0,2,4,90" ten="229,348,348,75" oya="2" hai0="41,102,39,36,20,120,77,106,126,54,53,96,70" hai1="10,78,49,103,40,44,50,13,8,130,75,24,64" hai2="6,116,105,19,43,61,91,3,68,101,97,51,23" hai3="25,118,14,21,18,115,55,132,119,65,135,17,33"/><V11/><F116/><N who="3" m="44587" /><G55/><T87/><D126/><U37/><E130/><V45/><F91/><W79/><G65/><T93/><D120/><U108/><E108/><V92/><F61/><W31/><G79/><T0/><D0/><U27/><E64/><V47/><F68/><W69/><G69/><T86/><D39/><U109/><E109/><V129/><F129/><W28/><G115/><T2/><D2/><U85/><E75/><V35/><F35/><W127/><G127/><T113/><D113/><U56/><E103/><V128/><F128/><W34/><G18/><T134/><D87/><U26/><E37/><V30/><F30/><N who="3" m="11307" /><G25/><T38/><D38/><U73/><E73/><V123/><F47/><W99/><G99/><T95/><D106/><U46/><E56/><V107/><REACH who="2" step="1"/><F123/><REACH who="2" ten="229,348,338,75" step="2"/><W42/><G42/><T125/><D41/><U9/><E46/><V67/><F67/><W110/><G110/><T112/><D112/><U89/><E78/><V62/><F62/><W122/><G122/><T111/><D111/><U82/><REACH who="1" step="1"/><E50/><REACH who="1" ten="229,338,338,75" step="2"/><V4/><F4/><AGARI ba="0,2" hai="4,8,9,10,13,24,26,27,40,44,49,82,85,89" machi="4" ten="40,5200,0" yaku="1,1,2,1,8,1,53,0" doraHai="90" doraHaiUra="48" who="1" fromWho="2" sc="229,0,338,72,338,-52,75,0" /><INIT seed="7,0,0,3,5,46" ten="229,410,286,75" oya="3" hai0="59,109,23,116,72,79,8,85,129,112,80,135,18" hai1="27,71,77,56,97,10,53,92,26,104,12,99,58" hai2="7,115,128,123,126,87,100,64,43,62,107,125,33" hai3="36,14,48,101,15,73,13,111,102,17,122,38,0"/><W25/><G122/><T124/><D116/><U52/><E71/><V67/><F33/><W41/><G0/><T21/><D109/><U49/><E77/><V78/><F115/><W2/><G2/><T133/><D124/><U45/><E104/><V127/><F128/><W98/><G73/><T51/><D129/><U132/><E132/><N who="0" m="50761" /><D112/><U76/><E76/><V42/><F123/><W86/><G86/><T5/><D18/><U110/><E97/><N who="2" m="61839" /><F7/><W108/><G25/><T90/><D59/><N who="1" m="22571" /><E53/><V40/><F62/><W16/><G102/><T103/><D51/><U61/><E61/><V75/><F75/><W89/><G89/><T83/><D103/><N who="1" m="60903" /><E110/><N who="3" m="42026" /><G36/><T134/><N who="0" m="50769" /><T66/><DORA hai="93" /><D66/><U11/><E11/><V120/><F120/><W91/><G91/><T121/><D121/><U6/><AGARI ba="0,0" hai="6,10,12,26,27,45,49,52" m="60903,22571" machi="6" ten="30,7900,0" yaku="8,1,52,2,54,1" doraHai="46,93" who="1" fromWho="1" sc="229,-20,410,79,286,-20,75,-39" owari="209,-19.0,489,58.0,266,7.0,36,-46.0" /></mjloggm>