<mjloggm ver="2.3"><GO type="185" lobby="0"/><UN n0="%E3%83%9D%E3%82%B1%E3%83%83%E3%83%88" n1="%E9%9B%AA%E6%9D%91%E5%8D%83%E7%B5%B5%E8%8E%89" n2="%79%61%73%73%61%6E" n3="" dan="17,17,16,0" rate="2223.89,2282.58,2188.10,1500.00" sx="M,F,M,C"/><TAIKYOKU oya="0"/><INIT seed="0,0,0,4,3,132" ten="350,350,350,0" oya="0" hai0="73,71,101,75,53,123,57,80,77,92,60,89,98" hai1="82,76,65,39,117,37,51,97,94,96,61,88,74" hai2="90,108,118,106,2,115,135,109,126,50,70,128,1" hai3=""/><T114/><N who="0" m="31520" /><T91/><D114/><U81/><E117/><V107/><F106/><T85/><D71/><U56/><E81/><V63/><F108/><T59/><D89/><U34/><E34/><V67/><F50/><T87/><REACH who="0" step="1"/><D57/><REACH who="0" ten="340,350,350,0" step="2"/><U119/><E119/><V113/><F90/><T32/><D32/><U46/><REACH who="1" step="1"/><E97/><REACH who="1" ten="340,340,350,0" step="2"/><V36/><F113/><T112/><D112/><U42/><AGARI ba="0,2" hai="37,39,42,46,51,56,61,65,74,76,82,88,94,96" machi="42" ten="20,9000,2" yaku="1,1,2,1,0,1,7,1,54,1,53,1" doraHai="132" doraHaiUra="45" who="1" fromWho="1" sc="340,-60,340,110,350,-30,0,0" /><INIT seed="1,0,0,2,5,74" ten="280,450,320,0" oya="1" hai0="121,67,43,55,94,1,56,98,73,84,104,48,109" hai1="52,128,38,110,47,86,54,66,58,72,126,81,83" hai2="64,3,122,103,45,101,108,100,125,91,60,40,71" hai3=""/><U51/><E128/><V123/><N who="2" m="31264" /><V78/><N who="2" m="31520" /><V69/><F3/><T76/><N who="0" m="31008" /><T77/><D1/><U133/><E133/><V127/><F108/><T62/><D73/><U99/><E126/><N who="2" m="48139" /><F91/><T36/><D104/><U102/><E110/><V57/><F78/><T88/><D109/><U65/><E72/><V42/><F42/><T0/><D0/><U33/><E33/><V120/><N who="2" m="30752" /><V113/><F113/><T70/><D84/><U135/><E135/><V129/><F129/><T41/><D41/><U131/><E131/><V61/><F61/><T90/><D90/><U63/><E38/><AGARI ba="0,0" hai="38,40,45,57,60,64,69,71,100,101,103" m="30752,48139,31520,31264" machi="38" ten="30,7700,0" yaku="18,1,52,3" doraHai="74" who="2" fromWho="1" sc="280,0,450,-77,320,77,0,0" /><INIT seed="2,0,0,3,4,88" ten="280,373,397,0" oya="2" hai0="79,108,3,87,33,134,42,2,125,69,120,57,113" hai1="71,76,102,75,117,130,133,132,49,34,95,43,47" hai2="32,99,45,74,61,35,77,51,48,0,106,73,50" hai3=""/><V135/><F135/><N who="1" m="51785" /><E34/><V90/><F0/><T60/><N who="0" m="30752" /><T65/><D33/><U93/><E117/><V116/><F116/><T41/><D134/><U40/><E130/><V128/><F128/><T82/><D113/><U86/><E71/><V94/><F106/><T107/><D107/><U59/><E75/><V112/><F112/><T129/><D129/><U121/><N who="1" m="31008" /><U85/><E102/><V68/><F45/><T62/><D125/><U103/><E103/><V80/><REACH who="2" step="1"/><F73/><REACH who="2" ten="280,373,387,0" step="2"/><T38/><D2/><U101/><E101/><V96/><F96/><T109/><D3/><U53/><E86/><V122/><N who="2" m="31264" /><V81/><F81/><T97/><D97/><U1/><E1/><V72/><F72/><T104/><D104/><U119/><E119/><V52/><F52/><T110/><D110/><U46/><E46/><V127/><F127/><T37/><D108/><U105/><E105/><V92/><F92/><N who="1" m="35401" /><E47/><V63/><F63/><T36/><REACH who="0" step="1"/><D109/><REACH who="0" ten="270,373,387,0" step="2"/><U115/><E115/><V124/><F124/><T91/><D91/><U84/><E84/><V66/><AGARI ba="0,2" hai="32,35,48,50,51,61,66,68,74,77,80,90,94,99" m="31264" machi="66" ten="30,7800,0" yaku="1,1,0,1,52,2,53,0" doraHai="88" doraHaiUra="111" who="2" fromWho="2" sc="270,-39,373,-39,387,98,0,0" /><INIT seed="2,1,0,1,3,44" ten="231,334,485,0" oya="2" hai0="63,64,95,2,0,45,49,77,91,106,80,50,58" hai1="109,47,40,37,114,82,128,133,131,53,79,43,54" hai2="90,134,104,83,103,100,113,124,108,122,97,36,87" hai3=""/><V48/><N who="2" m="31264" /><V1/><F113/><T92/><D106/><U62/><E114/><V135/><F36/><T126/><D126/><U121/><N who="1" m="31008" /><U120/><N who="1" m="30752" /><U98/><E109/><V75/><F1/><T85/><D95/><U89/><E133/><N who="2" m="50699" /><F108/><T102/><D102/><U42/><E37/><V88/><F124/><T81/><D81/><U119/><E119/><V51/><F75/><T86/><REACH who="0" step="1"/><D50/><REACH who="0" ten="221,334,485,0" step="2"/><N who="2" m="18986" /><F103/><T78/><D78/><AGARI ba="1,1" hai="78,83,87,88,90,97,100,104" m="18986,50699,31264" machi="78" ten="30,18000,2" yaku="20,1,52,4,54,1" doraHai="44" who="2" fromWho="0" sc="221,-182,334,0,485,192,0,0" /><INIT seed="2,2,0,2,0,52" ten="39,334,677,0" oya="2" hai0="89,134,80,75,67,131,91,71,101,104,100,48,106" hai1="128,53,99,108,117,135,32,82,50,66,43,124,69" hai2="79,3,39,40,119,70,81,56,120,115,83,54,112" hai3=""/><V57/><N who="2" m="30752" /><V107/><F119/><T105/><D48/><U61/><E32/><V121/><N who="2" m="31008" /><V44/><F3/><T127/><D67/><U110/><E117/><V35/><F35/><T111/><D71/><U37/><E135/><V98/><F70/><T129/><D134/><U74/><E128/><N who="0" m="49225" /><D127/><U34/><E34/><V92/><F107/><N who="0" m="27394" /><T123/><N who="0" m="31520" /><DORA hai="65" /><T45/><D45/><U88/><E124/><V114/><F79/><T116/><D116/><U55/><E37/><V78/><F78/><T113/><D113/><U109/><E43/><V36/><F36/><T51/><D51/><U42/><E42/><V63/><REACH who="2" step="1"/><F56/><REACH who="2" ten="39,334,667,0" step="2"/><T86/><D75/><U33/><E74/><V49/><F49/><T93/><D111/><U68/><E33/><V85/><F85/><AGARI ba="2,1" hai="80,85,86,89,91,93,100,101" m="31520,27394,49225" machi="85" ten="50,8000,1" yaku="19,1,34,2,52,1" doraHai="52,65" who="0" fromWho="2" sc="39,94,334,0,667,-84,0,0" /><INIT seed="4,0,0,5,2,3" ten="133,334,583,0" oya="0" hai0="127,73,119,61,104,134,53,121,110,99,69,83,103" hai1="122,95,111,77,112,101,0,81,40,117,1,63,42" hai2="120,135,72,78,68,74,62,86,90,94,58,84,129" hai3=""/><T43/><N who="0" m="31008" /><T41/><D119/><U131/><N who="1" m="31264" /><U128/><E117/><V82/><N who="2" m="30752" /><V114/><F114/><T126/><D134/><U97/><E111/><V64/><F135/><T116/><D116/><U106/><E106/><V48/><F129/><N who="1" m="49737" /><E63/><V107/><F107/><T100/><D100/><U67/><E67/><V35/><F35/><T56/><D69/><U65/><E65/><V75/><F48/><T80/><D110/><U32/><E32/><V118/><F118/><T46/><D41/><N who="1" m="15979" /><E112/><V39/><F39/><T109/><D109/><U33/><E33/><V92/><REACH who="2" step="1"/><F68/><REACH who="2" ten="133,334,573,0" step="2"/><T88/><D73/><AGARI ba="0,1" hai="0,1,73,77,81,95,97,101" m="15979,49737,31264" machi="73" ten="30,2000,0" yaku="19,1,52,1" doraHai="3" who="1" fromWho="0" sc="133,-20,334,30,573,0,0,0" /><INIT seed="5,0,0,4,2,124" ten="113,364,573,0" oya="1" hai0="118,34,106,33,130,110,109,36,55,103,99,56,116" hai1="126,76,2,50,111,62,131,114,42,65,94,92,61" hai2="68,64,121,1,35,108,39,95,88,98,52,54,91" hai3=""/><U78/><E126/><V122/><N who="2" m="31008" /><V84/><N who="2" m="31264" /><V81/><F35/><T86/><D86/><U40/><E2/><V96/><F108/><T41/><D56/><U38/><E111/><V71/><F1/><T58/><D109/><U127/><E127/><V105/><F39/><T51/><D110/><U49/><E38/><V74/><F74/><T125/><D125/><U66/><E114/><V60/><REACH who="2" step="1"/><F68/><REACH who="2" ten="113,364,563,0" step="2"/><T46/><D33/><U87/><E131/><V37/><F37/><T120/><N who="0" m="30752" /><T63/><D34/><U3/><E3/><V93/><F93/><T45/><D36/><U32/><E32/><V123/><N who="2" m="31520" /><V44/><F44/><T128/><REACH who="0" step="1"/><D46/><REACH who="0" ten="103,364,563,0" step="2"/><U104/><E87/><V100/><AGARI ba="0,2" hai="52,54,60,64,71,81,84,88,91,95,96,98,100,105" m="31520,31264,31008" machi="100" ten="30,9000,2" yaku="1,1,0,1,52,3,54,2,53,0" doraHai="124" doraHaiUra="134" who="2" fromWho="2" sc="103,-30,364,-60,563,110,0,0" /><INIT seed="6,0,0,4,0,85" ten="73,304,673,0" oya="2" hai0="37,35,75,129,52,127,61,80,100,103,74,67,69" hai1="66,83,117,43,51,65,72,46,47,44,60,118,109" hai2="93,107,96,95,76,45,79,92,132,131,77,59,113" hai3=""/><V120/><N who="2" m="30752" /><V99/><F113/><T108/><D80/><U121/><N who="1" m="31008" /><U130/><E109/><V57/><F45/><T0/><D103/><U114/><E114/><V82/><F131/><T63/><D100/><U101/><E101/><V70/><F70/><T126/><D74/><U90/><E130/><V86/><F132/><T123/><D52/><U71/><E72/><V41/><F41/><T105/><D63/><U89/><E71/><V84/><F107/><T62/><D62/><U1/><E1/><V94/><F82/><T106/><D61/><U32/><E32/><V128/><F128/><T56/><D56/><U111/><E111/><V33/><F33/><T3/><D67/><U97/><E60/><V125/><F125/><T64/><D64/><U116/><E43/><V58/><F94/><T55/><D55/><U135/><E83/><V133/><F133/><T104/><D104/><U98/><E135/><V2/><F2/><T53/><D53/><U48/><E66/><V112/><F96/><T91/><D91/><U110/><E65/><V81/><F99/><T42/><D42/><U73/><E98/><V39/><F81/><T134/><D3/><U54/><E97/><V68/><F58/><T40/><D40/><RYUUKYOKU ba="0,0" sc="73,0,304,0,673,0,0,0" owari="73,-53.0,304,-10.0,673,63.0,0,0.0" /></mjloggm>