<mjloggm ver="2.3"><GO type="169" lobby="0"/><UN n0="%E3%81%8B%E3%81%93%E3%81%A8%E3%82%93" n1="%61%6F%70%79%6F%6E%2D%7A" n2="%5A%E6%B0%91" n3="%E3%83%8E%E3%82%AA%E3%83%81%E3%83%A3%E3%83%99%E3%82%B9" dan="17,18,17,17" rate="2114.78,2207.27,2200.93,2211.41" sx="M,M,M,M"/><TAIKYOKU oya="0"/><INIT seed="0,0,0,3,4,57" ten="250,250,250,250" oya="0" hai0="32,16,22,11,114,15,102,40,127,60,98,72,23" hai1="133,119,51,18,3,64,33,94,108,122,70,12,35" hai2="4,80,54,50,106,109,82,118,25,48,85,78,43" hai3="88,124,97,99,95,55,103,13,24,134,38,111,132"/><T53/><D127/><U100/><E119/><V105/><F118/><W20/><G38/><T56/><D114/><U86/><E122/><V130/><F109/><W29/><G111/><T65/><D72/><U76/><E3/><V31/><F130/><W90/><G124/><T93/><D32/><U68/><E70/><V126/><F126/><W115/><G115/><T9/><D40/><U14/><E12/><V73/><F43/><W107/><G90/><T26/><D53/><U87/><E64/><V69/><F4/><W96/><G96/><T62/><D62/><U45/><E68/><V125/><F69/><W112/><G112/><T79/><D79/><U81/><E133/><V135/><F50/><W1/><G1/><T89/><D89/><U67/><E67/><V131/><F131/><W128/><G128/><T101/><D102/><U39/><E39/><V7/><F7/><W121/><G121/><T37/><D37/><U104/><E100/><V77/><F135/><W27/><G13/><T113/><D113/><U46/><E14/><V5/><F5/><W59/><REACH who="3" step="1"/><G27/><REACH who="3" ten="250,250,250,240" step="2"/><T75/><REACH who="0" step="1"/><D75/><REACH who="0" ten="240,250,250,240" step="2"/><U47/><E108/><V123/><F125/><W63/><AGARI ba="0,2" hai="20,24,29,55,59,63,88,95,97,99,103,107,132,134" machi="63" ten="30,12000,2" yaku="1,1,2,1,0,1,52,1,54,1,53,1" doraHai="57" doraHaiUra="19" who="3" fromWho="3" sc="240,-60,250,-30,250,-30,240,140" /><INIT seed="1,0,0,1,0,63" ten="180,220,220,380" oya="1" hai0="134,54,87,115,119,43,48,126,46,18,74,57,11" hai1="60,34,90,97,98,76,5,27,117,38,51,100,10" hai2="83,58,7,20,121,73,64,35,128,99,15,37,109" hai3="81,124,129,42,61,93,110,19,44,30,94,13,32"/><U107/><E38/><V65/><F35/><W89/><G110/><T40/><D74/><U70/><E76/><V56/><F121/><W67/><G124/><T125/><D119/><U113/><E113/><V66/><F37/><W25/><G129/><T41/><D115/><U14/><E51/><V112/><F112/><W122/><G81/><T36/><D134/><U9/><E9/><N who="2" m="4543" /><F73/><W84/><G94/><T1/><D87/><U50/><E50/><V101/><F109/><W130/><G130/><T28/><D28/><U59/><E117/><V21/><F83/><W120/><G44/><T86/><D86/><U85/><E97/><V39/><F39/><W116/><G42/><T49/><D1/><U55/><E70/><V96/><F128/><W127/><G127/><N who="0" m="48651" /><D11/><U103/><E103/><V47/><F47/><W33/><G33/><T0/><D0/><U72/><E72/><V12/><F21/><W95/><G95/><T135/><D135/><U71/><E71/><V91/><F91/><W23/><REACH who="3" step="1"/><G116/><REACH who="3" ten="180,220,220,370" step="2"/><T105/><D105/><U45/><E45/><V88/><F101/><W24/><G24/><T62/><D36/><U26/><E34/><V82/><F82/><AGARI ba="0,1" hai="5,10,14,26,27,55,59,60,82,85,90,98,100,107" machi="82" ten="30,1500,0" yaku="7,1" doraHai="63" who="1" fromWho="2" sc="180,0,220,25,220,-15,370,0" /><INIT seed="1,1,0,5,4,121" ten="180,245,205,370" oya="1" hai0="68,45,54,122,108,100,83,99,102,67,48,59,44" hai1="87,26,50,76,39,42,17,97,127,34,1,92,101" hai2="126,7,28,57,0,72,61,73,89,103,131,11,106" hai3="80,78,96,31,133,6,56,30,51,14,75,64,91"/><U15/><E1/><V118/><F118/><W119/><G133/><T107/><D122/><U90/><E127/><V125/><F28/><W10/><G119/><T124/><D124/><N who="2" m="47722" /><F131/><W135/><G135/><T109/><D102/><U134/><E39/><V95/><F103/><W113/><G113/><T63/><D83/><U29/><E76/><V65/><F106/><W58/><G58/><T35/><D35/><U130/><E130/><V114/><F114/><W70/><G70/><T23/><D23/><U84/><E134/><V105/><F105/><W71/><G71/><T85/><D85/><AGARI ba="1,0" hai="0,7,11,57,61,65,72,73,85,89,95" m="47722" machi="85" ten="30,1000,0" yaku="18,1" doraHai="121" who="2" fromWho="0" sc="180,-13,245,0,205,13,370,0" /><INIT seed="2,0,0,2,4,111" ten="167,245,218,370" oya="2" hai0="114,20,125,127,28,118,109,39,41,29,130,9,124" hai1="69,134,43,11,66,57,92,49,19,12,60,8,73" hai2="36,54,47,96,63,81,48,31,101,2,74,18,42" hai3="50,102,25,40,85,86,99,55,91,56,98,119,77"/><V116/><F116/><W6/><G119/><T33/><D114/><U123/><E73/><V78/><F2/><W3/><G3/><T38/><D118/><U129/><E129/><V87/><F31/><N who="0" m="11850" /><D41/><U72/><E72/><V46/><F18/><W67/><G25/><T59/><D59/><U62/><E134/><V23/><F23/><W94/><G6/><T53/><D53/><U71/><E123/><V1/><F1/><W133/><G133/><T90/><D90/><U30/><E30/><V95/><F63/><W80/><G67/><T115/><D115/><U68/><E11/><V61/><F61/><W113/><G113/><T7/><D130/><U75/><E75/><V82/><F82/><W117/><G117/><T135/><D135/><U26/><E62/><V51/><REACH who="2" step="1"/><F74/><REACH who="2" ten="167,245,208,370" step="2"/><W52/><G40/><T65/><D20/><U79/><E43/><V128/><F128/><W84/><REACH who="3" step="1"/><G55/><REACH who="3" ten="167,245,208,360" step="2"/><T44/><D124/><U5/><E71/><V45/><F45/><W17/><G17/><T35/><D44/><U10/><E69/><V13/><F13/><W131/><G131/><T4/><D127/><U24/><E68/><V132/><F132/><W32/><G32/><T15/><D35/><U83/><E12/><V76/><F76/><W97/><G97/><T34/><D33/><U93/><E79/><V14/><F14/><W104/><AGARI ba="0,2" hai="50,52,56,77,80,84,85,86,91,94,98,99,102,104" machi="104" ten="20,5200,0" yaku="1,1,0,1,7,1,54,1,53,0" doraHai="111" doraHaiUra="22" who="3" fromWho="3" sc="167,-13,245,-13,208,-26,360,72" /><INIT seed="3,0,0,1,0,73" ten="154,232,182,432" oya="3" hai0="39,28,60,67,55,83,30,117,97,63,127,85,134" hai1="15,64,65,77,46,99,7,109,123,40,24,124,68" hai2="74,61,130,126,111,50,23,113,49,92,82,20,75" hai3="66,52,133,114,129,14,108,31,48,6,10,72,94"/><W8/><G114/><T101/><D134/><U62/><E123/><V22/><F113/><W42/><G133/><T16/><D127/><U115/><E124/><V93/><F126/><W25/><G129/><T41/><D117/><U1/><E109/><V87/><F111/><W44/><G108/><T118/><D118/><U110/><E1/><V122/><F130/><W120/><G120/><T2/><D2/><U95/><E65/><V53/><F122/><W90/><G66/><T18/><D55/><U96/><E96/><V0/><F0/><W71/><G71/><T70/><D60/><U69/><E69/><V132/><F132/><W107/><G107/><T34/><D41/><U35/><E35/><V3/><F3/><W37/><G10/><T81/><D39/><U79/><E24/><V104/><F104/><W56/><G72/><T57/><D70/><U106/><E106/><V98/><F61/><W9/><G14/><T17/><D34/><U59/><E68/><V47/><F50/><W4/><G4/><T13/><D13/><U21/><E115/><V131/><F131/><W5/><G5/><T19/><N who="0" m="4096" /><DORA hai="135" /><T84/><D97/><U112/><E112/><V32/><F32/><W43/><G43/><T88/><D101/><U54/><E40/><V89/><REACH who="2" step="1"/><F93/><REACH who="2" ten="154,232,172,432" step="2"/><W100/><G94/><T58/><REACH who="0" step="1"/><D57/><REACH who="0" ten="144,232,172,432" step="2"/><U116/><E59/><V80/><F80/><W29/><G56/><T125/><D125/><U103/><E116/><V45/><F45/><W128/><G44/><T33/><D33/><U36/><E46/><V78/><AGARI ba="0,2" hai="20,22,23,47,49,53,74,75,78,82,87,89,92,98" machi="78" ten="30,4000,0" yaku="1,1,0,1,52,1,53,0" doraHai="73,135" doraHaiUra="121,26" who="2" fromWho="2" sc="144,-10,232,-10,172,60,432,-20" /><INIT seed="4,0,0,0,5,81" ten="134,222,232,412" oya="0" hai0="33,7,133,11,59,18,79,124,45,43,14,65,105" hai1="100,41,135,101,39,26,97,77,2,90,93,60,58" hai2="122,9,25,118,131,0,73,95,83,16,75,6,82" hai3="96,34,102,84,68,10,106,88,24,69,76,21,80"/><T67/><D133/><U99/><E2/><V108/><F108/><W70/><G10/><T46/><D124/><U28/><E77/><V50/><F122/><W51/><G34/><T13/><D105/><U5/><E5/><V103/><F131/><W32/><G32/><T22/><D33/><U62/><E62/><V36/><F36/><W30/><G51/><T47/><D43/><U111/><E111/><V92/><F118/><W53/><G53/><T78/><REACH who="0" step="1"/><D59/><REACH who="0" ten="124,222,232,412" step="2"/><U117/><E135/><V129/><F129/><W66/><REACH who="3" step="1"/><G76/><AGARI ba="0,1" hai="7,11,13,14,18,22,45,46,47,65,67,76,78,79" machi="76" ten="40,7700,0" yaku="1,1,2,1,8,1,53,0" doraHai="81" doraHaiUra="71" who="0" fromWho="3" sc="124,87,222,0,232,0,412,-77" /><INIT seed="4,1,0,0,0,73" ten="211,222,232,335" oya="0" hai0="89,91,102,57,5,114,41,9,84,125,93,78,35" hai1="94,100,44,42,23,40,72,123,2,98,49,63,60" hai2="7,12,53,131,50,101,83,124,112,6,126,105,1" hai3="95,109,134,10,16,86,55,103,65,3,113,46,92"/><T43/><D125/><N who="2" m="48234" /><F112/><W15/><G113/><T79/><D114/><U62/><E2/><V36/><F36/><W97/><G109/><T21/><D35/><U29/><E72/><V116/><F1/><W32/><G32/><T128/><D102/><U34/><E34/><V22/><F131/><W56/><G134/><T110/><D128/><U48/><E123/><V107/><F116/><W59/><G3/><T26/><D110/><U85/><E85/><V70/><F70/><W87/><G65/><T38/><D57/><N who="3" m="22089" /><G95/><N who="0" m="54695" /><D38/><U66/><E66/><V121/><F121/><W71/><G71/><T81/><D81/><U45/><E23/><V0/><F0/><W61/><G61/><T88/><D9/><U54/><E29/><V13/><F83/><W33/><G33/><T135/><D5/><N who="2" m="1546" /><F101/><W11/><G11/><T24/><D135/><U108/><E108/><V39/><F39/><W17/><G17/><N who="0" m="12335" /><D26/><U118/><E118/><V18/><F12/><W82/><G82/><T14/><D14/><U58/><AGARI ba="1,0" hai="40,42,44,45,48,49,54,58,60,62,63,94,98,100" machi="58" ten="30,4000,0" yaku="0,1,9,1,8,1" doraHai="73" who="1" fromWho="1" sc="211,-21,222,43,232,-11,335,-11" /><INIT seed="5,0,0,0,3,91" ten="190,265,221,324" oya="1" hai0="38,122,17,25,125,118,129,40,59,62,75,126,76" hai1="94,95,12,133,85,88,42,87,72,19,108,39,64" hai2="50,73,96,69,27,100,41,63,112,34,52,86,71" hai3="45,16,20,37,93,3,106,55,111,82,9,2,18"/><U101/><E72/><V24/><F73/><W98/><G111/><T61/><D118/><U117/><E117/><V31/><F112/><W5/><G106/><T81/><D122/><U78/><E108/><V92/><F41/><W22/><G82/><T110/><D129/><U77/><E133/><V104/><F27/><W6/><G37/><T54/><D110/><U15/><E39/><V113/><F113/><W21/><G45/><T83/><D83/><U127/><E127/><V114/><F114/><W0/><G55/><T32/><D40/><U66/><E42/><V84/><F92/><W13/><REACH who="3" step="1"/><G6/><REACH who="3" ten="190,265,221,314" step="2"/><T4/><D38/><U36/><E36/><V131/><F131/><W123/><G123/><T128/><D4/><U105/><E105/><V103/><F104/><W90/><AGARI ba="0,1" hai="0,2,3,5,9,13,16,18,20,21,22,90,93,98" machi="90" ten="40,8000,1" yaku="1,1,0,1,52,1,54,1,53,0" doraHai="91" doraHaiUra="43" who="3" fromWho="3" sc="190,-20,265,-40,221,-20,314,90" /><INIT seed="6,0,0,1,4,54" ten="170,225,201,404" oya="2" hai0="26,2,41,62,67,27,105,112,111,77,56,93,120" hai1="97,4,17,57,87,104,88,47,113,76,53,80,78" hai2="30,70,121,127,60,38,91,132,64,6,40,119,15" hai3="49,52,99,12,135,68,75,128,95,45,90,110,59"/><V65/><F119/><W21/><G110/><T33/><D120/><U58/><E113/><V19/><F121/><W79/><G68/><T20/><D105/><U115/><E115/><V85/><F127/><W25/><G128/><T28/><D112/><U35/><E35/><V48/><F38/><W106/><G106/><T130/><D130/><U43/><E4/><V63/><F30/><W108/><G108/><T134/><D134/><U84/><E104/><V89/><F6/><W109/><G109/><T81/><D111/><U10/><E97/><V36/><F36/><W39/><G12/><T86/><D2/><U72/><E72/><V118/><F118/><W34/><G34/><T69/><D41/><U37/><E53/><V7/><F7/><W42/><G135/><T23/><D93/><U125/><E125/><V98/><F98/><W51/><G75/><T22/><REACH who="0" step="1"/><D69/><REACH who="0" ten="160,225,201,404" step="2"/><U0/><E0/><V31/><F132/><W122/><G122/><T107/><D107/><U73/><E43/><V117/><F70/><W50/><G79/><T8/><D8/><U94/><E10/><V114/><F114/><W18/><AGARI ba="0,1" hai="18,21,25,39,42,45,49,50,51,52,59,90,95,99" machi="18" ten="20,5200,0" yaku="0,1,7,1,52,1,54,1" doraHai="54" who="3" fromWho="3" sc="160,-13,225,-13,201,-26,404,62" /><INIT seed="7,0,0,0,3,99" ten="147,212,175,466" oya="3" hai0="102,127,57,1,120,125,68,50,19,37,65,40,128" hai1="130,109,2,13,20,73,89,134,132,7,8,16,39" hai2="70,52,98,110,131,106,118,97,46,101,108,103,43" hai3="66,56,88,26,95,71,122,82,51,41,0,115,119"/><W17/><G0/><T59/><D1/><U112/><E39/><V10/><F118/><W30/><G71/><T62/><D19/><U21/><E73/><V22/><F70/><W25/><G82/><T113/><D120/><U94/><E109/><V12/><F22/><W9/><G115/><T18/><D18/><U121/><E121/><V76/><F52/><W92/><G92/><T4/><D4/><U86/><E130/><V85/><F131/><W74/><G74/><T5/><D5/><U105/><E105/><V93/><F85/><W72/><G72/><T90/><D90/><U42/><E112/><V28/><F28/><W31/><G119/><T63/><D128/><U84/><E42/><V123/><F76/><W124/><G124/><N who="0" m="47691" /><D102/><U48/><E21/><V75/><F75/><W6/><G17/><T117/><D113/><U111/><E111/><V81/><F81/><W47/><G122/><T60/><D117/><U32/><E32/><V135/><F123/><W45/><G31/><T54/><D68/><U29/><E29/><V38/><F135/><W64/><G30/><T91/><D91/><U15/><E2/><V87/><F87/><W58/><G26/><T104/><D104/><U100/><E84/><V96/><F96/><W24/><G25/><T27/><D27/><U79/><E134/><V49/><F38/><W3/><G24/><T80/><D80/><U53/><E132/><V61/><F61/><W77/><G77/><T126/><N who="0" m="47699" /><T35/><DORA hai="44" /><D35/><U14/><E79/><V107/><F107/><W67/><G47/><AGARI ba="0,0" hai="37,40,47,50,54,57,59,60,62,63,65" m="47699" machi="47" ten="40,8000,1" yaku="18,1,34,2,52,1" doraHai="99,44" who="0" fromWho="3" sc="147,80,212,0,175,0,466,-80" owari="227,3.0,212,-19.0,175,-32.0,386,48.0" /></mjloggm>