<mjloggm ver="2.3"><GO type="169" lobby="0"/><UN n0="%E3%82%AB%E3%82%B6%E3%83%A9%E3%82%AD" n1="%48%49%42%49%4B%49%4E" n2="%E3%81%88%E3%81%99%E3%81%9F%E3%81%BE%E3%82%8B" n3="%E6%82%A0%E3%80%85%2E" dan="18,17,16,16" rate="2286.45,2175.62,2121.92,2130.97" sx="M,M,M,M"/><TAIKYOKU oya="0"/><INIT seed="0,0,0,3,2,105" ten="250,250,250,250" oya="0" hai0="66,29,12,59,69,111,116,64,36,11,60,71,32" hai1="17,84,127,4,81,91,104,99,85,77,124,118,15" hai2="58,22,115,92,55,50,76,113,108,62,3,63,74" hai3="61,121,49,40,21,48,95,46,13,37,101,110,6"/><T98/><D116/><U14/><E4/><V70/><F3/><W1/><G110/><T135/><D36/><U117/><E14/><V100/><F108/><W10/><G121/><T103/><D111/><U44/><E44/><V51/><F22/><W94/><G61/><T68/><D135/><U47/><E47/><V23/><F23/><W97/><G21/><T38/><D38/><U67/><E67/><V5/><F5/><W86/><G1/><T24/><D66/><U35/><E17/><V39/><F39/><W120/><G120/><T43/><D43/><U8/><E15/><V119/><F119/><N who="1" m="45577" /><E8/><V31/><F31/><W34/><G34/><T83/><D83/><N who="1" m="49567" /><E35/><V78/><F58/><W79/><G95/><T129/><D129/><U72/><E85/><V7/><F55/><W25/><G25/><T28/><D28/><U109/><E109/><V75/><F7/><W30/><G30/><T73/><D73/><U114/><E114/><V131/><F131/><W26/><G26/><T125/><D125/><N who="1" m="48203" /><E99/><V41/><F41/><W130/><G130/><T82/><D82/><U132/><E104/><V16/><F16/><W57/><G57/><T123/><D123/><U133/><AGARI ba="0,0" hai="72,77,81,132,133" m="48203,49567,45577" machi="133" ten="40,8000,1" yaku="18,1,34,2,52,1" doraHai="105" who="1" fromWho="1" sc="250,-40,250,80,250,-20,250,-20" /><INIT seed="1,0,0,3,4,124" ten="210,330,230,230" oya="1" hai0="99,83,75,71,94,61,41,50,98,27,107,37,119" hai1="52,120,74,78,49,88,69,73,125,32,108,28,8" hai2="121,81,33,85,46,48,97,130,101,64,132,80,86" hai3="39,5,76,55,22,29,100,135,82,106,16,7,92"/><U72/><E120/><V104/><F33/><W111/><G39/><T59/><D107/><U122/><E122/><V57/><F121/><W77/><G111/><T93/><D119/><U67/><E78/><V54/><F132/><W40/><G40/><T4/><D4/><U0/><E67/><V90/><F130/><W17/><G106/><T34/><D34/><U112/><E69/><V129/><F129/><W1/><G29/><T30/><D83/><U56/><E112/><V95/><F86/><N who="3" m="48455" /><G1/><T113/><D75/><U109/><E28/><V134/><F134/><W13/><G77/><T70/><D70/><U25/><E125/><V96/><F96/><N who="3" m="59399" /><G55/><T36/><D71/><U53/><E53/><V87/><F87/><W38/><G38/><T60/><D41/><U15/><E0/><V91/><F91/><W26/><G135/><T14/><D50/><U128/><E128/><V116/><F116/><W62/><G62/><T19/><D61/><U12/><E88/><V131/><F131/><W103/><G103/><T133/><D133/><U114/><E114/><V68/><F68/><W118/><G118/><T102/><D113/><U18/><E15/><V127/><F127/><W35/><G35/><T117/><D14/><U9/><E25/><V105/><F105/><W79/><G79/><T20/><D30/><U31/><E8/><AGARI ba="0,0" hai="5,7,8,13,16,17,22,26" m="59399,48455" machi="8" ten="30,2000,0" yaku="8,1,54,1" doraHai="124" who="3" fromWho="1" sc="210,0,330,-20,230,0,230,20" /><INIT seed="2,0,0,4,0,72" ten="210,310,230,250" oya="2" hai0="121,40,124,24,131,46,9,117,76,52,89,83,127" hai1="98,71,1,108,29,63,2,8,123,45,32,115,80" hai2="27,62,122,38,85,53,57,58,86,66,130,19,13" hai3="20,41,25,39,15,109,77,113,106,36,91,118,31"/><V92/><F122/><W51/><G109/><T37/><D121/><U22/><E115/><V35/><F130/><W87/><G106/><T68/><D68/><U70/><E123/><V26/><F38/><W5/><G118/><T104/><D104/><U10/><E22/><V59/><F35/><W134/><G134/><T17/><D131/><U18/><E18/><V30/><F30/><W119/><G119/><T132/><D132/><U61/><E45/><V47/><F47/><W112/><G39/><T16/><D89/><U69/><E98/><V33/><F33/><W94/><G36/><T93/><D93/><U90/><E108/><V60/><F58/><W74/><G51/><T79/><D52/><U64/><E64/><V82/><F92/><W100/><G100/><T114/><D114/><U7/><E29/><V3/><F3/><W56/><G56/><T128/><D128/><U73/><E32/><V42/><F42/><W88/><G91/><T96/><D96/><U43/><E90/><V6/><F6/><W84/><G41/><T44/><D44/><U110/><E43/><V126/><F126/><N who="0" m="48170" /><D83/><U11/><E110/><V81/><F81/><N who="3" m="45239" /><G112/><T78/><D117/><U111/><E111/><V101/><F101/><W67/><G113/><T34/><D9/><U135/><E135/><V50/><F62/><N who="1" m="23561" /><E80/><V28/><F28/><AGARI ba="0,0" hai="16,17,24,28,34,37,40,46,76,78,79" m="48170" machi="28" ten="30,8000,1" yaku="18,1,52,3,54,1" doraHai="72" who="0" fromWho="2" sc="210,80,310,0,230,-80,250,0" /><INIT seed="3,0,0,0,0,57" ten="290,310,150,250" oya="3" hai0="59,10,69,96,35,28,30,49,84,107,44,115,37" hai1="97,1,122,102,66,19,15,55,133,118,88,129,81" hai2="45,91,128,85,87,80,130,61,114,108,63,103,60" hai3="32,90,48,121,42,74,38,22,98,77,89,17,5"/><W24/><G121/><T12/><D69/><U21/><E129/><N who="2" m="49771" /><F114/><W23/><G32/><T51/><D115/><U2/><E133/><V111/><F103/><W8/><G38/><T75/><D75/><U68/><E122/><V79/><F45/><W64/><G77/><T76/><D37/><U67/><E68/><V119/><F119/><W109/><G74/><T20/><D96/><U50/><E1/><V112/><F112/><W54/><G42/><T73/><D107/><U72/><E2/><V86/><F91/><W39/><G39/><T110/><D20/><U99/><E99/><V105/><F105/><W135/><G135/><T70/><D70/><U4/><E4/><V27/><F27/><W71/><G23/><T53/><D73/><AGARI ba="0,0" hai="60,61,63,73,79,80,85,86,87,108,111" m="49771" machi="73" ten="40,8000,1" yaku="19,1,52,3" doraHai="57" who="2" fromWho="0" sc="290,-80,310,0,150,80,250,0" /><INIT seed="4,0,0,3,3,115" ten="210,310,230,250" oya="0" hai0="58,129,119,34,132,13,33,91,114,93,124,105,25" hai1="92,6,24,16,78,30,32,130,95,121,21,104,26" hai2="99,108,135,118,70,74,101,62,68,97,76,50,66" hai3="84,44,31,107,102,77,79,125,19,12,11,89,38"/><T17/><D105/><U126/><E121/><V103/><F108/><W15/><G125/><T86/><D114/><U46/><E104/><V14/><F135/><W109/><G109/><T73/><D73/><U116/><E130/><V52/><F76/><W67/><G31/><T27/><D124/><U10/><E78/><V40/><F74/><W69/><G67/><T80/><D129/><U100/><E126/><V55/><F118/><W3/><G3/><T123/><D123/><U90/><E46/><V0/><F0/><W94/><G69/><T49/><D132/><U98/><E116/><V112/><F40/><W1/><G1/><T22/><D119/><U54/><E54/><V45/><F55/><W60/><G60/><T64/><D34/><U128/><E128/><V56/><F112/><W47/><G102/><T39/><D39/><U28/><E28/><V57/><F14/><W5/><G107/><T131/><D131/><U111/><E111/><V35/><F35/><W81/><G38/><T53/><D33/><U63/><E63/><V120/><F70/><W106/><G106/><T59/><D80/><U29/><E29/><V48/><F120/><W23/><REACH who="3" step="1"/><G79/><REACH who="3" ten="210,310,230,240" step="2"/><T51/><D51/><U8/><REACH who="1" step="1"/><E6/><REACH who="1" ten="210,300,230,240" step="2"/><V61/><F61/><AGARI ba="0,2" hai="13,17,22,25,27,49,53,58,59,61,64,86,91,93" machi="61" ten="40,7700,0" yaku="25,2,8,1" doraHai="115" who="0" fromWho="2" sc="210,97,300,0,230,-77,240,0" /><INIT seed="4,1,0,2,4,90" ten="307,300,153,240" oya="0" hai0="17,46,131,0,28,84,58,29,12,124,7,107,19" hai1="1,98,86,53,67,11,47,65,92,36,49,88,111" hai2="128,91,81,105,97,89,21,66,16,103,5,26,122" hai3="130,4,95,69,25,121,51,42,93,13,55,108,6"/><T52/><D107/><U134/><E111/><V33/><F128/><W129/><G69/><T40/><D131/><N who="3" m="50185" /><G108/><T100/><D0/><U119/><E134/><V132/><F132/><W110/><G110/><T41/><D124/><U109/><E109/><V99/><F122/><W30/><G42/><N who="0" m="16491" /><D46/><U43/><E119/><V113/><F113/><W79/><G79/><T127/><D84/><U125/><E125/><V112/><F112/><W74/><G74/><T71/><D71/><U62/><E11/><V60/><F5/><N who="3" m="2155" /><G13/><T106/><D106/><U87/><E1/><V75/><F33/><N who="3" m="20687" /><G121/><T135/><D135/><U18/><E18/><N who="0" m="6665" /><D100/><U54/><E67/><V50/><F50/><W101/><G101/><T23/><D127/><U61/><E62/><V85/><F75/><W72/><G72/><T68/><D68/><U37/><E37/><V77/><REACH who="2" step="1"/><F99/><REACH who="2" ten="307,300,143,240" step="2"/><W80/><G80/><T116/><D116/><U9/><E36/><V104/><F104/><W126/><G126/><T118/><D118/><U31/><E49/><V63/><F63/><W35/><G35/><T82/><D82/><U15/><E61/><V76/><F76/><W96/><G96/><T102/><D102/><U34/><E34/><V73/><F73/><W24/><G51/><N who="0" m="31007" /><D23/><U57/><E98/><V83/><F83/><W20/><G20/><T56/><D56/><AGARI ba="1,1" hai="16,21,26,56,60,66,77,81,85,89,91,97,103,105" machi="56" ten="30,3900,0" yaku="1,1,7,1,54,1,53,0" doraHai="90" doraHaiUra="114" who="2" fromWho="0" sc="307,-42,300,0,143,52,240,0" /><INIT seed="5,0,0,5,5,58" ten="265,300,195,240" oya="1" hai0="11,100,84,115,108,76,8,5,65,118,85,94,50" hai1="32,49,30,98,38,133,54,67,17,120,70,79,64" hai2="83,2,35,10,23,9,42,77,37,7,29,66,40" hai3="6,75,12,121,71,89,14,46,116,51,26,41,55"/><U135/><E120/><V80/><F35/><W19/><G71/><T125/><D108/><U16/><E38/><V48/><F48/><W134/><G75/><T113/><D118/><U131/><E79/><V22/><F66/><W28/><G121/><T109/><D109/><U82/><E82/><V60/><F60/><W130/><G134/><N who="1" m="51210" /><E131/><V1/><F37/><W69/><G130/><T59/><D76/><U73/><E73/><V111/><F111/><W34/><G69/><T18/><D125/><U57/><E98/><V13/><F77/><W119/><G119/><T110/><D85/><U129/><E129/><V78/><F78/><W88/><G116/><T47/><D84/><U92/><E92/><V24/><F13/><W31/><G12/><T90/><D90/><U43/><E43/><V114/><F114/><W86/><G86/><T56/><D94/><U132/><E132/><V53/><F53/><W102/><G41/><T39/><D100/><U104/><E104/><V81/><REACH who="2" step="1"/><F23/><REACH who="2" ten="265,300,185,240" step="2"/><W15/><G34/><T117/><D65/><U62/><E67/><V95/><F95/><W44/><G51/><T106/><D39/><U27/><AGARI ba="0,1" hai="16,17,27,30,32,49,54,57,62,64,70" m="51210" machi="27" ten="30,6000,0" yaku="20,1,52,1,54,1" doraHai="58" who="1" fromWho="1" sc="265,-20,300,70,185,-20,240,-20" /><INIT seed="5,1,0,3,4,110" ten="245,370,165,220" oya="1" hai0="39,74,83,125,86,20,9,5,73,8,116,65,17" hai1="35,90,75,77,122,21,58,119,2,61,105,72,114" hai2="59,130,93,50,62,88,89,55,46,47,43,38,79" hai3="108,124,96,30,128,112,109,37,111,78,71,16,45"/><U40/><E35/><V54/><F130/><W133/><G71/><T82/><D39/><U97/><E2/><V115/><F79/><W7/><G78/><T120/><D65/><U135/><E40/><V12/><F115/><W68/><G68/><T31/><D31/><U94/><E119/><V33/><F33/><W13/><G96/><T81/><D116/><U123/><E135/><V118/><F118/><W1/><G45/><T32/><D32/><U117/><E117/><V95/><REACH who="2" step="1"/><F12/><REACH who="2" ten="245,370,155,220" step="2"/><W49/><G128/><T25/><D120/><U104/><E114/><V26/><F26/><W132/><G112/><T0/><D74/><U18/><E77/><V23/><F23/><W80/><G13/><T41/><D73/><U63/><E72/><V69/><F69/><W129/><G129/><T34/><D34/><U85/><E75/><V60/><F60/><W70/><G70/><T67/><D9/><U3/><E63/><V131/><F131/><W66/><G111/><T53/><D8/><U92/><E122/><V52/><F52/><W76/><G109/><T126/><D53/><N who="1" m="33999" /><E123/><V134/><F134/><W57/><G108/><T44/><D67/><U42/><E3/><V91/><AGARI ba="1,1" hai="38,43,46,47,50,54,55,59,62,88,89,91,93,95" machi="91" ten="30,4000,0" yaku="1,1,0,1,54,1,53,0" doraHai="110" doraHaiUra="106" who="2" fromWho="2" sc="245,-11,370,-21,155,53,220,-11" /><INIT seed="6,0,0,5,4,68" ten="234,349,208,209" oya="2" hai0="128,99,15,124,71,132,4,20,76,126,70,122,103" hai1="102,113,6,44,23,110,7,16,46,119,19,30,10" hai2="22,60,77,17,31,101,41,123,84,108,21,106,66" hai3="112,78,127,93,74,18,86,39,75,28,64,104,26"/><V114/><F123/><W85/><G104/><T117/><D122/><U88/><E119/><V96/><F114/><W59/><G112/><T73/><D117/><U45/><E110/><V115/><F115/><W42/><G127/><N who="0" m="48683" /><D128/><U100/><E30/><V89/><F108/><W82/><G18/><N who="1" m="6698" /><E23/><V116/><F116/><W105/><G105/><N who="0" m="63743" /><D20/><U80/><E10/><V109/><F109/><W11/><G11/><N who="0" m="4583" /><D132/><U34/><E34/><V97/><F41/><W53/><G42/><T121/><D121/><U55/><E55/><V37/><F37/><W14/><G39/><T33/><D33/><U65/><E65/><V92/><F31/><W120/><G64/><T8/><D8/><U49/><E49/><V72/><F97/><W9/><G120/><T24/><D24/><U94/><E80/><AGARI ba="0,0" hai="70,71,73,76,80" m="4583,63743,48683" machi="80" ten="30,1000,0" yaku="18,1" doraHai="68" who="0" fromWho="1" sc="234,10,349,-10,208,0,209,0" /><INIT seed="7,0,0,3,4,83" ten="244,339,208,209" oya="3" hai0="28,93,118,69,74,105,51,37,49,78,94,19,86" hai1="97,103,68,5,75,55,115,85,132,127,63,27,45" hai2="32,108,8,125,67,90,98,72,11,81,47,96,119" hai3="58,133,34,120,82,101,39,53,128,4,13,54,65"/><W59/><G120/><T113/><D37/><U89/><E75/><V64/><F108/><W41/><G34/><T121/><D69/><U38/><E115/><V129/><F119/><W106/><G133/><T112/><D105/><U99/><E5/><V18/><F32/><W122/><G122/><T71/><D71/><U107/><E99/><N who="2" m="37931" /><F72/><W110/><G101/><T126/><D28/><U111/><E55/><N who="3" m="21002" /><G106/><T109/><D109/><U26/><E26/><V80/><F129/><W30/><G128/><T104/><D104/><U36/><E63/><V33/><F125/><W52/><G30/><T95/><D126/><U43/><E36/><V44/><F33/><W14/><G110/><T88/><D19/><U15/><E132/><V92/><F81/><W130/><G130/><T40/><D49/><U87/><E68/><V61/><F80/><W50/><G4/><T23/><D78/><U134/><E134/><V31/><F31/><W20/><G20/><T56/><D74/><U131/><E103/><V117/><F117/><W48/><G82/><N who="0" m="49239" /><D23/><U46/><E107/><V22/><F22/><W25/><G25/><T114/><D121/><U10/><E127/><V66/><F61/><N who="3" m="38079" /><G39/><T16/><D118/><U116/><E116/><V2/><F2/><W17/><G17/><T12/><D16/><N who="1" m="8311" /><E27/><V21/><F11/><W70/><G70/><T102/><D12/><U123/><E111/><V135/><F8/><W3/><G3/><T73/><D73/><U6/><E123/><V91/><F135/><W60/><G60/><T29/><D29/><U24/><E131/><V76/><F21/><RYUUKYOKU ba="0,0" sc="244,-10,339,-10,208,-10,209,30" hai3="13,14,41,48,50,52,58" /><INIT seed="7,1,0,2,1,102" ten="234,329,198,239" oya="3" hai0="65,79,120,113,21,36,130,58,0,70,63,39,85" hai1="51,94,50,57,40,48,133,80,3,24,53,127,104" hai2="131,86,12,14,42,84,10,64,107,135,132,26,72" hai3="28,100,34,22,19,108,106,83,68,124,69,13,91"/><W56/><G124/><T47/><D0/><U37/><E104/><V117/><F117/><W93/><G108/><T41/><D120/><U16/><E3/><V96/><F72/><W89/><G89/><T38/><D130/><U62/><E133/><V121/><F131/><W118/><G118/><T119/><D119/><U1/><E1/><V90/><F121/><W110/><G83/><T92/><D113/><U114/><E114/><V75/><F75/><W5/><G5/><T45/><D21/><N who="1" m="13351" /><E37/><V7/><F64/><W27/><G110/><T25/><D25/><U29/><E29/><V11/><F42/><W97/><REACH who="3" step="1"/><G56/><REACH who="3" ten="234,329,198,229" step="2"/><T52/><D79/><U20/><E80/><V4/><F26/><W98/><AGARI ba="1,1" hai="13,19,22,27,28,34,68,69,91,93,97,98,100,106" machi="98" ten="20,12000,1" yaku="1,1,2,1,0,1,7,1,52,1,53,0" doraHai="102" doraHaiUra="73" who="3" fromWho="3" sc="234,-41,329,-41,198,-41,229,133" owari="193,-21.0,288,9.0,157,-34.0,362,46.0" /></mjloggm>