<mjloggm ver="2.3"><GO type="169" lobby="0"/><UN n0="%E3%81%BF%E3%82%84%E3%81%B3%40%E6%9D%B1%E9%A2%A8" n1="%64%75%72%72%72%72%72" n2="%E3%81%AE%E3%81%B3%E3%81%97%E3%82%8D%E2%99%82" n3="%51%6F%6F%50%65%65" dan="16,16,16,16" rate="2113.96,2109.74,2103.84,2161.04" sx="M,M,M,M"/><TAIKYOKU oya="0"/><INIT seed="0,0,0,3,2,13" ten="250,250,250,250" oya="0" hai0="123,20,122,121,8,30,71,50,109,132,62,60,64" hai1="45,70,82,16,115,88,94,133,75,74,55,66,22" hai2="81,25,113,63,17,105,10,73,34,49,48,11,39" hai3="106,65,57,89,0,29,97,9,134,5,51,26,37"/><T18/><D132/><U19/><E133/><V3/><F113/><W36/><G134/><T87/><D109/><U28/><E115/><V38/><F105/><W56/><G56/><T58/><D50/><U59/><E70/><V93/><F49/><W104/><G104/><T90/><D30/><U114/><E114/><V42/><F11/><W112/><G112/><T23/><D8/><U99/><E75/><V72/><F72/><W107/><G107/><T129/><D129/><U84/><E74/><V91/><F63/><W98/><G98/><T92/><REACH who="0" step="1"/><D18/><REACH who="0" ten="240,250,250,250" step="2"/><U102/><E45/><V44/><F17/><N who="1" m="6729" /><E66/><AGARI ba="0,1" hai="20,23,58,60,62,64,66,71,87,90,92,121,122,123" machi="66" ten="40,2000,0" yaku="1,1,53,0" doraHai="13" doraHaiUra="101" who="0" fromWho="1" sc="240,30,250,-20,250,0,250,0" /><INIT seed="0,1,0,2,5,26" ten="270,230,250,250" oya="0" hai0="16,113,24,81,132,0,111,122,1,40,14,115,86" hai1="60,124,15,101,54,69,43,130,71,50,63,85,134" hai2="121,89,25,55,114,88,47,75,11,128,31,96,32" hai3="33,48,105,35,65,12,98,52,13,41,77,51,91"/><T34/><D122/><U95/><E134/><V76/><F128/><W84/><G65/><T103/><D132/><U107/><E107/><V99/><F121/><W74/><G74/><T116/><D116/><U90/><E130/><V49/><F114/><W112/><G112/><T67/><D103/><U42/><E101/><V126/><F126/><W53/><G41/><T5/><D67/><U20/><E124/><V102/><F96/><W36/><G36/><T27/><D40/><N who="1" m="15403" /><E71/><V119/><F119/><W109/><G109/><T61/><D61/><U10/><E20/><V83/><REACH who="2" step="1"/><F11/><REACH who="2" ten="270,230,240,250" step="2"/><W18/><G98/><T3/><D111/><U110/><E110/><V125/><F125/><W118/><G118/><T29/><D115/><U82/><E69/><V117/><F117/><W17/><G105/><AGARI ba="1,1" hai="25,31,32,47,49,55,75,76,83,88,89,99,102,105" machi="105" ten="30,7700,0" yaku="1,1,7,1,52,1,54,1,53,0" doraHai="26" doraHaiUra="9" who="2" fromWho="3" sc="270,0,230,0,240,90,250,-80" /><INIT seed="1,0,0,4,0,89" ten="270,230,330,170" oya="1" hai0="64,6,127,111,42,73,34,28,4,9,53,93,115" hai1="120,30,35,104,43,62,114,66,130,101,51,7,48" hai2="97,65,25,23,99,96,61,83,67,95,26,129,40" hai3="119,69,103,56,47,81,38,12,32,98,58,79,71"/><U126/><E120/><V106/><F129/><W2/><G2/><T49/><D115/><U80/><E114/><V16/><F106/><W37/><G119/><T72/><D111/><U88/><E130/><V54/><F40/><W29/><G12/><T92/><D127/><U59/><E126/><V31/><F83/><W82/><G82/><T135/><D135/><U102/><E7/><V39/><F39/><W87/><G29/><T11/><D42/><U46/><E104/><V21/><F54/><W0/><G0/><T60/><D34/><U100/><E35/><V20/><F20/><W44/><G32/><T18/><D28/><U133/><E30/><V14/><F14/><W94/><G47/><T90/><D73/><U77/><E133/><V110/><F110/><W63/><G58/><T1/><D72/><U19/><E19/><V118/><F118/><W45/><G45/><T27/><D90/><U121/><E121/><V41/><F41/><W132/><G132/><T107/><D107/><U68/><E77/><V84/><F61/><W78/><G78/><T74/><D74/><U36/><REACH who="1" step="1"/><E68/><REACH who="1" ten="270,220,330,170" step="2"/><V3/><F16/><W86/><G71/><T91/><D6/><U109/><E109/><V122/><F31/><W108/><G108/><T33/><D4/><U131/><E131/><V75/><F122/><W52/><G69/><T117/><D18/><U76/><E76/><V55/><F3/><W8/><G79/><T15/><D117/><U125/><E125/><V57/><F75/><W13/><G38/><T22/><D1/><U123/><E123/><V116/><F116/><RYUUKYOKU ba="0,1" sc="270,-10,220,30,330,-10,170,-10" hai1="36,43,46,48,51,59,62,66,80,88,100,101,102" /><INIT seed="1,1,1,5,3,23" ten="260,250,320,160" oya="1" hai0="1,50,49,130,4,70,58,111,21,123,129,98,89" hai1="36,110,0,119,109,116,2,32,85,35,33,28,29" hai2="12,101,132,72,39,9,90,8,17,40,91,125,15" hai3="63,13,93,103,38,45,55,106,83,81,80,73,88"/><U107/><E107/><V76/><F132/><W52/><G106/><T84/><D111/><N who="1" m="42507" /><E85/><V120/><F125/><W43/><G103/><T121/><D70/><U74/><E74/><V25/><F120/><N who="0" m="46154" /><D98/><U95/><E95/><V57/><F101/><W124/><G124/><T77/><D77/><U94/><E94/><V47/><F25/><W7/><G73/><T115/><D115/><U133/><E36/><V100/><F100/><W18/><BYE who="2" /><G7/><UN n2="%E3%81%AE%E3%81%B3%E3%81%97%E3%82%8D%E2%99%82" /><T53/><D50/><U104/><E133/><V19/><F57/><W60/><G60/><T37/><D37/><U79/><E79/><V126/><F126/><W20/><REACH who="3" step="1"/><G63/><REACH who="3" ten="260,250,320,150" step="2"/><T46/><D4/><U67/><E104/><V86/><F72/><W131/><G131/><T27/><D1/><N who="1" m="619" /><E67/><V127/><F127/><W26/><G26/><T87/><D130/><U41/><E41/><V68/><F68/><W10/><G10/><T59/><D129/><U44/><E44/><V71/><F71/><W51/><G51/><T102/><D102/><U22/><E22/><V14/><F14/><W134/><G134/><T66/><D66/><U113/><E113/><V11/><F11/><W54/><G54/><T114/><D114/><U69/><E69/><V48/><F39/><W34/><G34/><T135/><D135/><U64/><E64/><V42/><F40/><W112/><G112/><T75/><D75/><U65/><E65/><V118/><F42/><W16/><G16/><T108/><D108/><U92/><E92/><V3/><F3/><W117/><G117/><AGARI ba="1,2" hai="28,29,32,33,35,116,117,119" m="619,42507" machi="117" ten="40,18000,2" yaku="28,2,14,1,10,1,34,2" doraHai="23" who="1" fromWho="3" sc="260,0,250,203,320,0,150,-183" owari="260,-14.0,453,55.0,320,12.0,-33,-53.0" /></mjloggm>