<mjloggm ver="2.3"><GO type="169" lobby="0"/><UN n0="%58%4B%58%54%4C%50" n1="%E8%B5%A4%E5%9F%8E%E7%9C%9F%E5%AD%90" n2="%E5%B9%BB%E5%BD%B1%E3%81%AE%E9%9F%B3" n3="%E3%81%AF%E3%81%BF%E3%82%82%E3%82%93" dan="16,17,17,18" rate="2088.08,2203.17,2181.80,2227.24" sx="M,F,F,M"/><TAIKYOKU oya="0"/><INIT seed="0,0,0,0,0,131" ten="250,250,250,250" oya="0" hai0="20,38,81,34,41,11,35,13,128,16,12,54,56" hai1="66,22,93,47,23,37,75,30,104,36,50,124,53" hai2="90,82,130,7,105,132,85,1,42,80,51,78,118" hai3="99,88,102,64,2,84,119,62,69,117,6,134,115"/><T91/><D128/><U97/><E124/><V73/><F130/><W43/><G115/><T79/><D38/><U70/><E75/><V44/><F105/><W18/><G43/><T49/><D41/><U4/><E104/><V0/><F118/><W74/><G74/><T63/><D91/><U71/><E4/><V111/><F111/><W126/><G126/><T110/><D110/><U40/><E36/><V121/><F121/><W92/><G134/><T116/><D116/><U133/><E133/><V10/><REACH who="2" step="1"/><F132/><REACH who="2" ten="250,250,240,250" step="2"/><W109/><G109/><T107/><D107/><U108/><E108/><V8/><F8/><W26/><G117/><T61/><D34/><U21/><E30/><V120/><F120/><W67/><G119/><T129/><D35/><U72/><E72/><V60/><F60/><W86/><G62/><T122/><D129/><U59/><REACH who="1" step="1"/><E66/><REACH who="1" ten="250,240,240,250" step="2"/><V9/><F9/><W135/><G67/><T83/><D122/><U5/><E5/><V89/><F89/><AGARI ba="0,2" hai="21,22,23,37,40,47,50,53,59,70,71,89,93,97" machi="89" ten="40,1300,0" yaku="1,1,53,0" doraHai="131" doraHaiUra="103" who="1" fromWho="2" sc="250,0,240,33,240,-13,250,0" /><INIT seed="1,0,0,2,1,47" ten="250,273,227,250" oya="1" hai0="85,76,106,67,36,83,41,9,15,6,53,126,17" hai1="112,80,64,54,55,120,59,131,40,77,16,125,60" hai2="39,128,134,29,37,52,75,63,4,8,11,84,129" hai3="121,74,56,99,82,28,13,43,3,69,57,107,68"/><U23/><E125/><V19/><F75/><W115/><G3/><T49/><D126/><U51/><E131/><N who="2" m="50251" /><F29/><W30/><G115/><T127/><D127/><U102/><E112/><V1/><F134/><W33/><G121/><T98/><D67/><U119/><E120/><V95/><F11/><W20/><G33/><T81/><D36/><U27/><E119/><V122/><F19/><W86/><G74/><T113/><D41/><U21/><E102/><V100/><F122/><W42/><G99/><T123/><D113/><U50/><E21/><V124/><F124/><W38/><G107/><T90/><D123/><U118/><E118/><V31/><F31/><W116/><G38/><T62/><D62/><U24/><E24/><V135/><F135/><W71/><G116/><T110/><D110/><U105/><E105/><V32/><F32/><W70/><G70/><T93/><D106/><U108/><E108/><V34/><F34/><W132/><G71/><T45/><D83/><U46/><REACH who="1" step="1"/><E51/><REACH who="1" ten="250,263,227,250" step="2"/><V104/><F104/><W18/><G132/><T58/><REACH who="0" step="1"/><D45/><REACH who="0" ten="240,263,227,250" step="2"/><U89/><E89/><N who="2" m="53671" /><F100/><W79/><G79/><T72/><D72/><AGARI ba="0,2" hai="16,23,27,40,46,50,54,55,59,60,64,72,77,80" machi="72" ten="30,11600,0" yaku="1,1,7,1,52,1,54,1,53,0" doraHai="47" doraHaiUra="87" who="1" fromWho="0" sc="240,-116,263,136,227,0,250,0" /><INIT seed="1,1,0,2,5,93" ten="124,399,227,250" oya="1" hai0="37,67,5,29,33,17,115,74,62,134,84,10,26" hai1="34,86,47,4,2,80,18,56,61,130,125,102,1" hai2="73,36,8,116,85,23,63,32,42,9,92,41,90" hai3="16,120,112,106,131,107,69,21,126,117,127,50,108"/><U96/><E130/><V66/><F32/><W114/><G69/><T132/><D115/><N who="3" m="44073" /><G120/><T70/><D17/><U22/><E34/><V121/><F121/><W53/><G131/><T65/><D67/><U44/><E125/><N who="3" m="47626" /><G108/><T128/><D128/><U97/><E4/><V46/><F73/><W119/><G50/><T94/><D74/><U27/><E2/><V49/><F116/><N who="3" m="44619" /><G53/><T57/><D37/><U133/><E133/><V100/><F42/><W81/><G81/><T13/><D70/><U25/><E1/><V79/><F79/><W0/><G0/><T75/><D75/><U105/><E27/><AGARI ba="1,0" hai="16,21,27,106,107" m="44619,47626,44073" machi="27" ten="40,5200,0" yaku="18,1,12,1,54,1" doraHai="93" who="3" fromWho="1" sc="124,0,399,-55,227,0,250,55" /><INIT seed="2,0,0,3,3,52" ten="124,344,227,305" oya="2" hai0="58,61,20,36,17,124,81,8,131,25,75,119,87" hai1="1,29,103,95,120,48,77,133,68,19,65,135,27" hai2="42,11,104,38,33,15,96,93,0,69,99,6,59" hai3="35,123,34,97,73,80,47,88,7,16,72,94,54"/><V5/><F69/><W127/><G123/><T63/><D36/><U51/><E1/><V55/><F33/><W67/><G127/><T110/><D124/><U102/><E77/><V134/><F134/><W126/><G126/><T132/><D132/><U30/><E19/><V4/><F38/><W64/><G7/><T24/><D75/><U74/><E74/><V121/><F42/><W2/><G2/><T14/><D110/><U117/><E95/><V118/><F118/><W130/><G72/><T50/><D131/><U79/><E79/><V122/><F104/><W21/><G130/><T66/><D119/><U3/><E3/><V39/><F99/><W105/><G105/><T108/><D108/><U31/><E31/><V89/><F39/><W128/><G128/><T125/><D125/><U71/><E27/><V57/><F57/><W45/><G35/><T32/><D32/><U9/><E9/><V37/><F37/><W23/><G73/><T86/><D24/><U46/><E65/><N who="3" m="25162" /><G23/><T106/><D106/><U13/><E117/><V60/><REACH who="2" step="1"/><F0/><REACH who="2" ten="124,344,217,305" step="2"/><W100/><G34/><T114/><D114/><U101/><E71/><V113/><F113/><W92/><G97/><T10/><D63/><U83/><E68/><V91/><F91/><W53/><G88/><T44/><D81/><U98/><E83/><V26/><F26/><W82/><G80/><T49/><D25/><U107/><E133/><V18/><AGARI ba="0,1" hai="4,5,6,11,15,18,55,59,60,89,93,96,121,122" machi="18" ten="30,11700,0" yaku="1,1,0,1,52,1,53,1" doraHai="52" doraHaiUra="56" who="2" fromWho="2" sc="124,-39,344,-39,217,127,305,-39" /><INIT seed="2,1,0,0,0,71" ten="85,305,344,266" oya="2" hai0="12,67,26,89,23,104,59,80,32,48,9,14,27" hai1="94,38,61,134,1,76,34,133,46,29,96,52,42" hai2="78,74,20,115,86,98,49,118,57,22,6,2,43" hai3="83,92,15,91,77,39,127,122,60,135,37,5,64"/><V90/><F118/><W107/><G122/><T13/><D104/><U28/><E1/><V0/><F115/><W125/><G107/><T75/><D32/><U132/><E76/><V70/><F70/><W119/><G119/><T82/><D75/><U87/><E87/><V120/><F74/><N who="3" m="43447" /><G15/><T109/><D109/><U99/><E34/><V10/><F2/><W7/><G7/><T68/><D68/><U106/><E106/><V63/><F120/><W24/><G24/><T16/><D89/><N who="1" m="55375" /><E99/><V8/><F98/><N who="3" m="57631" /><G5/><T35/><D35/><U112/><E112/><V54/><F78/><W123/><G123/><T130/><D130/><U44/><E44/><N who="2" m="25759" /><F0/><W102/><G102/><T3/><D3/><U11/><E11/><N who="2" m="4139" /><F6/><W111/><G111/><T4/><D26/><U81/><E81/><AGARI ba="1,0" hai="20,22,54,57,63,81,86,90" m="4139,25759" machi="81" ten="30,1500,0" yaku="8,1" doraHai="71" who="2" fromWho="1" sc="85,0,305,-18,344,18,266,0" /><INIT seed="2,2,0,3,1,131" ten="85,287,362,266" oya="2" hai0="113,122,29,1,36,17,70,86,37,68,95,129,112" hai1="11,24,63,115,44,73,83,55,31,109,14,121,21" hai2="10,48,57,118,15,119,2,67,100,84,97,52,91" hai3="93,26,108,130,116,59,78,110,98,33,111,51,124"/><V99/><F2/><W35/><G116/><T92/><D1/><U41/><E109/><V134/><F134/><W18/><G130/><T87/><D29/><U32/><E115/><V12/><F12/><W4/><G4/><T23/><D129/><U6/><E121/><V54/><F67/><W19/><G78/><T64/><D64/><U103/><E103/><V105/><F99/><W82/><G82/><T126/><D122/><U45/><E73/><V58/><F84/><W47/><G59/><T38/><D126/><U120/><E83/><V9/><F91/><W34/><G26/><T3/><D3/><U60/><E32/><V94/><F10/><W56/><G56/><T132/><D132/><U79/><E79/><V62/><REACH who="2" step="1"/><F105/><REACH who="2" ten="85,287,352,266" step="2"/><W90/><REACH who="3" step="1"/><G124/><REACH who="3" ten="85,287,352,256" step="2"/><T8/><D112/><U72/><E120/><V106/><F106/><W85/><G85/><T61/><D113/><U5/><E72/><V102/><F102/><W89/><G89/><T43/><D86/><U53/><E14/><V80/><F80/><W135/><G135/><T40/><D87/><U123/><E123/><V30/><F30/><W125/><G125/><T71/><D92/><U104/><E31/><V50/><F50/><W65/><G65/><T74/><D95/><U0/><E104/><V81/><F81/><W88/><G88/><T96/><D74/><U13/><E13/><V114/><F114/><W27/><G27/><T117/><D37/><U46/><E0/><V16/><AGARI ba="2,2" hai="9,15,16,48,52,54,57,58,62,94,97,100,118,119" machi="16" ten="20,12000,1" yaku="1,1,0,1,7,1,54,2,53,0" doraHai="131" doraHaiUra="69" who="2" fromWho="2" sc="85,-42,287,-42,352,146,256,-42" /><INIT seed="2,3,0,1,4,127" ten="43,245,498,214" oya="2" hai0="58,104,87,60,26,85,3,112,100,89,78,66,133" hai1="34,31,53,114,44,77,57,35,46,27,82,103,61" hai2="83,69,99,73,86,49,64,106,113,15,51,23,118" hai3="134,93,108,122,6,36,105,59,117,115,110,120,125"/><V116/><F73/><W70/><RYUUKYOKU type="yao9" ba="3,0" sc="43,0,245,0,498,0,214,0" hai3="6,36,59,70,93,105,108,110,115,117,120,122,125,134" /><INIT seed="2,4,0,4,0,45" ten="43,245,498,214" oya="2" hai0="107,10,24,127,113,67,57,1,116,125,12,72,70" hai1="64,84,102,120,109,112,29,124,92,54,78,93,69" hai2="11,105,23,100,135,27,97,115,9,35,49,62,50" hai3="34,82,52,91,110,7,41,48,133,61,88,80,87"/><V6/><F135/><W122/><G122/><T66/><D113/><U31/><E112/><V132/><F132/><W55/><G133/><T101/><D72/><U89/><E120/><V44/><F115/><W71/><G34/><T53/><D1/><U96/><E109/><V118/><F118/><W20/><G110/><T77/><D77/><U86/><E124/><V2/><F35/><W76/><G7/><T75/><D75/><U36/><E36/><V60/><F11/><W14/><G71/><T114/><D114/><U0/><E0/><V128/><F128/><W37/><G37/><T15/><D116/><U40/><E40/><V117/><F117/><W94/><G61/><T26/><D101/><U85/><E64/><V42/><REACH who="2" step="1"/><F50/><REACH who="2" ten="43,245,488,214" step="2"/><W21/><G21/><T103/><D127/><U18/><E69/><V126/><F126/><W81/><G20/><T16/><D70/><U99/><E78/><V90/><F90/><W98/><G76/><T5/><D125/><U59/><REACH who="1" step="1"/><E18/><AGARI ba="4,1" hai="2,6,9,18,23,27,42,44,49,60,62,97,100,105" machi="18" ten="30,5800,0" yaku="1,1,7,1,52,1,53,0" doraHai="45" doraHaiUra="74" who="2" fromWho="1" sc="43,0,245,-70,488,80,214,0" /><INIT seed="2,5,0,1,2,125" ten="43,175,568,214" oya="2" hai0="58,77,39,50,86,95,100,18,81,5,114,64,92" hai1="14,24,112,45,124,75,25,7,73,33,38,12,8" hai2="9,22,74,94,82,48,41,3,130,52,21,46,47" hai3="32,122,70,101,115,13,37,116,0,87,128,72,68"/><V99/><F130/><W35/><RYUUKYOKU type="yao9" ba="5,0" sc="43,0,175,0,568,0,214,0" hai3="0,13,32,35,37,68,70,72,87,101,115,116,122,128" /><INIT seed="2,6,0,1,0,133" ten="43,175,568,214" oya="2" hai0="25,8,23,22,46,60,66,80,37,15,94,110,73" hai1="44,38,71,78,17,11,64,30,48,26,2,61,59" hai2="92,83,75,93,4,115,101,56,126,107,95,3,129" hai3="43,39,24,81,6,5,31,102,114,13,53,32,97"/><V29/><F29/><W33/><G33/><T21/><D110/><U131/><E78/><N who="2" m="44511" /><F56/><W67/><G114/><T79/><D94/><N who="2" m="36458" /><F4/><W1/><G1/><T68/><D37/><U19/><E2/><V27/><F27/><W100/><G67/><T35/><D46/><U28/><E11/><V105/><F3/><W87/><G43/><T88/><D35/><U135/><E135/><V42/><F42/><W63/><G39/><T112/><D88/><U10/><E131/><V40/><F40/><W45/><G13/><T36/><D112/><U77/><E77/><V128/><F115/><W62/><G62/><T130/><D130/><N who="2" m="50282" /><F126/><W134/><G24/><T55/><D55/><U9/><E71/><V118/><F118/><W47/><G31/><N who="1" m="11818" /><E38/><V113/><F113/><W14/><G32/><T117/><D36/><U108/><E19/><V103/><N who="2" m="36466" /><V123/><DORA hai="65" /><F123/><W52/><G6/><T104/><D117/><U16/><E17/><V20/><F20/><W119/><G119/><T86/><D25/><U111/><E10/><V12/><F12/><W90/><G14/><T58/><D58/><U69/><E69/><V76/><F76/><W106/><G5/><T89/><D22/><N who="1" m="13639" /><E9/><V98/><F98/><W91/><G97/><T54/><D54/><U85/><E44/><V96/><F96/><W7/><G47/><T127/><D127/><U109/><E48/><V49/><F49/><W125/><G45/><T121/><D21/><U70/><E59/><V41/><F41/><W84/><G125/><T116/><D23/><U57/><E57/><V74/><F74/><RYUUKYOKU ba="6,0" sc="43,-15,175,15,568,15,214,-15" hai1="61,64,70,85,108,109,111" hai2="101,103,105,107" /><INIT seed="2,7,0,4,1,115" ten="28,190,583,199" oya="2" hai0="40,22,129,84,58,15,123,19,49,116,32,36,83" hai1="2,117,98,65,18,113,124,82,87,37,125,31,119" hai2="80,20,8,3,56,17,105,135,10,43,48,91,28" hai3="74,111,103,95,131,104,90,30,21,5,9,97,14"/><V41/><F105/><W126/><G111/><T112/><D112/><U93/><E113/><V88/><F28/><W121/><G126/><N who="1" m="48746" /><E37/><V107/><F107/><W11/><G131/><T38/><D129/><U46/><E2/><V70/><F3/><W45/><G74/><T86/><D123/><U62/><E18/><V44/><F70/><W122/><G11/><N who="2" m="4137" /><F135/><W79/><G79/><T34/><D116/><N who="1" m="44619" /><E46/><V16/><F17/><W67/><G45/><T29/><D86/><U77/><E31/><V26/><F80/><W13/><G30/><T66/><D40/><N who="2" m="15434" /><F56/><W85/><G121/><T133/><D133/><U1/><E1/><V81/><F81/><W68/><G68/><T55/><D66/><U0/><E0/><V73/><F73/><W72/><G67/><T7/><D7/><U78/><E78/><V130/><F130/><W75/><G122/><T42/><D42/><AGARI ba="7,0" hai="16,20,26,42,44,48,88,91" m="15434,4137" machi="42" ten="30,5800,0" yaku="8,1,54,2" doraHai="115" who="2" fromWho="0" sc="28,-79,190,0,583,79,199,0" owari="-51,-55.0,190,-21.0,662,76.0,199,0.0" /></mjloggm>