<mjloggm ver="2.3"><GO type="169" lobby="0"/><UN n0="%E3%83%8A%E3%82%B4%E3%83%A0" n1="%E9%81%8A%E8%B5%B0" n2="%5A%E6%B0%91" n3="%E7%8D%A3%E7%8E%8B%E3%82%AF%E3%83%AD%E3%82%B3%E3%83%80%E3%82%A4%E3%83%B3" dan="16,16,17,16" rate="2131.63,2121.65,2207.22,2136.09" sx="M,F,M,M"/><TAIKYOKU oya="0"/><INIT seed="0,0,0,5,1,62" ten="250,250,250,250" oya="0" hai0="10,104,4,5,75,32,99,8,70,128,45,20,100" hai1="96,103,31,134,126,76,131,12,27,26,51,83,14" hai2="63,1,98,121,43,67,107,49,93,79,129,50,133" hai3="132,94,7,130,125,64,123,86,19,88,78,35,65"/><T44/><D32/><U28/><E126/><V30/><F121/><W37/><G125/><T109/><D128/><U23/><E134/><V54/><F133/><W81/><G132/><T106/><D75/><U122/><E122/><V119/><F1/><W18/><G123/><T0/><D109/><U112/><E112/><V85/><F107/><W69/><G37/><T91/><D70/><U56/><E131/><V73/><F73/><W48/><G69/><T68/><D68/><U13/><E51/><V77/><F129/><W6/><G35/><T3/><D20/><U25/><E56/><N who="2" m="37351" /><F30/><W9/><G48/><T52/><D52/><U60/><E60/><V61/><F119/><W53/><G53/><T108/><D108/><U2/><E2/><V82/><F79/><W90/><G130/><T124/><D124/><U11/><E11/><V95/><F95/><W80/><G94/><T58/><D58/><U102/><E23/><V36/><F36/><W120/><G120/><T66/><D66/><U17/><E17/><V115/><F115/><W59/><G59/><T15/><D15/><U39/><E39/><V110/><F110/><W87/><G9/><T33/><D33/><U55/><E55/><V118/><F43/><W105/><G78/><T89/><REACH who="0" step="1"/><D106/><AGARI ba="0,0" hai="6,7,18,19,64,65,80,81,86,87,88,90,105,106" machi="106" ten="25,8000,1" yaku="22,2,52,2,54,1" doraHai="62" who="3" fromWho="0" sc="250,-80,250,0,250,0,250,80" /><INIT seed="1,0,0,3,4,42" ten="170,250,250,330" oya="1" hai0="84,119,85,63,39,18,54,97,71,24,59,115,23" hai1="99,81,58,28,38,22,109,118,13,114,106,12,124" hai2="102,3,116,8,88,26,33,120,16,135,49,69,72" hai3="89,66,104,73,86,25,64,31,128,79,96,53,93"/><U43/><E118/><V30/><F116/><W40/><G128/><T98/><D119/><U94/><E114/><V133/><F72/><W117/><G117/><T92/><D115/><U105/><E124/><V1/><F120/><W107/><G104/><T123/><D123/><U80/><E109/><V34/><F69/><W111/><G111/><T95/><D71/><U68/><E68/><V47/><F34/><W14/><G40/><T100/><REACH who="0" step="1"/><D39/><REACH who="0" ten="160,250,250,330" step="2"/><U122/><E122/><V51/><F135/><W70/><G70/><T7/><D7/><U76/><E38/><V17/><F133/><W4/><G4/><T55/><D55/><U74/><E43/><V75/><F1/><W44/><G53/><T103/><AGARI ba="0,1" hai="18,23,24,54,59,63,84,85,92,95,97,98,100,103" machi="103" ten="20,8000,1" yaku="1,1,0,1,7,1,9,1,8,1,53,0" doraHai="42" doraHaiUra="113" who="0" fromWho="0" sc="160,90,250,-40,250,-20,330,-20" /><INIT seed="2,0,0,0,1,57" ten="250,210,230,310" oya="2" hai0="31,94,100,51,104,106,54,17,123,129,102,29,70" hai1="95,63,13,99,42,134,97,10,19,86,15,89,93" hai2="121,119,50,9,52,72,24,8,49,40,96,6,81" hai3="18,107,47,105,53,0,103,82,21,2,92,33,60"/><V11/><F119/><W71/><G33/><T4/><D123/><U130/><E134/><V68/><F68/><W108/><G108/><T110/><D110/><U32/><E130/><V37/><F121/><W39/><G82/><T78/><D4/><U101/><E32/><V35/><F37/><W124/><G124/><T112/><D112/><U55/><E42/><V36/><F36/><W5/><G5/><T132/><D132/><U122/><E122/><V62/><F6/><W90/><G47/><T116/><D78/><U79/><E13/><V20/><F35/><W16/><G18/><T14/><D104/><U41/><E41/><V87/><F72/><W34/><G34/><T1/><D106/><U67/><E55/><V128/><F96/><W73/><G73/><T76/><D76/><U75/><E75/><V131/><F40/><W58/><G71/><T22/><D1/><N who="3" m="617" /><G103/><T43/><D43/><U56/><REACH who="1" step="1"/><E79/><REACH who="1" ten="250,200,230,310" step="2"/><N who="2" m="46527" /><F131/><W120/><G120/><T7/><D129/><U117/><E117/><V85/><F128/><W109/><G39/><T83/><D14/><U61/><E61/><V48/><F85/><AGARI ba="0,1" hai="10,15,19,56,63,67,85,86,89,93,95,97,99,101" machi="85" ten="40,5200,0" yaku="1,1,8,1,52,1,53,0" doraHai="57" doraHaiUra="118" who="1" fromWho="2" sc="250,0,200,62,230,-52,310,0" /><INIT seed="3,0,0,5,3,97" ten="250,262,178,310" oya="3" hai0="83,53,44,31,81,103,50,55,76,92,39,16,75" hai1="64,10,62,65,133,130,7,71,79,2,78,6,41" hai2="60,99,109,21,11,57,82,14,3,87,5,122,54" hai3="131,135,15,46,120,27,12,128,70,22,48,30,8"/><W49/><G120/><T115/><D115/><U47/><E133/><V42/><F122/><W35/><G135/><T1/><D1/><U56/><E130/><N who="3" m="49706" /><G70/><T19/><D39/><U68/><E7/><V36/><F109/><W29/><G49/><T26/><D83/><U89/><E89/><V94/><F36/><W38/><G38/><T88/><D103/><U91/><E91/><V67/><F42/><N who="3" m="24663" /><G15/><T121/><D55/><U66/><E56/><V96/><F54/><W132/><G132/><T40/><D53/><U4/><E4/><V119/><F119/><W104/><G104/><T112/><D112/><U25/><E25/><V63/><F63/><W45/><G45/><T24/><D24/><U95/><E66/><V59/><F59/><W33/><G29/><T100/><D100/><U111/><E111/><V129/><F129/><W20/><G35/><T84/><REACH who="0" step="1"/><D121/><REACH who="0" ten="240,262,178,310" step="2"/><U61/><E95/><V101/><F3/><W90/><G90/><T126/><D126/><U13/><E13/><V34/><F14/><W127/><G127/><T98/><D98/><U102/><E102/><V114/><F99/><W51/><G12/><T123/><D123/><U93/><REACH who="1" step="1"/><E93/><REACH who="1" ten="240,252,178,310" step="2"/><V69/><F94/><W72/><G27/><T118/><D118/><U125/><E125/><V73/><F101/><W52/><G33/><AGARI ba="0,2" hai="16,19,26,31,33,40,44,50,75,76,81,84,88,92" machi="33" ten="30,8000,1" yaku="1,1,7,1,54,2,53,1" doraHai="97" doraHaiUra="28" who="0" fromWho="3" sc="240,100,252,0,178,0,310,-80" /><INIT seed="4,0,0,2,3,100" ten="340,252,178,230" oya="0" hai0="1,118,107,78,87,64,38,16,37,105,81,71,60" hai1="132,102,65,75,72,34,17,51,28,52,93,119,134" hai2="25,95,32,11,57,18,56,88,35,4,129,54,42" hai3="108,68,53,23,135,131,15,45,89,8,48,47,63"/><T94/><D118/><U103/><E65/><V91/><F129/><W124/><G108/><T26/><D1/><U99/><E119/><V7/><F42/><W41/><G124/><T128/><D128/><U109/><E109/><V20/><F57/><W14/><G135/><N who="1" m="51754" /><E17/><V69/><F69/><W79/><G79/><T39/><REACH who="0" step="1"/><D94/><REACH who="0" ten="330,252,178,230" step="2"/><U21/><E93/><V125/><F125/><W70/><G131/><T59/><D59/><U106/><E75/><V133/><F133/><W66/><G70/><T2/><D2/><U0/><E72/><V46/><F46/><W112/><G68/><T98/><D98/><U97/><E0/><V43/><F95/><W31/><G47/><T44/><D44/><U12/><E99/><V6/><F43/><W84/><G45/><T30/><D30/><U74/><E74/><V113/><F113/><W96/><G31/><T19/><D19/><U114/><E114/><V40/><F40/><W50/><G41/><T117/><D117/><U9/><E97/><V55/><F56/><W121/><G96/><T111/><D111/><U101/><E102/><V5/><F18/><W24/><G112/><T13/><D13/><U80/><E103/><V123/><F7/><W85/><G15/><T3/><D3/><U90/><E101/><V120/><F6/><W127/><G14/><T115/><D115/><U10/><E12/><V27/><REACH who="2" step="1"/><F11/><REACH who="2" ten="330,252,168,230" step="2"/><W33/><G8/><T130/><D130/><U126/><E9/><V58/><F58/><W82/><G127/><T29/><D29/><U116/><E10/><V67/><F67/><W62/><G66/><RYUUKYOKU ba="0,2" sc="330,15,252,-15,168,15,230,-15" hai0="16,26,37,38,39,60,64,71,78,81,87,105,107" hai2="4,5,20,25,27,32,35,54,55,88,91,120,123" /><INIT seed="4,1,2,0,1,30" ten="345,237,183,215" oya="0" hai0="72,78,56,6,29,69,82,76,43,34,118,14,128" hai1="41,38,80,79,92,57,19,119,98,67,130,42,53" hai2="35,88,96,122,31,58,127,109,12,47,106,2,133" hai3="120,8,4,104,61,132,74,10,22,115,110,21,15"/><T46/><D118/><U91/><E130/><V116/><F2/><W77/><G110/><T64/><D128/><U75/><E119/><V102/><F109/><W39/><G115/><T1/><D78/><U32/><E67/><V99/><F116/><W9/><G132/><T131/><D56/><U112/><E112/><V95/><F122/><W125/><G125/><T24/><D14/><U117/><E117/><V55/><F133/><W20/><G39/><N who="0" m="21887" /><D131/><U26/><E38/><V94/><F127/><W86/><G74/><T25/><D25/><U36/><E36/><V51/><F12/><W114/><G104/><T70/><D64/><U65/><E65/><V3/><F3/><W81/><G114/><T23/><D23/><N who="1" m="13695" /><E32/><V11/><F11/><AGARI ba="1,2" hai="1,6,11,24,29,34,69,70,72,76,82" m="21887" machi="11" ten="30,11600,0" yaku="25,1,33,2,52,1" doraHai="30" who="0" fromWho="2" sc="345,139,237,0,183,-119,215,0" /><INIT seed="4,2,0,2,5,118" ten="484,237,64,215" oya="0" hai0="25,61,132,107,43,94,123,33,108,95,101,45,4" hai1="96,68,67,59,89,64,120,109,47,34,57,117,82" hai2="17,75,90,40,28,93,11,134,1,41,98,77,106" hai3="78,83,56,85,3,104,91,121,73,135,97,39,16"/><T133/><D123/><U72/><E120/><V26/><F134/><W53/><G135/><T70/><D94/><U36/><E117/><V100/><F17/><W124/><G39/><N who="0" m="21759" /><D95/><U114/><E34/><V38/><F38/><W130/><G3/><T19/><D19/><U12/><E109/><V76/><F11/><W46/><G46/><T48/><D48/><U14/><E68/><V88/><F1/><W125/><G130/><T79/><D79/><U0/><E0/><V74/><F74/><W60/><G121/><T110/><D4/><U66/><E114/><V80/><F77/><W81/><REACH who="3" step="1"/><G16/><REACH who="3" ten="484,237,64,205" step="2"/><T35/><D133/><U18/><E47/><V13/><F13/><W15/><G15/><T50/><D132/><U49/><E36/><V63/><F63/><W113/><G113/><T5/><D25/><U31/><E14/><V30/><F30/><W44/><G44/><T102/><D5/><U87/><E12/><V42/><REACH who="2" step="1"/><F106/><REACH who="2" ten="484,237,54,205" step="2"/><W2/><G2/><T119/><D107/><U32/><E31/><V122/><F122/><W84/><G84/><T65/><D110/><U51/><E18/><V105/><F105/><W24/><G24/><T131/><D108/><U126/><E87/><V9/><F9/><W23/><G23/><AGARI ba="2,2" hai="23,26,28,40,41,42,75,76,80,88,90,93,98,100" machi="23" ten="40,2600,0" yaku="1,1,54,1,53,0" doraHai="118" doraHaiUra="10" who="2" fromWho="3" sc="484,0,237,0,54,52,205,-32" /><INIT seed="5,0,0,3,1,13" ten="484,237,106,173" oya="1" hai0="60,23,0,54,40,71,94,114,56,73,9,81,64" hai1="129,121,132,14,18,25,102,22,104,32,43,30,93" hai2="1,36,120,34,62,100,20,116,80,28,83,68,106" hai3="89,87,126,58,92,4,66,41,125,118,50,33,84"/><U7/><E121/><V17/><F116/><W47/><G118/><T134/><D114/><U113/><E113/><V90/><F36/><W72/><G72/><T19/><D40/><U77/><E132/><V111/><F1/><W48/><G33/><T98/><D134/><U79/><E129/><V82/><F111/><W53/><G4/><T112/><D81/><U119/><E119/><V2/><F2/><W123/><G123/><T29/><D29/><U39/><E104/><V117/><F120/><W6/><G6/><T26/><D73/><U69/><E69/><V37/><F37/><W88/><REACH who="3" step="1"/><G66/><REACH who="3" ten="484,237,106,163" step="2"/><T95/><D112/><U12/><E7/><V8/><F117/><W15/><G15/><T63/><D0/><U115/><E12/><V24/><F8/><W49/><G49/><T108/><D9/><U135/><E115/><V96/><F62/><W133/><G133/><T75/><D75/><U97/><E135/><V42/><F68/><W70/><G70/><T57/><D71/><U110/><E110/><V21/><F34/><W109/><G109/><T38/><D38/><U59/><E39/><V103/><F42/><W35/><G35/><T101/><D108/><U5/><E43/><V61/><F61/><W27/><G27/><T10/><D10/><U99/><E5/><V74/><F74/><W91/><G91/><T122/><D122/><U130/><E32/><V105/><F90/><W52/><G52/><T131/><D131/><U86/><E130/><V51/><F51/><W45/><G45/><T3/><D3/><U11/><E11/><V44/><F44/><RYUUKYOKU ba="0,1" sc="484,15,237,-15,106,-15,163,15" hai0="19,23,26,54,56,57,60,63,64,94,95,98,101" hai3="41,47,48,50,53,58,84,87,88,89,92,125,126" /><INIT seed="6,1,1,3,3,125" ten="499,222,91,178" oya="2" hai0="43,76,79,18,72,28,90,114,132,127,134,81,20" hai1="3,59,85,73,68,25,96,39,34,70,83,13,45" hai2="60,21,102,133,118,104,87,69,23,93,116,113,130" hai3="49,4,51,44,33,52,100,56,9,47,10,80,121"/><V123/><F123/><W89/><G33/><T54/><D127/><U111/><E111/><V86/><F113/><W106/><G121/><T64/><D114/><U42/><E59/><V27/><F133/><W30/><G30/><T124/><D124/><U95/><E13/><V0/><F0/><W61/><G106/><T12/><D43/><U6/><E34/><V29/><F23/><W101/><G80/><T108/><D108/><U98/><E25/><V17/><F17/><W31/><G31/><T19/><D64/><U77/><E85/><V128/><F104/><W7/><G89/><T62/><D28/><U8/><E98/><N who="2" m="59727" /><F60/><W58/><G61/><T126/><D126/><U75/><E75/><V5/><F5/><W24/><G24/><T26/><D90/><AGARI ba="1,1" hai="3,6,8,39,42,45,68,70,73,77,83,90,95,96" machi="90" ten="30,3900,0" yaku="7,1,25,2" doraHai="125" who="1" fromWho="0" sc="499,-42,222,52,91,0,178,0" /><INIT seed="7,0,0,3,1,46" ten="457,274,91,178" oya="3" hai0="131,95,83,126,123,110,69,35,14,52,71,107,98" hai1="4,32,90,11,103,63,130,97,27,23,31,39,119" hai2="80,102,72,100,113,57,3,24,33,36,75,29,16" hai3="51,62,5,99,106,86,48,30,17,81,59,108,43"/><W104/><G108/><T61/><D110/><U73/><E39/><V68/><F113/><W60/><G30/><T96/><D123/><U58/><E73/><V50/><F68/><W34/><G34/><T41/><D35/><U74/><E74/><V20/><F36/><W1/><G43/><T8/><D41/><U25/><E130/><V2/><F75/><W87/><G5/><T67/><D126/><U128/><E128/><V94/><F72/><W45/><G45/><T44/><D83/><U0/><E119/><V10/><F80/><W125/><G60/><T89/><D71/><U101/><E90/><V112/><F112/><W77/><G87/><T134/><D134/><U115/><E115/><V15/><F94/><W92/><G1/><T124/><D124/><U66/><E97/><V79/><F79/><W93/><G93/><T19/><D131/><U55/><E55/><N who="2" m="31991" /><F3/><W76/><G77/><T12/><D12/><U37/><E37/><V85/><F85/><W84/><G86/><T117/><D117/><U28/><AGARI ba="0,0" hai="0,4,11,23,25,27,28,31,32,58,63,66,101,103" machi="28" ten="20,1500,0" yaku="0,1,7,1" doraHai="46" who="1" fromWho="1" sc="457,-4,274,15,91,-4,178,-7" owari="453,55.0,289,9.0,87,-41.0,171,-23.0" /></mjloggm>