<mjloggm ver="2.3"><GO type="225" lobby="0"/><UN n0="%E5%8F%A4%E6%98%8E%E5%9C%B0%E8%A6%9A" n1="%3D%E3%81%84%E3%82%8D%E3%81%AF%3D" n2="%E3%81%95%E3%81%8F%E3%82%89%E3%81%93" n3="%E3%83%9E%E3%83%83%E3%82%AF%30%34" dan="16,16,16,16" rate="2028.22,2159.39,2180.02,2150.33" sx="M,M,M,F"/><TAIKYOKU oya="0"/><INIT seed="0,0,0,1,2,114" ten="250,250,250,250" oya="0" hai0="30,134,13,57,119,62,14,41,101,43,18,28,15" hai1="109,79,59,96,105,46,5,36,66,44,94,127,52" hai2="113,78,112,25,39,38,97,104,103,82,8,50,128" hai3="125,27,85,3,72,95,11,53,130,118,77,47,31"/><T29/><D134/><U60/><E109/><V65/><F128/><W42/><G130/><T80/><D119/><U64/><E127/><V123/><F123/><W110/><G125/><T63/><D101/><U122/><E122/><V16/><F65/><W87/><G110/><T12/><D80/><U106/><E79/><V90/><F90/><W49/><G118/><T61/><REACH who="0" step="1"/><D57/><REACH who="0" ten="240,250,250,250" step="2"/><U116/><E116/><V76/><F113/><W23/><G95/><T89/><D89/><U19/><E106/><V33/><F112/><W73/><G77/><T54/><D54/><U40/><E105/><V69/><F78/><W70/><G53/><T93/><D93/><U20/><E46/><V120/><F120/><W124/><G124/><T4/><D4/><U88/><REACH who="1" step="1"/><E5/><REACH who="1" ten="240,240,250,250" step="2"/><V74/><F76/><W1/><G47/><T86/><D86/><U91/><E91/><V98/><F104/><W9/><G85/><T0/><D0/><U67/><E67/><V34/><F103/><W92/><G87/><T111/><D111/><U115/><E115/><V81/><F98/><W135/><G1/><T6/><D6/><U68/><E68/><V132/><F97/><W55/><G70/><T121/><D121/><U35/><E35/><V21/><F69/><W22/><G3/><T133/><D133/><U56/><E56/><V107/><F107/><W83/><G135/><T75/><D75/><U45/><E45/><V51/><F74/><W102/><G72/><T131/><D131/><U2/><E2/><V32/><F132/><W100/><G73/><T26/><D26/><AGARI ba="0,2" hai="19,20,26,36,40,44,52,59,60,64,66,88,94,96" machi="26" ten="30,12000,2" yaku="1,1,7,1,25,2,54,2,53,0" doraHai="114" doraHaiUra="108" who="1" fromWho="0" sc="240,-120,240,140,250,0,250,0" /><INIT seed="1,0,0,0,2,113" ten="120,380,250,250" oya="1" hai0="37,19,17,66,4,70,10,27,23,75,7,30,5" hai1="106,122,21,31,39,116,1,26,51,119,123,13,125" hai2="24,73,2,97,83,118,121,40,12,76,44,47,62" hai3="42,102,114,14,34,117,130,63,88,43,133,3,29"/><U132/><E39/><V79/><F121/><N who="1" m="46089" /><E106/><V93/><F2/><W33/><G3/><T101/><D37/><U46/><E46/><V99/><F118/><N who="1" m="45097" /><E51/><V127/><F127/><W32/><G114/><T71/><D75/><U103/><E103/><V108/><F12/><W84/><G117/><T57/><D101/><U48/><E48/><V53/><F24/><W68/><G130/><T20/><D70/><U28/><E125/><V56/><F76/><W50/><G102/><T129/><D71/><U87/><E87/><V11/><F47/><W126/><G126/><T112/><D112/><U124/><E124/><V25/><F97/><W69/><G50/><T77/><D77/><U104/><E104/><V74/><F74/><W49/><G49/><T0/><D129/><U134/><E28/><V110/><F44/><W131/><G29/><T36/><D36/><U59/><E59/><V105/><F105/><W115/><G131/><T81/><D81/><U58/><E58/><V8/><F40/><N who="3" m="15403" /><G115/><T55/><D66/><U60/><E60/><V15/><F99/><W107/><G107/><T45/><D45/><U120/><E120/><V85/><F73/><W86/><G63/><T52/><D55/><U38/><E38/><V96/><F96/><W61/><G84/><T95/><D30/><U89/><E89/><V94/><F85/><W128/><G128/><T64/><D64/><U67/><E67/><V111/><F62/><W92/><G61/><N who="0" m="36007" /><D95/><U16/><E1/><V80/><F93/><W54/><G69/><T41/><D41/><U82/><E82/><V135/><F79/><RYUUKYOKU ba="0,0" sc="120,15,380,15,250,-15,250,-15" hai0="0,4,5,7,10,17,19,20,23,27" hai1="13,16,21,26,31,132,134" /><INIT seed="1,1,0,0,1,48" ten="135,395,235,235" oya="1" hai0="39,21,77,55,0,90,98,131,115,127,103,19,49" hai1="86,64,28,56,128,62,125,69,118,133,1,31,46" hai2="72,50,123,44,12,104,5,108,63,42,17,80,47" hai3="67,13,132,95,117,68,110,75,102,76,22,61,41"/><U81/><E118/><V126/><F123/><W35/><G35/><T7/><D115/><U105/><E1/><V100/><F126/><W74/><G117/><T129/><D39/><U73/><E125/><V130/><F130/><W24/><G110/><T66/><D127/><U71/><E73/><V2/><F108/><W4/><G41/><T89/><D77/><U10/><E128/><N who="0" m="49225" /><D66/><U23/><E105/><V94/><F104/><W93/><G132/><T57/><D7/><U15/><E46/><V78/><F5/><W3/><G3/><T51/><D0/><U43/><E43/><V84/><F47/><W34/><G34/><T92/><D49/><U11/><E133/><V109/><F109/><W30/><G76/><T52/><D55/><U88/><E10/><V83/><F72/><W38/><G38/><T65/><D65/><U8/><E8/><V87/><F63/><W16/><G4/><T54/><D54/><U96/><E69/><V53/><F42/><W45/><G45/><T106/><D106/><U6/><E71/><V37/><F37/><W107/><G74/><T27/><AGARI ba="1,0" hai="19,21,27,51,52,57,89,90,92,98,103" m="49225" machi="27" ten="30,4000,0" yaku="19,1,52,1,54,1" doraHai="48" who="0" fromWho="0" sc="135,43,395,-21,235,-11,235,-11" /><INIT seed="2,0,0,0,4,108" ten="178,374,224,224" oya="2" hai0="75,105,16,107,8,126,135,96,118,28,3,45,2" hai1="56,104,106,63,98,76,30,116,9,35,72,25,50" hai2="67,87,39,26,74,41,7,43,21,134,77,53,36" hai3="4,27,69,33,97,57,90,101,38,5,120,83,23"/><V10/><F134/><W65/><G120/><T124/><D75/><U47/><E116/><V66/><F74/><W13/><G38/><T88/><D135/><U70/><E70/><V14/><F39/><W129/><G129/><T55/><D28/><U91/><E9/><V94/><F36/><W130/><G130/><T121/><D121/><U89/><E76/><V59/><F77/><W111/><G111/><T92/><D45/><U60/><E60/><V54/><F54/><W78/><G90/><T122/><D55/><U62/><E62/><N who="2" m="36207" /><F94/><N who="3" m="58551" /><G13/><N who="0" m="7207" /><D122/><U128/><E128/><V49/><F87/><N who="3" m="48631" /><G33/><T31/><D31/><U119/><E119/><V58/><F58/><W115/><G69/><T109/><D118/><U6/><E56/><V29/><F49/><W42/><G42/><AGARI ba="0,0" hai="7,10,14,21,26,29,41,42,43,66,67" m="36207" machi="42" ten="30,1500,0" yaku="8,1" doraHai="108" who="2" fromWho="3" sc="178,0,374,0,224,15,224,-15" /><INIT seed="2,1,0,1,1,6" ten="178,374,239,209" oya="2" hai0="50,135,134,109,75,96,93,91,70,101,74,98,123" hai1="68,0,103,54,87,32,111,97,24,4,25,31,15" hai2="64,10,79,78,62,126,33,55,7,80,100,71,72" hai3="84,73,18,51,129,102,89,115,1,5,132,8,119"/><V26/><F126/><W48/><G119/><T59/><D70/><U120/><E120/><V83/><F100/><W77/><G129/><T57/><D50/><U121/><E121/><V19/><F55/><W20/><G132/><N who="0" m="50731" /><D57/><U125/><E68/><V105/><F105/><W28/><G115/><T42/><D59/><U81/><E111/><V94/><F94/><W44/><G28/><T14/><D42/><U128/><E128/><V38/><F38/><W36/><G102/><T37/><D37/><U76/><E0/><V133/><F133/><W35/><G35/><T99/><D123/><U117/><E117/><V45/><F45/><W92/><G73/><N who="0" m="27659" /><D109/><U3/><E125/><V124/><F124/><W27/><REACH who="3" step="1"/><G77/><REACH who="3" ten="178,374,239,199" step="2"/><T82/><D14/><U17/><E15/><N who="2" m="5599" /><F72/><W113/><G113/><T116/><D116/><U107/><E76/><V39/><F78/><W53/><G53/><T43/><D43/><AGARI ba="1,1" hai="1,5,8,18,20,27,36,43,44,48,51,84,89,92" machi="43" ten="40,5200,0" yaku="1,1,52,1,53,1" doraHai="6" doraHaiUra="69" who="3" fromWho="0" sc="178,-55,374,0,239,0,199,65" /><INIT seed="3,0,0,1,1,118" ten="123,374,239,264" oya="3" hai0="12,25,34,99,24,31,131,134,10,40,38,22,124" hai1="82,1,2,46,60,126,119,132,45,61,68,80,74" hai2="86,0,69,133,83,28,128,13,6,116,121,129,104" hai3="7,102,14,33,130,108,105,79,123,63,57,106,71"/><W32/><G71/><T122/><D38/><U42/><E119/><V109/><F116/><W72/><G123/><T101/><D40/><U90/><E74/><V120/><F109/><W15/><G130/><N who="2" m="50281" /><F69/><W73/><G7/><T100/><D131/><U8/><E132/><V77/><F133/><W59/><G63/><T66/><D100/><U23/><E126/><V58/><F104/><W29/><G102/><T84/><D84/><U4/><E23/><V94/><F28/><W52/><G29/><T78/><D78/><U89/><E42/><V26/><F26/><W127/><G79/><T50/><D50/><U81/><E1/><V67/><F94/><W3/><G52/><T16/><D134/><U55/><E61/><N who="2" m="38327" /><F0/><W27/><G27/><T125/><D122/><N who="2" m="47210" /><F13/><W110/><G3/><T135/><D135/><U49/><E2/><V96/><F96/><W88/><G127/><T85/><D85/><U87/><E87/><V111/><F111/><W95/><REACH who="3" step="1"/><G95/><REACH who="3" ten="123,374,239,254" step="2"/><T41/><D41/><U76/><E68/><V47/><F47/><W98/><G98/><T11/><D66/><U65/><E45/><V17/><F17/><W5/><G5/><AGARI ba="0,1" hai="5,6,77,83,86" m="47210,38327,50281" machi="5" ten="30,8000,1" yaku="19,1,13,1,52,3" doraHai="118" who="2" fromWho="3" sc="123,0,374,0,239,90,254,-80" owari="123,-38.0,374,48.0,329,13.0,174,-23.0" /></mjloggm>