<mjloggm ver="2.3"><GO type="169" lobby="0"/><UN n0="%33%6E%6F%6D%79%5F%64%73" n1="%E8%A3%8F%E3%83%89%E3%83%A9%E3%81%AF%E6%81%8B%E4%BA%BA" n2="%E3%83%9E%E3%82%A4%E3%82%B3%E3%83%B3" n3="%E6%84%9B%E5%AE%95%E6%B4%8B%E6%A6%8E%E2%98%85" dan="17,16,17,16" rate="2157.80,2156.20,2217.73,2153.41" sx="M,F,M,F"/><TAIKYOKU oya="0"/><INIT seed="0,0,0,4,3,98" ten="250,250,250,250" oya="0" hai0="131,42,16,6,19,50,129,66,121,53,25,111,97" hai1="74,79,125,32,120,59,89,20,109,45,8,134,61" hai2="130,103,23,122,124,18,9,117,112,62,92,114,14" hai3="115,1,46,88,38,39,21,5,99,58,44,75,65"/><T29/><D121/><U31/><E109/><V90/><F122/><W80/><G115/><T47/><D66/><U81/><E134/><V17/><F124/><W64/><G1/><T101/><D6/><U93/><E125/><V94/><F130/><N who="0" m="49674" /><D42/><U91/><E45/><V27/><F117/><W104/><G5/><T37/><D37/><U36/><E36/><V7/><F94/><W106/><G64/><T60/><D60/><U72/><E8/><V28/><F114/><W116/><G116/><T67/><D67/><U78/><E32/><V15/><F112/><W51/><G46/><T13/><D13/><U30/><E61/><V43/><F43/><W85/><G75/><T3/><D3/><U123/><E59/><V52/><F103/><W110/><G110/><T22/><D111/><U49/><E49/><V71/><F71/><W119/><G119/><T113/><D113/><U102/><E120/><V35/><F35/><W95/><G38/><T126/><D126/><U56/><E123/><V128/><F128/><W40/><G21/><T4/><D4/><U132/><E20/><V86/><REACH who="2" step="1"/><F15/><REACH who="2" ten="250,250,240,250" step="2"/><W70/><G70/><T34/><D34/><U48/><E93/><AGARI ba="0,1" hai="16,19,22,25,29,47,50,53,93,97,101" m="49674" machi="93" ten="30,5800,0" yaku="19,1,52,1,54,1" doraHai="98" who="0" fromWho="1" sc="250,68,250,-58,240,0,250,0" /><INIT seed="0,1,0,5,2,103" ten="318,192,240,250" oya="0" hai0="112,7,67,36,48,66,2,83,123,39,64,60,46" hai1="98,63,24,75,84,16,109,53,27,56,107,76,113" hai2="110,62,43,34,102,0,20,33,122,25,29,77,89" hai3="70,114,12,130,9,52,74,35,127,117,92,120,101"/><T133/><D123/><U90/><E109/><V129/><F110/><W116/><G74/><T71/><D112/><U93/><E113/><V104/><F122/><W40/><G35/><T82/><D7/><U125/><E125/><V72/><F0/><W23/><G70/><T106/><D2/><U94/><E94/><V119/><F129/><W1/><G40/><T108/><D108/><U87/><E87/><V121/><F121/><W41/><G41/><T61/><D133/><U115/><E115/><V31/><F43/><W49/><G127/><T50/><D67/><U54/><E53/><V65/><F89/><W18/><G130/><T68/><D46/><U79/><E79/><V69/><F119/><W44/><G120/><T13/><D13/><U15/><E75/><V6/><F6/><W100/><G114/><T111/><D111/><U4/><E107/><AGARI ba="1,0" hai="36,39,48,50,60,61,64,66,68,71,82,83,106,107" machi="107" ten="25,9600,0" yaku="22,2,52,2" doraHai="103" who="0" fromWho="1" sc="318,99,192,-99,240,0,250,0" /><INIT seed="0,2,0,5,3,16" ten="417,93,240,250" oya="0" hai0="132,12,120,87,116,25,58,11,40,22,70,66,3" hai1="103,81,102,61,94,78,80,38,114,63,117,32,44" hai2="54,88,30,24,17,51,89,29,28,65,67,20,91" hai3="8,83,52,126,15,49,19,129,82,9,75,27,121"/><T23/><D120/><U86/><E32/><V55/><REACH who="2" step="1"/><F55/><REACH who="2" ten="417,93,230,250" step="2"/><W47/><G121/><T107/><D116/><U118/><E117/><V46/><AGARI ba="2,1" hai="17,20,24,28,29,30,46,51,54,65,67,88,89,91" machi="46" ten="30,12000,2" yaku="21,2,2,1,0,1,8,1,52,1,54,1,53,0" doraHai="16" doraHaiUra="74" who="2" fromWho="2" sc="417,-62,93,-32,230,136,250,-32" /><INIT seed="1,0,0,5,0,64" ten="355,61,366,218" oya="1" hai0="54,88,109,129,0,128,66,8,83,61,103,31,133" hai1="81,1,75,91,74,26,87,124,122,17,125,50,43" hai2="33,48,80,100,126,84,35,127,28,40,71,46,72" hai3="79,93,116,25,16,27,52,12,2,123,101,89,67"/><U120/><E1/><V77/><F100/><W6/><G123/><N who="1" m="47146" /><E43/><V102/><F102/><W131/><G116/><T118/><D109/><U119/><E50/><V38/><F71/><W60/><G131/><N who="0" m="50251" /><D118/><U22/><E119/><V23/><F23/><W42/><G101/><T45/><D133/><U5/><E5/><V68/><F68/><W34/><G79/><T117/><D117/><U82/><E81/><V4/><F84/><W108/><G108/><T76/><D76/><U92/><E82/><V32/><F48/><W135/><G135/><T63/><D103/><U94/><E94/><V115/><F28/><W51/><G42/><T36/><D31/><U95/><E95/><V130/><F130/><W7/><G2/><T14/><D0/><U15/><E26/><N who="3" m="9738" /><G34/><T134/><D134/><U111/><E111/><V53/><F53/><W107/><G107/><T21/><D36/><U39/><E39/><V132/><F132/><W10/><G60/><T55/><D63/><U69/><E75/><V44/><F44/><N who="3" m="27751" /><G67/><T106/><D106/><U47/><E74/><V3/><F115/><W97/><AGARI ba="0,0" hai="6,7,10,12,16,89,93,97" m="27751,9738" machi="97" ten="30,4000,0" yaku="8,1,54,2" doraHai="64" who="3" fromWho="3" sc="355,-10,61,-20,366,-10,218,40" /><INIT seed="2,0,0,4,1,131" ten="345,41,356,258" oya="2" hai0="90,11,5,69,67,116,84,35,25,94,121,73,61" hai1="103,75,33,47,81,68,21,101,125,135,107,109,29" hai2="45,92,37,26,117,134,9,16,91,65,17,31,120" hai3="46,32,95,42,43,118,6,108,126,80,20,115,13"/><V128/><F128/><W59/><G118/><T58/><D73/><U132/><E101/><V38/><F117/><W66/><G108/><T2/><D116/><U111/><E47/><V7/><F120/><W40/><G126/><T106/><D106/><U22/><E125/><V122/><F65/><W48/><G115/><T98/><D121/><U50/><E50/><V51/><F38/><W104/><G32/><T44/><D44/><U64/><E21/><V53/><F37/><W77/><G104/><T129/><D129/><U30/><E22/><V71/><F71/><W63/><G95/><T55/><D84/><U52/><E52/><V76/><F76/><W28/><G28/><N who="1" m="10858" /><E33/><V57/><F45/><W49/><G49/><T12/><D35/><U100/><E81/><V0/><F122/><W133/><G20/><T23/><D2/><U1/><E1/><V119/><F119/><W36/><G36/><T83/><D83/><U8/><E8/><V105/><F105/><W123/><G123/><T56/><D55/><U60/><E75/><V34/><REACH who="2" step="1"/><F134/><REACH who="2" ten="345,41,346,258" step="2"/><N who="1" m="51241" /><E103/><V27/><F27/><W18/><G133/><T88/><D90/><U97/><AGARI ba="0,1" hai="60,64,68,97,100,107,109,111" m="51241,10858" machi="97" ten="40,8000,1" yaku="20,1,52,3" doraHai="131" who="1" fromWho="1" sc="345,-20,41,90,346,-40,258,-20" /><INIT seed="3,0,0,5,0,96" ten="325,131,306,238" oya="3" hai0="72,25,56,108,37,57,70,104,131,22,29,132,120" hai1="62,92,83,130,53,118,24,43,101,30,126,26,20" hai2="46,78,5,89,1,49,13,73,21,65,95,116,85" hai3="112,59,9,110,40,35,50,38,36,75,133,11,14"/><W58/><G112/><T41/><D57/><U64/><E130/><V71/><F116/><W47/><G75/><T124/><D56/><U28/><E43/><V103/><F1/><W121/><G121/><T114/><D22/><U68/><E53/><V6/><F71/><W42/><G35/><T80/><D25/><U44/><E44/><V19/><F65/><W102/><G133/><T39/><D29/><U129/><E126/><V84/><F73/><W3/><G110/><T109/><D39/><U63/><E63/><V105/><F105/><W81/><G81/><T23/><D23/><U94/><E129/><V115/><F115/><W34/><G34/><T66/><D66/><U0/><E0/><V123/><F123/><W67/><G3/><T51/><D51/><U79/><E118/><V82/><REACH who="2" step="1"/><F103/><REACH who="2" ten="325,131,296,238" step="2"/><W10/><G102/><T48/><D70/><U117/><E117/><V77/><F77/><W86/><G67/><T87/><D120/><U99/><E28/><V93/><F93/><W4/><G38/><T60/><D104/><U97/><E26/><V16/><F16/><W32/><G36/><T113/><D37/><U98/><REACH who="1" step="1"/><E92/><REACH who="1" ten="325,121,296,238" step="2"/><V128/><F128/><W74/><G42/><AGARI ba="0,2" hai="5,6,13,19,21,42,46,49,78,82,84,85,89,95" machi="42" ten="30,7700,0" yaku="1,1,7,1,8,1,53,1" doraHai="96" doraHaiUra="91" who="2" fromWho="3" sc="325,0,121,0,296,97,238,-77" /><INIT seed="4,0,0,1,3,106" ten="325,121,393,161" oya="0" hai0="36,127,65,59,93,135,12,2,82,7,49,115,32" hai1="114,15,25,10,1,57,100,69,71,120,37,11,26" hai2="99,117,88,122,126,5,121,20,29,81,3,118,4" hai3="19,53,28,116,113,63,98,48,105,128,24,46,107"/><T75/><D36/><U130/><E120/><V112/><F3/><W108/><G108/><T72/><D135/><U111/><E111/><V60/><F60/><W47/><G116/><T41/><D32/><U102/><E37/><V64/><F64/><W9/><G113/><T8/><D2/><U73/><E1/><V103/><F112/><W45/><G128/><T67/><D115/><U31/><E114/><V23/><F126/><W90/><G63/><T61/><D67/><U33/><E57/><V89/><F99/><W74/><G74/><T92/><D127/><U17/><E130/><V42/><F103/><W85/><G107/><T119/><D119/><U86/><E86/><V104/><F104/><W79/><G79/><T21/><D21/><U134/><E134/><V51/><F81/><W27/><G105/><T66/><D66/><U91/><E91/><V18/><F18/><W44/><G98/><T101/><D82/><U35/><E17/><V124/><F124/><W95/><G28/><T125/><D125/><U87/><E87/><V132/><F132/><W52/><REACH who="3" step="1"/><G53/><REACH who="3" ten="325,121,393,151" step="2"/><T13/><D75/><U70/><E31/><V16/><F29/><W80/><G80/><T133/><D72/><U43/><E73/><V14/><F118/><W54/><G54/><T6/><D133/><U38/><E71/><V83/><F83/><W131/><G131/><T39/><D61/><U123/><E123/><V55/><F55/><W50/><G50/><T34/><D59/><U97/><E38/><V94/><F117/><W76/><G76/><T129/><D39/><U62/><E62/><RYUUKYOKU ba="0,1" sc="325,-10,121,-10,393,-10,151,30" hai3="9,19,24,27,44,45,46,47,48,52,85,90,95" /><INIT seed="5,1,1,1,1,85" ten="315,111,383,181" oya="1" hai0="22,48,53,57,113,120,84,23,95,32,35,115,100" hai1="4,76,88,37,29,121,2,38,123,54,14,44,72" hai2="126,19,111,69,15,16,0,78,107,1,42,83,118" hai3="134,101,33,55,20,103,114,18,61,63,128,66,27"/><U133/><E29/><V50/><F111/><W82/><G114/><N who="0" m="43531" /><D120/><U92/><E133/><V106/><F69/><W105/><G128/><T21/><D100/><U5/><E14/><V124/><F118/><W98/><G134/><T52/><D53/><U93/><E54/><V28/><F28/><W56/><G103/><T71/><D71/><U11/><E5/><V131/><F19/><W125/><G125/><N who="2" m="48233" /><F50/><W77/><G33/><T60/><D48/><U17/><E17/><V90/><F42/><W26/><G26/><T112/><D112/><U10/><E93/><V79/><F78/><W9/><G9/><T130/><D130/><U43/><E10/><N who="2" m="6263" /><F90/><AGARI ba="1,1" hai="21,22,23,32,35,52,57,60,84,90,95" m="43531" machi="90" ten="30,3900,0" yaku="15,1,52,1,54,1" doraHai="85" who="0" fromWho="2" sc="315,52,111,0,383,-42,181,0" /><INIT seed="6,0,0,2,2,9" ten="367,111,341,181" oya="2" hai0="7,119,72,99,103,54,116,57,77,56,105,64,108" hai1="44,68,60,95,12,131,59,17,97,62,20,85,110" hai2="80,102,70,29,55,26,133,115,125,24,36,28,82" hai3="8,132,18,27,65,2,76,101,134,30,15,14,61"/><V123/><F70/><W48/><G65/><T88/><D108/><U35/><E110/><V6/><F36/><W41/><G61/><T33/><D33/><U46/><E131/><V67/><F67/><W69/><G69/><T81/><D7/><U1/><E35/><V86/><F123/><W92/><G76/><T87/><D64/><U109/><E1/><V34/><F6/><N who="3" m="1111" /><G101/><T25/><D25/><U51/><E109/><V45/><F102/><W66/><G92/><N who="0" m="54303" /><D54/><N who="1" m="32223" /><E68/><V5/><F5/><W75/><G75/><T107/><D107/><U71/><E71/><V39/><F39/><W118/><G18/><T53/><D57/><U21/><E21/><V129/><F34/><N who="3" m="20831" /><G66/><T50/><AGARI ba="0,0" hai="50,53,56,72,77,81,99,103,105,116,119" m="54303" machi="50" ten="30,2000,0" yaku="24,1,54,1" doraHai="9" who="0" fromWho="0" sc="367,20,111,-5,341,-10,181,-5" /><INIT seed="7,0,0,2,4,89" ten="387,106,331,176" oya="3" hai0="20,77,17,114,30,11,113,118,51,16,83,101,123" hai1="0,50,110,15,35,92,24,124,4,80,65,5,59" hai2="42,61,88,22,87,127,111,64,1,131,99,47,12" hai3="86,29,48,135,58,19,117,120,21,102,94,122,132"/><W81/><G29/><T8/><D123/><U76/><E110/><V3/><F127/><W56/><G117/><T55/><D118/><U133/><E124/><V7/><F131/><W90/><G122/><T34/><D101/><U27/><E133/><N who="3" m="51274" /><G48/><T98/><D98/><U53/><E0/><V31/><F99/><N who="3" m="59767" /><G120/><T103/><D103/><U26/><E35/><V79/><F79/><W126/><G126/><T82/><D34/><U96/><E65/><V44/><F44/><W70/><G70/><T45/><D30/><U14/><E5/><V54/><F54/><W25/><AGARI ba="0,0" hai="19,21,25,56,58,81,86,90" m="59767,51274" machi="25" ten="30,3000,0" yaku="20,1,52,1" doraHai="89" who="3" fromWho="3" sc="387,-10,106,-10,331,-10,176,30" /><INIT seed="7,1,0,0,2,90" ten="377,96,321,206" oya="3" hai0="10,64,71,88,104,134,23,85,93,67,124,130,78" hai1="117,24,86,28,49,31,80,45,36,97,89,5,112" hai2="103,30,12,51,65,15,60,96,127,68,2,98,58" hai3="126,125,108,113,40,118,32,18,52,14,115,25,42"/><W77/><G118/><T47/><D104/><U119/><E36/><V110/><F2/><W8/><G77/><T74/><D134/><U101/><E112/><N who="3" m="43082" /><G108/><T131/><D124/><N who="3" m="47721" /><G52/><T91/><D71/><U11/><E119/><V43/><F110/><W95/><G95/><N who="0" m="54671" /><D10/><U57/><E57/><V76/><F127/><W1/><G1/><T135/><D135/><U59/><E59/><V62/><F76/><W105/><G105/><T116/><D116/><U26/><E117/><V39/><F62/><W132/><G132/><T9/><D9/><U63/><E63/><V41/><F41/><W33/><G33/><T107/><D107/><U56/><E56/><V133/><F133/><W13/><G13/><T4/><D47/><U99/><E99/><V81/><F98/><W53/><G53/><T87/><D78/><U35/><E11/><V29/><F15/><W34/><G34/><T121/><D74/><U84/><E5/><V79/><F12/><W66/><G66/><T83/><D4/><U102/><E97/><V21/><F68/><W54/><G54/><T92/><D67/><U22/><REACH who="1" step="1"/><E84/><REACH who="1" ten="377,86,321,206" step="2"/><N who="2" m="48191" /><F58/><W82/><G82/><T106/><D83/><U123/><E123/><V19/><F60/><W100/><G100/><T7/><D87/><U17/><E17/><V48/><F65/><W70/><G70/><T69/><D7/><U61/><E61/><V109/><F109/><W122/><G122/><T73/><D64/><U50/><E50/><N who="2" m="18987" /><F96/><W72/><G72/><T111/><D73/><U20/><E20/><V44/><F103/><W46/><G46/><T55/><D121/><RYUUKYOKU ba="1,1" sc="377,-30,86,10,321,10,206,10" hai1="22,24,26,28,31,35,45,49,80,86,89,101,102" hai2="19,21,29,30,39,43,44" hai3="8,14,18,25,32,40,42" /><INIT seed="7,2,1,4,2,16" ten="347,96,331,216" oya="3" hai0="37,96,58,125,75,68,57,113,71,120,76,98,127" hai1="10,4,131,31,80,87,66,51,86,122,110,74,48" hai2="134,64,101,111,20,39,124,40,21,103,55,132,59" hai3="84,88,52,49,12,99,117,61,2,43,1,46,102"/><W6/><G117/><T85/><D37/><U34/><E110/><V106/><F124/><N who="0" m="47690" /><D120/><U25/><E122/><V100/><F106/><W90/><G2/><T38/><D38/><U104/><E104/><V0/><F0/><W123/><G123/><T3/><D3/><U114/><E114/><V32/><F32/><W94/><G1/><T23/><D75/><U115/><E115/><V11/><F11/><N who="3" m="4215" /><G84/><T50/><D113/><U129/><E66/><V108/><F64/><W24/><G24/><T28/><D23/><N who="2" m="8778" /><F40/><W44/><G44/><T72/><D72/><U107/><E107/><V63/><F39/><W14/><G14/><T60/><D28/><U92/><E74/><V135/><AGARI ba="2,1" hai="55,59,63,100,101,103,108,111,132,134,135" m="8778" machi="135" ten="40,8000,1" yaku="20,1,52,3" doraHai="16" who="2" fromWho="2" sc="347,-22,96,-22,331,96,216,-42" owari="325,13.0,74,-43.0,427,53.0,174,-23.0" /></mjloggm>