<mjloggm ver="2.3"><GO type="169" lobby="0"/><UN n0="%E6%B2%B3%E5%B6%8B%4B%4B" n1="%E5%A4%A7%E8%94%B5%E9%81%8A%E6%98%9F" n2="%54%61%62%61%73%63%6F" n3="%6B%6F%6B%6F%72%6F%6E%69" dan="17,16,17,16" rate="2192.91,2125.36,2172.22,2159.79" sx="M,F,M,M"/><TAIKYOKU oya="0"/><INIT seed="0,0,0,2,0,86" ten="250,250,250,250" oya="0" hai0="98,126,29,21,27,96,30,68,58,24,101,91,66" hai1="135,48,102,88,41,60,81,25,32,103,57,80,44" hai2="13,110,106,92,62,39,11,36,52,31,54,113,56" hai3="37,84,15,133,0,16,129,6,111,20,117,38,46"/><T8/><D126/><U35/><E135/><V3/><F106/><W115/><G117/><T33/><D58/><U100/><E32/><V22/><F113/><W94/><G115/><T73/><D73/><U120/><E120/><V90/><F3/><W99/><G133/><T112/><D112/><U134/><E134/><V23/><F110/><W74/><G111/><T114/><D114/><U67/><E35/><V10/><F39/><W45/><G74/><T55/><D55/><U7/><E7/><V50/><F36/><W97/><G129/><T42/><D42/><U124/><E124/><V121/><F121/><W95/><G84/><T53/><D53/><U4/><E4/><N who="2" m="3271" /><F11/><W9/><G38/><T19/><D66/><U118/><E118/><V77/><F31/><W130/><G130/><T40/><D40/><U78/><E25/><V18/><F18/><W70/><G70/><T82/><D68/><U64/><E64/><V26/><F77/><W75/><G75/><T93/><D82/><N who="1" m="31851" /><E78/><V47/><F26/><W132/><G132/><T17/><REACH who="0" step="1"/><D8/><REACH who="0" ten="240,250,250,250" step="2"/><U116/><E116/><V12/><F12/><W63/><G45/><T107/><AGARI ba="0,1" hai="17,19,21,24,27,29,30,33,91,93,96,98,101,107" machi="107" ten="20,12000,1" yaku="1,1,2,1,0,1,7,1,52,1,53,0" doraHai="86" doraHaiUra="128" who="0" fromWho="0" sc="240,130,250,-40,250,-40,250,-40" /><INIT seed="0,1,0,1,3,122" ten="370,210,210,210" oya="0" hai0="53,63,60,77,95,108,132,45,66,103,67,99,118" hai1="102,72,105,110,93,70,27,91,92,51,104,48,124" hai2="131,11,15,18,35,68,26,58,16,133,50,83,39" hai3="1,116,121,126,5,74,107,71,100,117,47,31,90"/><T52/><D118/><U24/><E72/><V88/><F39/><W54/><G90/><T34/><D34/><U41/><E70/><V113/><F113/><W114/><G54/><T43/><D132/><U14/><E102/><V23/><F68/><W98/><G47/><T6/><D6/><U21/><E41/><V37/><F37/><W25/><G121/><T65/><D77/><U101/><E101/><V78/><F133/><W40/><G40/><T32/><D32/><U120/><E120/><V97/><F35/><W12/><G12/><T123/><D123/><U79/><E14/><V59/><F50/><W2/><G114/><T33/><D33/><U44/><E79/><V57/><F131/><W134/><G134/><T4/><D4/><U0/><E44/><V119/><F119/><W73/><G126/><T85/><D85/><U111/><E91/><V17/><F17/><W94/><G94/><T36/><D108/><U3/><E21/><V22/><F22/><W62/><G5/><T112/><D112/><U69/><E69/><V55/><F55/><W135/><G135/><T89/><D89/><U127/><AGARI ba="1,0" hai="0,3,24,27,48,51,92,93,104,105,110,111,124,127" machi="127" ten="25,8000,1" yaku="0,1,22,2,52,2" doraHai="122" who="1" fromWho="1" sc="370,-41,210,83,210,-21,210,-21" /><INIT seed="1,0,0,5,4,22" ten="329,293,189,189" oya="1" hai0="83,46,81,79,64,96,37,124,1,23,42,86,80" hai1="135,0,132,73,121,3,114,104,109,36,106,52,125" hai2="54,11,88,93,12,133,84,76,126,118,13,45,65" hai3="105,24,112,115,56,25,29,58,74,120,89,17,67"/><U31/><RYUUKYOKU type="yao9" ba="0,0" sc="329,0,293,0,189,0,189,0" hai1="0,3,31,36,52,73,104,106,109,114,121,125,132,135" /><INIT seed="1,1,0,4,4,14" ten="329,293,189,189" oya="1" hai0="36,33,56,57,110,44,16,128,24,105,63,111,60" hai1="32,29,71,92,48,10,27,102,121,115,30,131,109" hai2="100,74,98,127,6,11,93,34,133,135,87,52,68" hai3="2,103,107,9,79,53,65,83,122,70,62,18,90"/><U42/><E115/><V64/><F74/><W26/><G122/><T76/><D105/><U88/><E121/><V31/><F127/><W72/><G53/><T112/><D76/><U86/><E71/><V35/><F68/><W46/><G46/><T51/><D33/><U119/><E119/><V67/><F35/><W59/><G70/><T22/><D112/><U126/><E126/><V37/><F37/><W120/><G120/><T99/><D99/><U113/><E113/><V114/><F114/><W49/><G49/><T116/><D36/><U61/><E30/><V21/><F34/><W23/><G90/><T81/><D81/><U19/><E61/><N who="0" m="23625" /><D128/><U125/><E131/><V75/><F75/><W55/><G107/><T5/><D5/><U47/><E102/><V0/><F87/><W12/><G2/><T8/><D8/><U108/><REACH who="1" step="1"/><E125/><REACH who="1" ten="329,283,189,189" step="2"/><V82/><F31/><W89/><G103/><T97/><D116/><U25/><E25/><V40/><F100/><W101/><G101/><T91/><D111/><U130/><E130/><V85/><F133/><W66/><G89/><T94/><D110/><U41/><E41/><AGARI ba="1,1" hai="16,22,24,41,44,51,56,57,91,94,97" m="23625" machi="41" ten="30,3900,0" yaku="8,1,52,1,54,1" doraHai="14" who="0" fromWho="1" sc="329,52,283,-42,189,0,189,0" /><INIT seed="2,0,0,1,2,57" ten="381,241,189,189" oya="2" hai0="98,129,113,2,39,24,37,12,4,44,34,102,3" hai1="132,20,134,104,23,112,91,130,117,25,118,78,41" hai2="107,100,26,52,105,58,11,135,19,35,67,106,80" hai3="88,7,116,10,42,110,45,103,74,65,61,90,68"/><V131/><F135/><N who="1" m="51753" /><E104/><V97/><F131/><W31/><G116/><N who="1" m="44650" /><E78/><V93/><F67/><W66/><G74/><T108/><D113/><U120/><E91/><V27/><F80/><W55/><G110/><T109/><D98/><U99/><E99/><V89/><F35/><W13/><G103/><T48/><D102/><U17/><E41/><V33/><F33/><W5/><G31/><N who="0" m="19815" /><D12/><N who="1" m="9255" /><E112/><V38/><F38/><W128/><G55/><T43/><D129/><U21/><E130/><V71/><F71/><W9/><G128/><T63/><D63/><U95/><E95/><V115/><F115/><W84/><G84/><T62/><D62/><U94/><E94/><V73/><F73/><W56/><G68/><T72/><D72/><U133/><N who="1" m="51761" /><U6/><DORA hai="22" /><E120/><V29/><F100/><W83/><G83/><T70/><D70/><U47/><E47/><V114/><F114/><W87/><G87/><T77/><D77/><U8/><E25/><V1/><F27/><W76/><G66/><T121/><D121/><U36/><E36/><V16/><F26/><W122/><G76/><T101/><D101/><U75/><E75/><V51/><REACH who="2" step="1"/><F29/><REACH who="2" ten="381,241,179,189" step="2"/><W64/><G64/><T96/><D39/><U124/><E124/><V125/><F125/><W0/><G122/><T18/><D37/><AGARI ba="0,1" hai="0,5,7,9,10,13,37,42,45,56,61,65,88,90" machi="37" ten="30,3900,0" yaku="7,1,52,1,54,1" doraHai="57,22" who="3" fromWho="0" sc="381,-39,241,0,179,0,189,49" /><INIT seed="3,0,0,4,4,34" ten="342,241,179,238" oya="3" hai0="95,7,108,75,122,65,59,45,86,5,78,102,98" hai1="90,41,127,8,53,2,17,52,125,110,25,56,21" hai2="38,4,60,97,111,114,89,118,0,123,106,101,62" hai3="116,117,93,132,23,124,57,61,104,109,11,54,43"/><W46/><G104/><T1/><D122/><U26/><E110/><V63/><F118/><W81/><G93/><T50/><D108/><U6/><E41/><V92/><F111/><W37/><G109/><T100/><D75/><U131/><E131/><V15/><F114/><W120/><G23/><T51/><D102/><U88/><E26/><V77/><F38/><W99/><G99/><T121/><D1/><U119/><E119/><V33/><F33/><W70/><G120/><T133/><D133/><U69/><E69/><V44/><F77/><W58/><G81/><N who="0" m="47415" /><D121/><U31/><E31/><V64/><F15/><W32/><G32/><T107/><D107/><U130/><E130/><V30/><F30/><W91/><G91/><N who="1" m="34858" /><E56/><V28/><F28/><W49/><G11/><T112/><D112/><U96/><E96/><V9/><F44/><W36/><G132/><T79/><D79/><U35/><E35/><V72/><F72/><W84/><G84/><T68/><D68/><U24/><E24/><V103/><F123/><W71/><G124/><AGARI ba="0,0" hai="2,6,8,17,21,25,52,53,124,125,127" m="34858" machi="124" ten="30,7700,0" yaku="18,1,52,1,54,2" doraHai="34" who="1" fromWho="3" sc="342,0,241,77,179,0,238,-77" /><INIT seed="4,0,0,3,0,100" ten="342,318,179,161" oya="0" hai0="33,130,78,131,98,26,127,66,80,54,94,70,102" hai1="72,35,56,134,50,76,39,99,82,108,12,91,85" hai2="87,90,123,112,21,29,68,31,9,75,89,13,5" hai3="48,15,51,64,37,117,42,113,88,57,44,125,63"/><T3/><D3/><U132/><E39/><V36/><F75/><W46/><G15/><T1/><D1/><U60/><E35/><V11/><F68/><W27/><G27/><T133/><D54/><U69/><E69/><V114/><F36/><W10/><G10/><T115/><D115/><U129/><E50/><V62/><F123/><W30/><G30/><T55/><D55/><U38/><E38/><V67/><F90/><W28/><G28/><T14/><D14/><U122/><E122/><V111/><F111/><W92/><G117/><T109/><D26/><U41/><E41/><V81/><F21/><W20/><G20/><T105/><D33/><U96/><E12/><V126/><F126/><W93/><G125/><T40/><D40/><U107/><E56/><N who="2" m="37319" /><F11/><W7/><G7/><T0/><D0/><U45/><E45/><V2/><F2/><W25/><G25/><T16/><D133/><U59/><E108/><V61/><F61/><W118/><G118/><T104/><D127/><U49/><E49/><V120/><F120/><W119/><G119/><T73/><D109/><U124/><E124/><V101/><F101/><W19/><G19/><T71/><D16/><U86/><E134/><V110/><F110/><W34/><G34/><T24/><D71/><U97/><E132/><V22/><F22/><W106/><G37/><T53/><D24/><U32/><E32/><V135/><F135/><W18/><G18/><T58/><D70/><U52/><E72/><V4/><F4/><W83/><G42/><T23/><D73/><U103/><E129/><V79/><F79/><RYUUKYOKU ba="0,0" sc="342,-15,318,15,179,15,161,-15" hai1="52,59,60,76,82,85,86,91,96,97,99,103,107" hai2="5,9,13,29,31,81,87,89,112,114" /><INIT seed="5,1,0,3,4,21" ten="327,333,194,146" oya="1" hai0="44,87,91,13,76,29,108,28,84,35,104,57,124" hai1="22,19,63,116,94,40,101,49,135,95,2,37,99" hai2="93,83,72,16,64,74,115,119,134,17,25,125,105" hai3="132,20,89,10,68,15,90,12,114,69,67,100,55"/><U129/><E116/><V70/><F119/><W5/><G132/><T112/><D104/><U1/><E135/><V111/><F134/><W30/><G114/><T60/><D108/><U78/><E37/><V73/><F105/><W3/><G100/><T120/><D112/><U98/><E129/><V56/><F115/><W52/><G67/><T50/><D124/><U131/><E131/><V113/><F113/><W38/><G38/><T118/><D120/><U6/><E78/><V128/><F111/><W11/><G3/><T42/><D35/><U45/><E63/><V14/><F128/><W59/><G69/><T0/><D0/><U66/><E66/><V65/><F70/><W41/><G68/><T82/><D13/><U133/><E6/><V121/><F121/><W47/><G47/><T24/><D24/><U27/><REACH who="1" step="1"/><E133/><REACH who="1" ten="327,323,194,146" step="2"/><V4/><F65/><W109/><G109/><T26/><D118/><U33/><E33/><V48/><F64/><W34/><G34/><T97/><D60/><U54/><E54/><V58/><F4/><W7/><G41/><T127/><D42/><U81/><E81/><V77/><F83/><W106/><G106/><T85/><D82/><U122/><E122/><V96/><F77/><W53/><REACH who="3" step="1"/><G59/><REACH who="3" ten="327,323,194,136" step="2"/><T46/><D57/><U123/><E123/><V102/><F58/><W75/><G75/><T23/><D46/><U71/><E71/><V107/><F107/><W88/><G88/><AGARI ba="1,2" hai="1,2,19,22,27,40,45,49,88,94,95,98,99,101" machi="88" ten="30,11600,0" yaku="1,1,7,1,52,1,54,1,53,0" doraHai="21" doraHaiUra="79" who="1" fromWho="3" sc="327,0,323,139,194,0,136,-119" /><INIT seed="5,2,0,0,4,35" ten="327,462,194,17" oya="1" hai0="48,24,6,60,79,130,74,87,41,59,23,104,45" hai1="57,132,33,97,44,56,135,38,43,91,0,17,127" hai2="113,118,73,76,126,69,89,80,82,12,47,3,18" hai3="98,81,39,114,37,31,108,115,123,78,13,106,85"/><U36/><E33/><V120/><F120/><W26/><G123/><T25/><D104/><U32/><E32/><V133/><F118/><W128/><G128/><T21/><D74/><U119/><E119/><V62/><F126/><W122/><G122/><T90/><D79/><U29/><E29/><V19/><F133/><N who="1" m="51273" /><E127/><V51/><F113/><N who="3" m="43019" /><G108/><T129/><D129/><U96/><E36/><V5/><F19/><W40/><G13/><T131/><D131/><U65/><E17/><V107/><F107/><W100/><G40/><T94/><D130/><U88/><E0/><V77/><F89/><N who="1" m="34377" /><E65/><V95/><F18/><W86/><G86/><T14/><D6/><U49/><E57/><V63/><F3/><W66/><G66/><T16/><REACH who="0" step="1"/><D23/><AGARI ba="2,0" hai="23,26,31,37,39,78,81,85,98,100,106" m="43019" machi="23" ten="30,1000,0" yaku="15,1" doraHai="35" who="3" fromWho="0" sc="327,-16,462,0,194,0,17,16" /><INIT seed="6,0,0,2,2,66" ten="311,462,194,33" oya="2" hai0="76,60,77,55,91,123,100,135,96,101,23,5,88" hai1="108,37,72,56,116,87,85,20,67,80,19,133,49" hai2="94,113,53,73,78,82,81,11,1,125,127,83,126" hai3="97,31,57,115,75,84,14,98,117,52,121,79,130"/><V26/><F113/><W10/><G117/><T18/><D123/><U30/><E37/><V110/><F110/><W2/><G121/><T65/><D5/><U15/><E72/><V112/><F112/><W86/><G2/><T119/><D135/><U22/><E116/><V132/><F132/><W45/><G115/><T3/><D3/><U12/><E133/><V35/><F94/><W118/><G118/><T131/><D131/><U8/><E108/><V36/><F36/><W41/><G130/><T104/><D101/><U6/><E85/><V34/><F53/><W129/><G75/><T62/><D55/><U89/><E30/><N who="2" m="19799" /><F35/><W103/><G129/><T68/><D62/><N who="1" m="38343" /><E49/><V0/><F0/><W59/><G31/><T114/><D114/><U42/><E42/><V46/><F46/><W120/><G120/><T17/><D17/><U93/><E93/><V69/><F69/><W61/><G57/><T44/><D44/><U90/><E22/><V74/><F74/><W7/><G103/><T95/><D119/><U51/><E51/><V21/><F21/><W16/><G7/><AGARI ba="0,0" hai="1,7,11,73,78,81,82,83,125,126,127" m="19799" machi="7" ten="30,1500,0" yaku="18,1" doraHai="66" who="2" fromWho="3" sc="311,0,462,0,194,15,33,-15" /><INIT seed="6,1,0,0,2,128" ten="311,462,209,18" oya="2" hai0="43,74,116,72,4,86,83,91,130,51,133,38,115" hai1="26,73,79,63,17,93,13,9,62,2,57,94,104" hai2="69,106,119,78,96,84,15,105,25,132,8,20,111" hai3="5,50,114,101,99,109,102,16,90,39,126,81,60"/><V35/><F119/><W92/><G39/><T87/><D38/><U6/><E104/><V85/><F69/><W41/><G109/><T28/><D28/><U107/><E107/><V40/><F35/><W47/><G126/><T103/><D4/><U125/><E125/><V122/><F122/><W64/><G114/><T58/><D58/><U117/><E117/><V19/><F111/><W70/><G81/><T42/><D116/><U100/><E63/><V54/><F40/><W3/><G3/><T55/><D103/><U7/><E7/><V48/><F96/><W0/><G0/><T61/><D61/><U36/><E36/><V88/><F78/><W44/><G5/><T112/><D55/><U75/><E26/><V68/><F68/><W53/><G47/><T21/><D21/><U82/><E75/><V56/><F85/><W1/><G1/><T118/><D51/><U131/><E100/><V110/><F110/><W124/><G41/><N who="0" m="15371" /><D130/><U37/><E37/><V113/><F113/><N who="0" m="43594" /><D118/><U10/><REACH who="1" step="1"/><E131/><REACH who="1" ten="311,452,209,18" step="2"/><V18/><F106/><W24/><REACH who="3" step="1"/><G124/><REACH who="3" ten="311,452,209,8" step="2"/><T120/><D120/><U77/><E77/><V23/><F105/><W67/><G67/><AGARI ba="1,2" hai="2,6,9,10,13,17,57,62,67,73,79,82,93,94" machi="67" ten="30,2000,0" yaku="1,1,7,1,53,0" doraHai="128" doraHaiUra="27" who="1" fromWho="3" sc="311,0,452,43,209,0,8,-23" owari="311,11.0,495,60.0,209,-19.0,-15,-52.0" /></mjloggm>