<mjloggm ver="2.3"><GO type="185" lobby="0"/><UN n0="%E9%80%9F%E8%A6%8B%E5%B9%B8%E4%B8%80" n1="%6E%65%6F%E3%82%BD%E3%83%83%E3%82%AF%E3%82%B9%E2%99%AA" n2="%E9%9B%AA%E6%9D%91%E5%8D%83%E7%B5%B5%E8%8E%89" n3="" dan="17,18,17,0" rate="2055.97,2251.53,2282.59,1500.00" sx="M,M,F,C"/><TAIKYOKU oya="0"/><INIT seed="0,0,0,5,2,121" ten="350,350,350,0" oya="0" hai0="35,118,66,67,69,98,49,93,38,77,78,64,115" hai1="134,51,130,133,36,102,83,108,48,62,33,2,114" hai2="112,126,54,110,43,32,119,57,123,127,42,71,124" hai3=""/><T79/><D35/><U105/><E2/><V70/><N who="2" m="31520" /><V116/><F32/><T128/><D118/><N who="2" m="45098" /><F112/><T59/><D115/><U94/><E36/><V101/><F101/><T53/><D38/><U117/><E117/><V122/><N who="2" m="31264" /><V97/><F97/><T34/><D34/><U84/><E105/><V91/><F91/><T56/><D128/><U81/><E130/><V103/><F103/><T125/><D125/><U55/><E102/><V50/><F110/><T45/><D69/><AGARI ba="0,0" hai="42,43,50,54,57,69,70,71,124,126,127" m="31264,45098,31520" machi="69" ten="40,12000,2" yaku="18,1,12,1,34,2,52,2" doraHai="121" who="2" fromWho="0" sc="350,-120,350,0,350,120,0,0" /><INIT seed="1,0,0,5,3,133" ten="230,350,470,0" oya="1" hai0="57,58,34,131,67,76,117,79,126,72,75,102,113" hai1="110,87,47,135,91,68,122,125,115,100,112,63,69" hai2="88,107,36,40,48,106,104,78,111,82,81,95,62" hai3=""/><U118/><N who="1" m="31264" /><U38/><E118/><V54/><F111/><T0/><D113/><U60/><E135/><V132/><F132/><T80/><D131/><U66/><E100/><V37/><F40/><T101/><D34/><U97/><E97/><V108/><F108/><T55/><D0/><U43/><E110/><V96/><F62/><T73/><D117/><U42/><E42/><V83/><REACH who="2" step="1"/><F78/><REACH who="2" ten="230,350,460,0" step="2"/><T35/><D79/><U134/><E134/><V90/><F90/><T44/><D76/><U2/><E2/><V89/><F89/><T61/><D61/><U71/><E63/><V92/><F92/><T98/><D80/><U56/><REACH who="1" step="1"/><E125/><REACH who="1" ten="230,340,460,0" step="2"/><V99/><F99/><T114/><D126/><U85/><E85/><V109/><F109/><T77/><D98/><U93/><AGARI ba="0,2" hai="38,43,47,56,60,66,68,69,71,87,91,93,112,115" m="31264" machi="93" ten="30,4000,0" yaku="1,1,0,1,52,1,53,0" doraHai="133" doraHaiUra="124" who="1" fromWho="1" sc="230,-20,340,60,460,-20,0,0" /><INIT seed="1,1,0,2,4,113" ten="210,400,440,0" oya="1" hai0="134,3,51,61,117,116,105,32,68,37,85,35,99" hai1="67,63,96,58,84,126,69,102,40,41,95,115,103" hai2="132,122,70,77,92,123,80,56,86,59,111,90,100" hai3=""/><U108/><E115/><V44/><N who="2" m="31264" /><V101/><N who="2" m="31520" /><V89/><F111/><T119/><D37/><U128/><E126/><V47/><F132/><T38/><D38/><U104/><E128/><V73/><F70/><T133/><D3/><U94/><E108/><V33/><F33/><N who="0" m="12874" /><D51/><U118/><E118/><V82/><F101/><T76/><D105/><U62/><E103/><V88/><F100/><T45/><D45/><U52/><REACH who="1" step="1"/><E84/><REACH who="1" ten="210,390,440,0" step="2"/><V109/><F109/><T65/><D99/><U43/><AGARI ba="1,1" hai="40,41,43,52,58,62,63,67,69,94,95,96,102,104" machi="43" ten="30,7800,0" yaku="1,1,2,1,0,1,54,1,53,0" doraHai="113" doraHaiUra="75" who="1" fromWho="1" sc="210,-40,390,90,440,-40,0,0" /><INIT seed="1,2,0,5,5,111" ten="170,480,400,0" oya="1" hai0="68,105,77,61,128,89,72,48,131,78,124,98,104" hai1="96,62,112,1,64,39,133,102,88,97,132,53,79" hai2="83,38,119,91,126,116,58,84,114,65,2,134,130" hai3=""/><U94/><E1/><V127/><F2/><T92/><D48/><U36/><E112/><V118/><F38/><T121/><N who="0" m="31008" /><T100/><D61/><U120/><N who="1" m="30752" /><U67/><E79/><N who="0" m="30217" /><D68/><U82/><E53/><V135/><F114/><T54/><D54/><U86/><E97/><V57/><F130/><N who="0" m="49706" /><D72/><U123/><N who="1" m="31520" /><U110/><E110/><V41/><F41/><T45/><D45/><U95/><E67/><V99/><F99/><T66/><D66/><U51/><E51/><V63/><REACH who="2" step="1"/><F58/><REACH who="2" ten="170,480,390,0" step="2"/><T113/><D113/><U40/><E40/><V46/><F46/><T43/><D43/><U44/><E44/><V50/><F50/><T108/><D108/><U80/><E39/><V85/><F85/><T55/><D124/><AGARI ba="2,1" hai="57,63,65,83,84,91,116,118,119,124,126,127,134,135" machi="124" ten="50,3200,0" yaku="1,1,18,1,53,0" doraHai="111" doraHaiUra="32" who="2" fromWho="0" sc="170,-36,480,0,390,46,0,0" /><INIT seed="2,0,0,1,0,131" ten="134,480,436,0" oya="2" hai0="92,39,129,85,81,107,46,65,51,88,64,68,83" hai1="63,117,105,126,133,90,106,44,76,61,103,69,38" hai2="54,111,40,99,110,97,79,78,120,33,84,72,73" hai3=""/><V0/><N who="2" m="30752" /><V94/><F0/><T67/><D107/><U66/><E126/><V121/><N who="2" m="31008" /><V115/><F33/><T91/><D129/><U77/><E117/><V108/><F40/><T59/><D68/><U127/><E127/><V47/><F47/><T102/><D39/><U36/><E90/><V124/><F124/><T82/><D102/><U95/><E95/><V128/><F128/><T58/><REACH who="0" step="1"/><D91/><REACH who="0" ten="124,480,436,0" step="2"/><U50/><E103/><V35/><F35/><T62/><D62/><U71/><E38/><V52/><F115/><T43/><AGARI ba="0,1" hai="43,46,51,58,59,64,65,67,81,82,83,85,88,92" machi="43" ten="30,6000,1" yaku="1,1,0,1,8,1,54,1,53,1" doraHai="131" doraHaiUra="87" who="0" fromWho="0" sc="124,70,480,-20,436,-40,0,0" /><INIT seed="4,0,0,4,3,81" ten="194,460,396,0" oya="0" hai0="72,63,103,121,69,35,37,56,134,116,50,92,132" hai1="88,112,127,38,131,60,61,76,87,45,95,135,57" hai2="78,129,125,49,70,84,96,119,115,40,89,98,39" hai3=""/><T86/><N who="0" m="31008" /><T128/><D116/><U120/><N who="1" m="30752" /><U107/><E107/><V83/><F115/><T62/><D37/><U97/><E112/><V113/><F113/><T51/><D72/><U32/><E32/><V85/><F119/><T102/><D35/><U67/><E135/><N who="0" m="51753" /><D128/><U93/><E127/><V79/><F129/><T100/><D69/><U53/><E131/><V130/><F125/><T106/><D106/><U55/><E76/><V99/><F70/><T71/><D71/><U104/><E104/><V41/><F79/><T118/><D118/><U114/><E114/><V124/><F124/><T117/><D117/><U108/><E108/><V82/><F130/><T59/><D59/><U94/><E61/><N who="0" m="23049" /><D56/><U105/><E105/><V48/><F39/><T109/><D109/><U58/><E58/><V73/><F73/><T122/><N who="0" m="31264" /><T133/><N who="0" m="51761" /><T43/><DORA hai="0" /><D43/><AGARI ba="0,0" hai="40,41,43,48,49,78,82,83,84,85,89,96,98,99" machi="43" ten="40,5200,0" yaku="8,1,52,2" doraHai="81,0" who="2" fromWho="0" sc="194,-52,460,0,396,52,0,0" /><INIT seed="5,0,0,4,4,82" ten="142,460,448,0" oya="1" hai0="68,130,45,78,67,97,131,41,81,119,134,135,42" hai1="110,87,120,104,106,2,61,69,113,60,57,114,3" hai2="111,36,118,116,94,74,56,77,44,80,109,34,50" hai3=""/><U89/><N who="1" m="30752" /><U39/><E39/><V0/><F0/><N who="1" m="41" /><E69/><V76/><F34/><T84/><D42/><U58/><E89/><V63/><F36/><T49/><D97/><U115/><E87/><V75/><F94/><T108/><D108/><U100/><E100/><V71/><F71/><T62/><REACH who="0" step="1"/><D119/><REACH who="0" ten="132,460,448,0" step="2"/><U54/><E110/><V133/><F111/><T127/><D127/><U93/><E106/><V73/><F109/><T55/><D55/><U64/><E104/><V46/><F116/><T102/><D102/><U96/><E96/><V122/><F118/><T85/><D85/><U70/><E54/><V98/><F98/><T107/><D107/><U53/><E53/><V33/><F74/><T48/><D48/><U35/><E115/><V101/><F101/><T125/><D125/><U66/><E114/><V129/><F50/><T52/><D52/><U103/><E113/><V92/><F73/><T40/><D40/><U79/><E103/><V38/><F75/><T83/><D83/><U123/><E123/><V47/><F80/><T117/><D117/><U121/><E121/><V51/><F51/><T32/><D32/><U88/><E35/><V37/><N who="2" m="31264" /><V105/><F105/><T95/><D95/><U132/><E93/><RYUUKYOKU ba="0,1" sc="132,20,460,-10,448,-10,0,0" hai0="41,45,49,62,67,68,78,81,84,130,131,134,135" /><INIT seed="6,1,1,1,1,111" ten="152,450,438,0" oya="2" hai0="115,44,58,121,104,40,63,79,87,42,94,76,97" hai1="82,66,127,45,50,65,49,105,133,114,93,39,99" hai2="52,91,33,113,100,2,126,73,62,122,75,102,134" hai3=""/><V64/><N who="2" m="31264" /><V125/><F33/><T59/><N who="0" m="31008" /><T60/><D87/><U69/><E114/><V108/><F2/><T85/><D85/><U132/><E127/><N who="2" m="48651" /><F108/><T84/><D84/><U106/><E39/><V43/><F113/><T81/><D97/><U37/><E37/><V116/><F116/><T130/><D130/><U96/><E82/><V41/><F134/><N who="1" m="51817" /><E50/><V51/><F91/><T129/><D129/><U107/><E69/><V3/><F3/><T95/><D81/><U117/><E117/><V67/><F67/><N who="1" m="25609" /><E93/><V57/><F41/><AGARI ba="1,1" hai="41,45,49,96,99,105,106,107" m="25609,51817" machi="41" ten="40,1300,0" yaku="20,1" doraHai="111" who="1" fromWho="2" sc="152,0,450,25,438,-15,0,0" owari="152,-45.0,475,43.0,423,2.0,0,0.0" /></mjloggm>