<mjloggm ver="2.3"><GO type="169" lobby="0"/><UN n0="%E3%81%97%E3%81%BE%E3%81%98%E3%82%8D%E3%81%86%32%2E%30" n1="%E6%BD%AE%E9%A8%92" n2="%E5%A4%A7%E6%98%9F%E2%98%86%E6%B7%A1" n3="%E3%83%97%E3%83%AC%E3%82%B9%E3%83%97" dan="17,16,17,17" rate="2223.66,2143.12,2203.97,2183.26" sx="M,F,M,M"/><TAIKYOKU oya="0"/><INIT seed="0,0,0,0,5,78" ten="250,250,250,250" oya="0" hai0="118,70,71,31,32,67,74,72,123,59,10,120,46" hai1="24,135,87,0,121,40,1,129,88,41,55,43,13" hai2="21,63,39,119,53,44,42,84,80,124,125,114,60" hai3="134,2,6,104,108,45,17,61,23,15,107,64,93"/><T99/><D59/><U48/><E129/><V98/><F114/><W35/><G108/><T86/><D86/><U95/><E135/><V94/><F119/><W36/><G134/><T22/><D22/><U5/><E121/><V29/><F53/><W116/><G116/><T131/><D118/><U33/><E5/><V77/><F29/><W75/><G93/><T102/><D10/><U110/><E110/><V85/><F85/><W109/><G109/><T115/><D46/><U91/><E13/><V111/><F21/><W38/><G38/><T79/><D115/><U89/><E0/><V97/><F97/><W50/><G36/><T66/><D131/><U65/><E1/><V4/><F4/><W83/><G35/><T132/><D132/><U19/><E65/><V12/><F12/><W68/><G6/><T113/><D113/><U105/><E105/><V25/><F25/><W56/><G56/><T127/><D127/><N who="2" m="48714" /><F111/><W16/><G17/><T82/><D74/><U69/><E33/><V18/><F18/><W8/><G8/><T101/><D67/><U37/><E37/><V28/><F28/><W52/><REACH who="3" step="1"/><G2/><REACH who="3" ten="250,250,250,240" step="2"/><T130/><D130/><U126/><E126/><V106/><F106/><W47/><G47/><T7/><D7/><U58/><E69/><V9/><F9/><W49/><G49/><T117/><D71/><U76/><E19/><V34/><F34/><W30/><G30/><T96/><D117/><U27/><E95/><V100/><AGARI ba="0,1" hai="39,42,44,60,63,77,80,84,94,98,100" m="48714" machi="100" ten="30,2000,0" yaku="18,1,52,1" doraHai="78" who="2" fromWho="2" sc="250,-10,250,-5,250,30,240,-5" /><INIT seed="1,0,0,1,4,109" ten="240,245,280,235" oya="1" hai0="27,45,13,0,84,35,25,119,14,134,68,52,43" hai1="1,75,74,114,96,126,91,54,31,61,16,120,87" hai2="95,24,86,3,32,39,100,115,76,6,36,85,104" hai3="51,93,113,56,67,123,41,50,48,34,69,97,30"/><U18/><E120/><V66/><F86/><W47/><G123/><T101/><D134/><U12/><E1/><V108/><F108/><W29/><G34/><T60/><D119/><U111/><E111/><V46/><F95/><W53/><G113/><T89/><D0/><U65/><E126/><V112/><F85/><W9/><G9/><T116/><D116/><U121/><E121/><V129/><F76/><W44/><G69/><T33/><D101/><U17/><E114/><N who="2" m="43563" /><F66/><W88/><REACH who="3" step="1"/><G67/><REACH who="3" ten="240,245,280,225" step="2"/><T42/><D35/><U94/><E65/><V28/><F129/><W21/><G21/><T58/><D33/><U63/><E74/><V131/><F131/><W22/><G22/><T10/><D68/><U73/><E75/><V62/><F62/><W125/><G125/><T98/><D10/><U40/><E73/><V23/><F23/><W118/><G118/><T83/><D60/><U19/><E61/><V37/><F3/><W92/><G92/><T78/><D78/><U5/><E63/><V64/><F64/><W38/><G38/><T124/><D124/><U79/><E79/><V4/><F46/><W127/><G127/><T20/><D45/><U59/><E94/><V90/><F90/><W26/><G26/><T49/><D27/><U15/><E91/><V57/><F57/><W71/><G71/><T130/><D130/><U2/><E59/><V133/><F133/><W117/><G117/><T82/><D25/><U102/><E2/><V7/><F37/><W80/><G80/><T55/><D83/><U122/><N who="1" m="4096" /><DORA hai="99" /><U135/><E135/><V77/><F77/><RYUUKYOKU ba="0,1" sc="240,-15,245,-15,280,15,225,15" hai2="4,6,7,24,28,32,36,39,100,104" hai3="29,30,41,44,47,48,50,51,53,56,88,93,97" /><INIT seed="2,1,1,3,3,114" ten="225,230,295,240" oya="2" hai0="117,25,54,5,76,88,51,50,63,53,85,38,134" hai1="52,42,73,72,12,46,17,111,91,118,81,89,21" hai2="112,56,105,75,127,93,124,82,126,19,43,58,55" hai3="78,24,65,123,23,121,67,110,113,57,68,101,96"/><V104/><F112/><W36/><G113/><T10/><D134/><U29/><E111/><V6/><F43/><W119/><G110/><T28/><D38/><U14/><E118/><V106/><F6/><W132/><G36/><T84/><D117/><U3/><E3/><V97/><F19/><W129/><G132/><T109/><D109/><U33/><E33/><V4/><F4/><W100/><G129/><T103/><D103/><U34/><E34/><V98/><F98/><W45/><G45/><T48/><D63/><U86/><E29/><V99/><F99/><W80/><G68/><T16/><D84/><U35/><E35/><V77/><REACH who="2" step="1"/><F55/><REACH who="2" ten="225,230,285,240" step="2"/><W2/><G119/><T133/><D133/><U83/><E52/><N who="0" m="20073" /><D28/><U61/><E42/><V90/><AGARI ba="1,2" hai="56,58,75,77,82,90,93,97,104,105,106,124,126,127" machi="90" ten="40,7800,0" yaku="1,1,0,1,18,1,53,0" doraHai="114" doraHaiUra="32" who="2" fromWho="2" sc="225,-27,230,-27,285,101,240,-27" /><INIT seed="2,2,0,5,4,135" ten="198,203,386,213" oya="2" hai0="133,1,35,115,124,122,123,11,17,92,91,50,5" hai1="2,47,51,134,99,57,56,102,39,9,81,24,119" hai2="131,3,53,58,7,23,0,41,77,25,129,108,62" hai3="72,120,87,54,49,31,117,65,20,95,105,75,79"/><V32/><F32/><W128/><G117/><T85/><D133/><U74/><E119/><V132/><F132/><W127/><G120/><T27/><D115/><U64/><E64/><V6/><F77/><W43/><G105/><T103/><D103/><U8/><E24/><V106/><F106/><W89/><G128/><N who="2" m="49225" /><F41/><W29/><G65/><T22/><D124/><U118/><E9/><V126/><F126/><W114/><G114/><T116/><D116/><U82/><E82/><V28/><F108/><W84/><G43/><T42/><REACH who="0" step="1"/><D35/><REACH who="0" ten="188,203,386,213" step="2"/><U44/><E118/><V40/><F40/><W55/><G127/><T19/><D19/><U97/><E102/><V121/><F121/><W67/><G31/><T76/><D76/><U26/><E134/><V21/><F21/><W90/><G79/><T46/><AGARI ba="2,1" hai="1,5,11,17,22,27,42,46,50,85,91,92,122,123" machi="46" ten="30,4000,0" yaku="1,1,0,1,53,1" doraHai="135" doraHaiUra="34" who="0" fromWho="0" sc="188,56,203,-12,386,-22,213,-12" /><INIT seed="3,0,0,4,1,112" ten="244,191,364,201" oya="3" hai0="127,90,75,66,1,85,125,108,109,81,44,26,95" hai1="123,92,73,24,110,121,129,77,12,38,100,19,46" hai2="52,122,41,48,3,2,21,74,56,116,61,58,62" hai3="105,84,5,70,37,114,27,101,103,107,8,29,36"/><W30/><G114/><T16/><D1/><U115/><E115/><V59/><F122/><W63/><G30/><T78/><D66/><U124/><E24/><V45/><F116/><W60/><G84/><T133/><D44/><U113/><E113/><V40/><F74/><W43/><G63/><T68/><D68/><U32/><E32/><V47/><F21/><W54/><G43/><T9/><D133/><U86/><E38/><N who="2" m="21655" /><F2/><W42/><G42/><T31/><D9/><U17/><E46/><N who="2" m="27671" /><F3/><N who="3" m="63" /><G54/><T28/><D28/><U76/><E12/><V51/><AGARI ba="0,0" hai="41,47,51,56,58,59,61,62" m="27671,21655" machi="51" ten="30,12000,2" yaku="35,5,54,1" doraHai="112" who="2" fromWho="2" sc="244,-30,191,-30,364,120,201,-60" /><INIT seed="4,0,0,3,2,118" ten="214,161,484,141" oya="0" hai0="12,90,26,66,123,96,23,14,44,37,92,99,120" hai1="133,100,101,3,125,30,76,11,131,10,91,126,78" hai2="88,53,46,95,75,18,21,97,40,27,13,22,122" hai3="86,107,56,45,81,8,112,0,54,102,111,128,63"/><T110/><D110/><U124/><E30/><V119/><F119/><W85/><G111/><T114/><D114/><U71/><E71/><V9/><F75/><W19/><G112/><T4/><D66/><U6/><E131/><V65/><F122/><W70/><G128/><T39/><D96/><U72/><E133/><V28/><F65/><W74/><G70/><T2/><D2/><U49/><E72/><V52/><REACH who="2" step="1"/><F9/><REACH who="2" ten="214,161,474,141" step="2"/><W117/><G117/><T77/><D120/><U134/><E11/><V62/><F62/><W48/><G74/><T69/><D123/><U127/><E127/><V29/><F29/><W16/><G8/><T132/><D132/><U31/><E134/><V108/><F108/><W35/><G63/><T64/><D64/><U55/><E31/><V34/><F34/><W38/><G35/><T87/><D69/><U83/><E10/><V105/><F105/><W79/><G107/><T47/><D4/><U80/><E6/><V82/><F82/><W94/><G81/><N who="0" m="47535" /><D37/><AGARI ba="0,1" hai="13,18,21,22,27,28,37,40,46,52,53,88,95,97" machi="37" ten="30,8000,1" yaku="1,1,7,1,54,2,53,1" doraHai="118" doraHaiUra="15" who="2" fromWho="0" sc="214,-80,161,0,474,90,141,0" /><BYE who="0" /><INIT seed="5,0,0,0,1,59" ten="134,161,564,141" oya="1" hai0="67,8,117,26,92,119,69,106,25,51,61,40,2" hai1="89,49,54,71,3,105,99,86,29,43,107,5,79" hai2="46,35,0,129,88,30,15,114,60,102,36,131,94" hai3="17,56,87,113,132,128,42,9,85,135,134,11,31"/><U41/><E71/><V123/><F0/><W118/><G113/><T33/><D33/><U111/><E111/><V112/><F102/><W81/><G118/><UN n0="%E3%81%97%E3%81%BE%E3%81%98%E3%82%8D%E3%81%86%32%2E%30" /><T19/><D106/><U47/><E29/><V13/><F123/><W64/><G128/><T97/><D26/><U63/><E79/><V52/><F30/><W98/><G42/><T100/><D25/><U14/><E3/><V21/><F35/><W24/><G98/><T57/><D19/><U44/><E99/><V133/><F133/><W62/><G17/><T16/><D2/><U7/><E105/><V37/><F37/><W78/><REACH who="3" step="1"/><G87/><REACH who="3" ten="134,161,564,131" step="2"/><T18/><D18/><U91/><E86/><V83/><F131/><W76/><G76/><T1/><D1/><U101/><E5/><V95/><F129/><W120/><G120/><T45/><REACH who="0" step="1"/><D69/><REACH who="0" ten="124,161,564,131" step="2"/><U38/><E7/><V103/><F114/><W72/><G72/><T93/><D93/><U73/><E73/><V90/><F94/><W6/><G6/><T12/><AGARI ba="0,2" hai="8,12,16,40,45,51,57,61,67,92,97,100,117,119" machi="12" ten="30,7900,0" yaku="1,1,0,1,52,1,54,1,53,0" doraHai="59" doraHaiUra="122" who="0" fromWho="0" sc="124,99,161,-39,564,-20,131,-20" /><INIT seed="6,0,0,1,1,99" ten="223,122,544,111" oya="2" hai0="10,97,81,127,125,83,61,25,77,44,122,7,101" hai1="107,5,110,57,92,130,23,1,52,12,33,96,20" hai2="119,42,6,80,46,105,63,38,126,28,40,74,85" hai3="67,65,19,30,29,49,34,2,45,71,53,115,98"/><V50/><F105/><W60/><G2/><N who="0" m="375" /><D122/><U37/><E110/><V84/><F6/><W95/><G115/><T113/><D113/><U24/><E37/><V102/><F102/><W39/><G34/><T121/><D121/><U58/><E130/><V36/><F126/><N who="0" m="48138" /><D77/><U75/><E75/><V120/><F28/><W73/><G73/><T26/><D44/><U78/><E78/><V82/><F46/><W56/><G19/><T108/><D108/><U35/><E107/><V54/><F74/><W62/><REACH who="3" step="1"/><G39/><REACH who="3" ten="223,122,544,101" step="2"/><T51/><D26/><U59/><E1/><V109/><F36/><W16/><G16/><T13/><D25/><U66/><E35/><V68/><F38/><W15/><G15/><T27/><D13/><U55/><E33/><V76/><F109/><W131/><G131/><T94/><D27/><U0/><E0/><V69/><F120/><W3/><G3/><T104/><D61/><U124/><E124/><V87/><F63/><W117/><G117/><T32/><D32/><U21/><E24/><V47/><F119/><W14/><G14/><T72/><D72/><U103/><E66/><V91/><F50/><W134/><G134/><T128/><D128/><U48/><E48/><V88/><F80/><W118/><G118/><T100/><D51/><U90/><E5/><V116/><F82/><W4/><G4/><T17/><D17/><U70/><E12/><V8/><F116/><W86/><G86/><T111/><D111/><U41/><E21/><V114/><F85/><W129/><G129/><T93/><D81/><U9/><E20/><V89/><F87/><RYUUKYOKU ba="0,1" sc="223,-10,122,-10,544,-10,101,30" hai3="29,30,45,49,53,56,60,62,65,67,71,95,98" /><INIT seed="7,1,1,5,0,110" ten="213,112,534,131" oya="3" hai0="111,13,80,56,119,29,79,11,70,58,69,35,65" hai1="120,103,22,26,118,97,44,27,72,15,73,82,92" hai2="75,10,117,122,3,48,87,95,100,54,91,25,6" hai3="84,109,129,89,16,131,93,107,101,126,46,8,45"/><W135/><G109/><T39/><D119/><U98/><E120/><V62/><F122/><W88/><G126/><T85/><D39/><U4/><E118/><V43/><F75/><W24/><G135/><T31/><D70/><U42/><E98/><V38/><F38/><W60/><G60/><T134/><D134/><U51/><E82/><V28/><F43/><W121/><G121/><T47/><D47/><U9/><E27/><V21/><F100/><W59/><G59/><T74/><D35/><U49/><E51/><V50/><F117/><W128/><G89/><T125/><D125/><U64/><E64/><V37/><F37/><W108/><G108/><T19/><D111/><U20/><E20/><V113/><F48/><W127/><G127/><T114/><D74/><U63/><E63/><V68/><F50/><W17/><G24/><T55/><D69/><U30/><AGARI ba="1,1" hai="4,9,15,22,26,30,42,44,49,72,73,92,97,103" machi="30" ten="20,1500,0" yaku="0,1,7,1" doraHai="110" who="1" fromWho="1" sc="213,-5,112,28,534,-5,131,-8" owari="208,1.0,140,-26.0,529,63.0,123,-38.0" /></mjloggm>