<mjloggm ver="2.3"><GO type="169" lobby="0"/><UN n0="%E9%95%B7%E5%B2%A1" n1="%E3%82%84%E3%81%AE%E3%81%A1" n2="%E3%81%97%E3%81%BE%E3%81%A0%E3%81%BE%32" n3="%48%61%7A%61%6D%61%78" dan="16,17,16,16" rate="2083.87,2135.64,2117.43,2131.40" sx="M,M,M,M"/><TAIKYOKU oya="0"/><INIT seed="0,0,0,1,3,52" ten="250,250,250,250" oya="0" hai0="95,27,117,62,77,116,134,59,85,53,91,121,65" hai1="73,24,16,75,5,125,87,66,88,48,14,93,72" hai2="33,126,89,82,98,15,97,6,51,100,25,36,127" hai3="86,101,8,31,96,18,29,11,112,123,3,38,47"/><T35/><D121/><U9/><E125/><V28/><F36/><W22/><G123/><T42/><D134/><U114/><E66/><V119/><F6/><W57/><G112/><T122/><D122/><U30/><E114/><V46/><F15/><W19/><G86/><T49/><D42/><U13/><E48/><V10/><F10/><W113/><G113/><T104/><D104/><U90/><E90/><V12/><F12/><W70/><G70/><T108/><D108/><U26/><REACH who="1" step="1"/><E30/><REACH who="1" ten="250,240,250,250" step="2"/><V40/><F119/><W132/><G31/><T64/><D64/><U37/><E37/><V4/><F127/><W120/><G29/><T131/><D77/><U130/><E130/><V78/><F126/><W74/><G38/><T109/><D131/><U133/><E133/><V111/><F89/><W94/><G132/><T76/><D109/><U81/><E81/><V84/><F111/><W43/><G120/><T103/><D76/><U2/><E2/><V17/><F100/><W63/><G3/><T21/><D103/><U7/><E7/><V56/><F4/><W39/><G19/><T55/><D65/><U0/><E0/><V61/><F17/><W92/><G18/><T69/><D116/><U105/><E105/><V115/><F115/><W107/><G107/><T129/><D117/><U124/><E124/><V44/><F44/><W118/><G101/><T99/><D129/><U71/><E71/><V80/><REACH who="2" step="1"/><F80/><REACH who="2" ten="250,240,240,250" step="2"/><W135/><G118/><T67/><D91/><U106/><E106/><V41/><F41/><W1/><G135/><T54/><D69/><U79/><E79/><RYUUKYOKU ba="0,2" sc="250,-15,240,15,240,15,250,-15" hai1="5,9,13,14,16,24,26,72,73,75,87,88,93" hai2="25,28,33,40,46,51,56,61,78,82,84,97,98" /><INIT seed="1,1,2,0,3,73" ten="235,255,255,235" oya="1" hai0="5,68,42,64,53,14,85,67,41,27,51,104,30" hai1="108,110,13,44,33,129,26,117,19,46,61,119,80" hai2="83,71,107,118,12,102,123,78,90,97,124,75,125" hai3="21,103,121,77,39,56,101,63,57,91,126,130,55"/><U24/><E129/><V2/><F71/><W112/><G121/><T36/><D104/><U58/><E33/><V114/><F123/><W88/><G112/><T31/><D36/><U4/><E4/><V109/><F12/><W23/><G39/><T132/><D132/><U62/><E80/><V120/><F120/><W28/><G126/><N who="2" m="48745" /><F2/><W59/><G77/><T0/><D0/><U93/><E93/><V35/><F35/><W6/><G6/><T38/><D38/><U82/><E82/><V134/><F134/><W11/><G11/><N who="0" m="4463" /><D85/><U16/><E13/><V48/><F48/><W76/><G76/><T100/><D68/><U95/><E95/><V127/><F114/><W25/><G23/><T32/><D32/><U52/><E58/><N who="3" m="22634" /><G130/><T135/><D135/><U37/><E37/><V94/><F127/><W9/><G9/><T15/><D15/><U50/><E50/><V98/><F118/><W8/><G8/><T79/><D79/><U116/><E116/><V20/><F20/><W3/><G3/><T29/><D27/><U69/><E69/><V89/><F109/><W86/><G86/><T66/><D100/><AGARI ba="1,2" hai="75,78,83,89,90,94,97,98,100,102,107" m="48745" machi="100" ten="30,7700,0" yaku="18,1,34,2,52,1" doraHai="73" who="2" fromWho="0" sc="235,-80,255,0,255,100,235,0" /><AGARI ba="1,0" hai="21,25,28,55,59,63,88,91,100,101,103" m="22634" machi="100" ten="30,2000,0" yaku="8,1,54,1" doraHai="73" who="3" fromWho="0" sc="155,-20,255,0,355,0,235,20" /><INIT seed="2,0,0,3,4,113" ten="135,255,355,255" oya="2" hai0="67,74,7,79,20,78,17,6,34,63,123,111,83" hai1="39,25,131,43,33,26,117,94,109,106,81,97,4" hai2="27,49,28,66,130,22,71,53,80,120,61,68,65" hai3="73,60,89,37,128,72,70,134,1,98,86,12,38"/><V103/><F120/><W31/><G134/><T24/><D123/><U62/><E131/><V99/><F130/><W18/><G1/><T32/><D111/><U95/><E109/><V21/><F80/><W82/><G31/><T5/><REACH who="0" step="1"/><D79/><REACH who="0" ten="125,255,355,255" step="2"/><U51/><E117/><V119/><F119/><W56/><G128/><T91/><D91/><U45/><E106/><V13/><F71/><AGARI ba="0,1" hai="5,6,7,17,20,24,32,34,63,67,71,74,78,83" machi="71" ten="40,1300,0" yaku="1,1,53,0" doraHai="113" doraHaiUra="54" who="0" fromWho="2" sc="125,23,255,0,355,-13,255,0" /><INIT seed="3,0,0,3,1,134" ten="148,255,342,255" oya="3" hai0="2,81,31,49,107,18,38,76,37,50,84,85,95" hai1="20,94,77,54,35,111,19,133,63,68,47,114,52" hai2="83,40,108,55,34,109,118,74,117,113,42,70,120" hai3="53,106,131,22,78,64,100,110,15,21,39,99,58"/><W30/><G131/><T98/><D2/><U112/><E111/><N who="2" m="42571" /><F34/><W73/><G110/><T102/><D31/><U23/><E133/><V11/><F74/><W127/><G39/><T87/><D37/><U1/><E1/><V80/><F70/><W10/><G64/><T6/><D38/><U75/><E35/><V51/><F11/><W82/><G30/><T62/><D6/><U46/><E75/><V69/><F80/><W5/><REACH who="3" step="1"/><G127/><REACH who="3" ten="148,255,342,245" step="2"/><T129/><D129/><U101/><E114/><V57/><F113/><W123/><G123/><T7/><D76/><U14/><E112/><V27/><F120/><W105/><G105/><T13/><D107/><U66/><E77/><V92/><F117/><W59/><G59/><T130/><D130/><U96/><E47/><V4/><F69/><W71/><G71/><T33/><D33/><U128/><E46/><V12/><F118/><W28/><G28/><T103/><D81/><U119/><E119/><V97/><F83/><W36/><G36/><T3/><D95/><U116/><E116/><V93/><F92/><W24/><G24/><T135/><D135/><U32/><E32/><V0/><F27/><W72/><G72/><T104/><D104/><U29/><E128/><V25/><F25/><W125/><G125/><T45/><D45/><U90/><E29/><V88/><F0/><W122/><G122/><T91/><D3/><U60/><E68/><V67/><F67/><W132/><G132/><T17/><D13/><U89/><E66/><V86/><F12/><W115/><G115/><T65/><D65/><U9/><E14/><RYUUKYOKU ba="0,1" sc="148,-10,255,-10,342,-10,245,30" hai3="5,10,15,21,22,53,58,73,78,82,99,100,106" /><INIT seed="3,1,1,2,0,33" ten="138,245,332,275" oya="3" hai0="76,20,106,12,54,121,50,118,135,57,31,101,80" hai1="133,18,102,88,19,99,49,105,72,3,89,116,39" hai2="48,120,122,83,77,10,96,112,97,37,9,51,28" hai3="104,123,67,62,44,134,16,93,65,131,69,110,132"/><W100/><G123/><N who="2" m="47145" /><F37/><W24/><G131/><T59/><D121/><U127/><E39/><V47/><F28/><W125/><G125/><T4/><D118/><U98/><E127/><V27/><F27/><W117/><G117/><T35/><D135/><N who="3" m="51753" /><G67/><T91/><D35/><U23/><E72/><V81/><F112/><W74/><G44/><T34/><D34/><U115/><E115/><V60/><F60/><W128/><G74/><T84/><D59/><U111/><E133/><V25/><F25/><W114/><G114/><T45/><D57/><U17/><E116/><V129/><F129/><W5/><G5/><T38/><D38/><U14/><E111/><V124/><F51/><W90/><G110/><T43/><D31/><U53/><E105/><V108/><F108/><W68/><G100/><T30/><D101/><U85/><E102/><V36/><F36/><W95/><G104/><T79/><D106/><U103/><E103/><V130/><F130/><W2/><G69/><T40/><D30/><U94/><E99/><N who="2" m="37963" /><F124/><W7/><G128/><T78/><REACH who="0" step="1"/><D4/><REACH who="0" ten="128,245,332,275" step="2"/><U11/><E18/><AGARI ba="1,2" hai="12,18,20,40,43,45,50,54,76,78,79,80,84,91" machi="18" ten="40,5200,0" yaku="1,1,2,1,8,1,53,0" doraHai="33" doraHaiUra="29" who="0" fromWho="1" sc="128,75,245,-55,332,0,275,0" /><INIT seed="4,0,0,5,0,127" ten="203,190,332,275" oya="0" hai0="56,30,49,118,90,73,26,122,20,84,98,133,105" hai1="11,68,77,94,104,72,19,114,24,87,111,5,51" hai2="55,129,18,100,8,93,23,112,95,12,107,63,88" hai3="29,135,45,134,82,17,69,9,81,28,106,4,7"/><T117/><D122/><U1/><E104/><V40/><F112/><W57/><G69/><T121/><D121/><U83/><E114/><V74/><F74/><W79/><G106/><T61/><D133/><U42/><E111/><V103/><F107/><W108/><G108/><T110/><D73/><U131/><E68/><V123/><F40/><W91/><G57/><T66/><D110/><U16/><E24/><V116/><F116/><W35/><G45/><T22/><D22/><U27/><E27/><V124/><F124/><W65/><G65/><T97/><D49/><U58/><E131/><V115/><F129/><W60/><G60/><T31/><D31/><U3/><E3/><V102/><F115/><W47/><G47/><T86/><D86/><U96/><E72/><V10/><F95/><W130/><G91/><T132/><D132/><U80/><E80/><V14/><F123/><W76/><G9/><T67/><D67/><U15/><E1/><V125/><F125/><W36/><G35/><T32/><D32/><U2/><E2/><V0/><F0/><W39/><G17/><T78/><D78/><U33/><E33/><V53/><F63/><W109/><G109/><T21/><D21/><U92/><E92/><V101/><F23/><W120/><G120/><T13/><D13/><U75/><E75/><V59/><F59/><W119/><G119/><N who="0" m="45579" /><D105/><U25/><E58/><V113/><F103/><W46/><G46/><T62/><D62/><U85/><E15/><V34/><F34/><W64/><G64/><T126/><D126/><U71/><E71/><V52/><F113/><RYUUKYOKU ba="0,0" sc="203,15,190,-15,332,-15,275,15" hai0="20,26,30,56,61,66,84,90,97,98" hai3="4,7,28,29,36,39,76,79,81,82,130,134,135" /><INIT seed="4,1,0,4,3,94" ten="218,175,317,290" oya="0" hai0="130,42,32,86,74,31,44,52,28,68,23,118,66" hai1="15,56,98,24,2,103,13,63,120,57,91,77,17" hai2="6,134,59,51,76,21,29,96,95,106,123,36,5" hai3="125,37,93,100,27,67,43,53,35,115,33,30,129"/><T131/><D118/><U128/><E128/><N who="0" m="49193" /><D74/><U61/><E2/><V132/><F76/><W135/><G129/><T50/><D32/><U4/><E120/><V104/><F36/><W39/><G125/><T122/><D122/><U102/><E77/><V25/><F123/><W1/><G1/><T55/><D66/><U0/><E0/><V105/><F51/><W99/><G135/><N who="2" m="51753" /><F59/><W45/><G115/><T119/><D68/><U114/><E114/><V78/><F78/><W116/><G116/><T111/><D119/><U108/><E108/><V89/><AGARI ba="1,0" hai="5,6,21,25,29,89,95,96,104,105,106" m="51753" machi="89" ten="40,2700,0" yaku="20,1,52,1" doraHai="94" who="2" fromWho="2" sc="218,-14,175,-8,317,30,290,-8" /><INIT seed="5,0,0,0,5,45" ten="204,167,347,282" oya="1" hai0="131,5,92,76,67,124,118,19,105,54,85,12,74" hai1="70,0,1,123,60,26,23,117,46,79,4,90,65" hai2="3,106,64,71,55,120,13,100,135,7,2,91,10" hai3="84,34,31,109,134,111,127,53,9,72,57,95,104"/><U103/><E123/><V122/><F3/><W38/><G38/><T27/><D118/><U81/><E117/><V20/><F71/><W17/><G72/><T116/><D116/><U98/><E90/><V96/><F64/><W61/><G104/><T24/><D105/><U58/><E4/><V22/><F135/><W68/><G127/><T69/><D124/><U129/><E129/><V99/><F22/><W88/><G134/><T112/><D131/><U126/><E126/><V73/><F73/><W40/><G40/><T44/><D112/><U89/><E89/><V130/><F130/><W37/><G37/><T86/><D74/><U48/><E70/><V97/><F97/><W52/><G53/><T47/><D5/><U63/><E63/><V80/><F55/><W42/><G42/><T62/><D86/><N who="1" m="48447" /><E1/><V30/><F80/><W125/><G68/><T83/><D92/><N who="1" m="58823" /><E0/><V59/><F91/><W133/><G133/><T32/><D32/><U28/><E46/><V115/><F96/><W75/><G125/><T25/><REACH who="0" step="1"/><D54/><REACH who="0" ten="194,167,347,282" step="2"/><U87/><E87/><V18/><F115/><W102/><G75/><T93/><D93/><U29/><E29/><V114/><F114/><W121/><G31/><T66/><D66/><U33/><E33/><V94/><F106/><W119/><G34/><T132/><D132/><U110/><E110/><N who="3" m="41994" /><G119/><T36/><D36/><U50/><AGARI ba="0,1" hai="23,26,28,48,50,58,60,65" m="58823,48447" machi="50" ten="30,11700,0" yaku="25,1,8,1,52,2" doraHai="45" who="1" fromWho="1" sc="194,-39,167,127,347,-39,282,-39" /><INIT seed="5,1,0,2,5,11" ten="155,294,308,243" oya="1" hai0="120,47,128,97,135,72,13,67,131,61,89,90,24" hai1="14,41,112,132,76,8,98,25,96,125,6,56,103" hai2="21,39,49,35,0,53,1,121,45,100,57,87,10" hai3="126,63,109,93,73,94,102,74,107,86,34,32,22"/><U113/><E76/><V124/><F35/><W104/><G109/><T59/><D72/><U99/><E132/><V20/><F121/><W2/><G2/><T70/><D135/><U84/><E125/><V3/><F100/><W55/><G126/><T127/><D127/><U82/><E41/><V51/><F39/><W16/><G32/><T122/><D24/><U5/><E25/><V15/><F87/><W91/><G34/><T68/><D47/><U40/><E40/><V37/><F37/><W23/><G23/><T78/><D78/><N who="1" m="46167" /><E56/><V65/><F124/><W133/><G133/><T26/><D26/><U46/><E46/><V105/><F105/><W77/><G94/><T66/><D59/><U117/><E5/><V83/><F83/><W31/><G31/><T108/><D61/><U50/><E50/><V18/><REACH who="2" step="1"/><F65/><REACH who="2" ten="155,294,298,243" step="2"/><W129/><G107/><T116/><D108/><U38/><E38/><V19/><F19/><W88/><G16/><T80/><D80/><U44/><E103/><V111/><F111/><W29/><G102/><T17/><D17/><U48/><E117/><V64/><F64/><W60/><G104/><T52/><D116/><U54/><E98/><V4/><F4/><W118/><G74/><T119/><D119/><U7/><E96/><V71/><F71/><W95/><G86/><T134/><D134/><U115/><E99/><V58/><F58/><W101/><G101/><T36/><D36/><U62/><E7/><V43/><AGARI ba="1,1" hai="0,1,3,10,15,18,20,21,43,45,49,51,53,57" machi="43" ten="30,4000,0" yaku="1,1,0,1,52,1,53,0" doraHai="11" doraHaiUra="69" who="2" fromWho="2" sc="155,-11,294,-21,298,53,243,-11" /><INIT seed="6,0,0,0,2,67" ten="144,273,351,232" oya="2" hai0="96,101,3,78,2,61,45,55,38,94,11,15,66" hai1="30,117,85,70,111,35,24,92,74,126,115,120,7" hai2="52,110,73,60,51,9,57,46,49,14,125,10,121" hai3="80,82,71,116,44,77,102,0,91,75,83,17,34"/><V135/><F121/><W93/><G116/><T113/><D113/><U108/><E74/><V86/><F73/><W43/><G34/><T65/><D65/><U56/><E7/><V42/><F110/><W6/><G102/><T118/><D118/><U22/><E117/><V69/><F125/><W37/><G17/><T19/><D78/><U89/><E126/><V64/><F135/><W114/><G114/><T130/><D130/><U109/><E115/><V29/><F29/><W36/><G36/><T123/><D123/><U128/><E128/><V99/><F86/><W41/><G41/><T4/><D4/><U95/><E120/><V104/><F14/><W76/><G71/><T8/><D8/><U58/><E70/><V54/><F54/><W33/><G33/><T32/><D32/><U106/><E106/><V97/><F97/><N who="3" m="57535" /><G77/><T25/><D25/><U40/><E40/><V103/><AGARI ba="0,0" hai="9,10,42,46,49,51,52,57,60,64,69,99,103,104" machi="103" ten="30,6000,0" yaku="0,1,52,1,54,1" doraHai="67" who="2" fromWho="2" sc="144,-20,273,-20,351,60,232,-20" /><INIT seed="6,1,0,0,0,70" ten="124,253,411,212" oya="2" hai0="37,45,127,7,78,84,30,95,68,118,96,125,1" hai1="38,66,107,3,77,51,50,93,82,34,41,17,8" hai2="54,23,89,88,40,25,28,47,11,134,92,27,79" hai3="42,119,19,86,14,101,2,73,123,15,4,83,32"/><V87/><F134/><W130/><G123/><T35/><D68/><U46/><E107/><V105/><F105/><W99/><G119/><T106/><D118/><U61/><E34/><V109/><F54/><W103/><G32/><T112/><D112/><U39/><E93/><V62/><F62/><W26/><G26/><T59/><D30/><U113/><E113/><V116/><F116/><W131/><G73/><T91/><D35/><U98/><E98/><V43/><F109/><W9/><G42/><T53/><D45/><U135/><E51/><V122/><F79/><W72/><G72/><T102/><D37/><U20/><E8/><V21/><F11/><N who="3" m="6623" /><G2/><T5/><D78/><U22/><E22/><V71/><F71/><W128/><G99/><T63/><REACH who="0" step="1"/><D1/><REACH who="0" ten="114,253,411,212" step="2"/><U31/><E31/><V94/><F47/><W108/><G108/><T129/><D129/><U126/><E3/><V10/><F122/><W48/><G48/><T74/><D74/><U13/><E135/><V69/><F69/><W29/><G29/><T6/><AGARI ba="1,1" hai="5,6,7,53,59,63,84,91,95,96,102,106,125,127" machi="6" ten="30,2000,0" yaku="1,1,0,1,53,0" doraHai="70" doraHaiUra="44" who="0" fromWho="0" sc="114,33,253,-6,411,-11,212,-6" /><INIT seed="7,0,0,3,0,135" ten="147,247,400,206" oya="3" hai0="2,18,105,100,102,83,11,119,63,123,81,65,41" hai1="29,37,122,44,84,64,87,131,133,113,31,16,78" hai2="54,132,97,67,96,35,94,13,120,36,4,104,73" hai3="118,134,111,53,34,15,50,46,103,59,21,42,56"/><W127/><G118/><T110/><D119/><U106/><E106/><V14/><F35/><W1/><G111/><T88/><D110/><U40/><E131/><V75/><F36/><W47/><G134/><T24/><D123/><U108/><E113/><V92/><F104/><W12/><G34/><T6/><D41/><U85/><E122/><V80/><F67/><W60/><G1/><T109/><D109/><U91/><E64/><V101/><F54/><W57/><G127/><T32/><D105/><U5/><E5/><V0/><F120/><W124/><G124/><T48/><D48/><U69/><E69/><V8/><F132/><W130/><G103/><T38/><D38/><U128/><E128/><V58/><F58/><N who="3" m="34895" /><G130/><T74/><D81/><U52/><E108/><V25/><F25/><W19/><G47/><T99/><D74/><U95/><E133/><V30/><F30/><W70/><G70/><T77/><D77/><U49/><E78/><V62/><F62/><W107/><G107/><T26/><D26/><AGARI ba="0,0" hai="12,15,19,21,26,42,46,50,56,57,59" m="34895" machi="26" ten="30,1500,0" yaku="8,1" doraHai="135" who="3" fromWho="0" sc="147,-15,247,0,400,0,206,15" /><INIT seed="7,1,0,4,4,91" ten="132,247,400,221" oya="3" hai0="72,11,21,12,41,60,75,97,15,5,124,34,63" hai1="49,89,55,14,32,78,110,8,111,58,44,43,106" hai2="17,74,16,99,56,46,64,95,113,76,7,90,80" hai3="122,115,19,133,70,57,103,132,40,84,129,128,3"/><W54/><G3/><T6/><D34/><U71/><E71/><V13/><F113/><W48/><G115/><T67/><D124/><U10/><E106/><V0/><F0/><W88/><G103/><T51/><D41/><U38/><E32/><V83/><F46/><W26/><G70/><T126/><D126/><U68/><E68/><V86/><F64/><W28/><G122/><T104/><D51/><U73/><E8/><V87/><F56/><W50/><G19/><T79/><D79/><U29/><E29/><V81/><F74/><W31/><G48/><T117/><D117/><U45/><E45/><V130/><F130/><N who="3" m="50283" /><G40/><T66/><D11/><U125/><E125/><V92/><F7/><W116/><G116/><T98/><REACH who="0" step="1"/><D104/><REACH who="0" ten="122,247,400,221" step="2"/><U2/><E49/><V102/><F17/><W35/><G31/><T20/><AGARI ba="1,1" hai="5,6,12,15,20,21,60,63,66,67,72,75,97,98" machi="20" ten="25,8000,1" yaku="1,1,2,1,0,1,22,2,53,0" doraHai="91" doraHaiUra="112" who="0" fromWho="0" sc="122,93,247,-21,400,-21,221,-41" owari="215,-18.0,226,3.0,379,47.0,180,-32.0" /></mjloggm>