<mjloggm ver="2.3"><GO type="185" lobby="0"/><UN n0="%E3%81%A0%E3%81%83" n1="%E6%A8%BD%E3%81%AA%E3%81%AE%E5%A3%8A%E3%81%95%E3%81%AA%E3%81%84%E3%81%A7" n2="%4E%45%47%49%54%53" n3="" dan="16,17,17,0" rate="2151.97,2293.75,2302.25,1500.00" sx="M,M,F,C"/><TAIKYOKU oya="0"/><INIT seed="0,0,0,3,4,70" ten="350,350,350,0" oya="0" hai0="36,49,93,58,62,34,104,32,80,135,115,124,54" hai1="69,1,89,40,90,118,86,83,107,35,100,113,131" hai2="134,112,55,114,71,45,109,50,99,3,120,119,56" hai3=""/><T105/><D115/><U43/><E69/><V57/><N who="2" m="30752" /><V91/><F3/><T61/><D124/><U123/><N who="1" m="31520" /><U92/><E40/><V60/><F109/><T44/><D135/><U117/><E43/><V82/><F134/><T79/><D61/><U42/><E42/><V33/><F33/><T125/><D125/><U102/><E35/><V41/><F119/><T85/><D104/><U133/><E1/><V126/><F126/><T97/><D105/><U64/><E64/><V94/><F82/><T51/><D51/><U116/><E133/><V2/><F2/><T46/><D46/><U66/><E66/><V106/><F106/><T122/><N who="0" m="31264" /><T77/><D77/><U0/><E0/><V52/><REACH who="2" step="1"/><F71/><REACH who="2" ten="350,350,340,0" step="2"/><T78/><D32/><U68/><E68/><V72/><F72/><T76/><D34/><U130/><E107/><V88/><F88/><T111/><D111/><U103/><E113/><V67/><F67/><T39/><D78/><U81/><E83/><V38/><AGARI ba="0,1" hai="38,41,45,50,52,55,56,57,60,91,94,99,112,114" m="30752" machi="38" ten="20,9000,2" yaku="1,1,0,1,7,1,52,2,54,1,53,1" doraHai="70" doraHaiUra="87" who="2" fromWho="2" sc="350,-60,350,-30,340,100,0,0" /><INIT seed="1,0,0,3,4,50" ten="290,320,440,0" oya="1" hai0="134,65,81,3,80,96,61,111,112,122,56,105,129" hai1="107,66,2,43,121,40,125,130,127,93,53,94,78" hai2="123,44,118,72,114,55,67,77,68,69,135,117,79" hai3=""/><U88/><N who="1" m="31008" /><U63/><E2/><V101/><N who="2" m="31520" /><V87/><F72/><T91/><N who="0" m="31264" /><T106/><D112/><U34/><E34/><V120/><N who="2" m="30752" /><V36/><F114/><T83/><D3/><U47/><E107/><V41/><F135/><T124/><D134/><U119/><E78/><V57/><F101/><T110/><D129/><U33/><E94/><V46/><F79/><T75/><D75/><U99/><E119/><N who="2" m="45579" /><F87/><T70/><D124/><N who="1" m="47691" /><E130/><V62/><F77/><T71/><D106/><U76/><E76/><V0/><F0/><T103/><REACH who="0" step="1"/><D91/><REACH who="0" ten="280,320,440,0" step="2"/><U115/><E115/><V35/><F35/><T54/><D54/><U74/><E74/><V52/><F46/><T64/><D64/><U133/><E133/><V100/><F100/><T1/><D1/><U98/><E33/><V85/><F85/><T92/><D92/><U132/><E132/><V48/><F55/><T131/><D131/><U39/><E53/><V86/><F86/><T128/><D128/><U89/><E89/><V126/><F126/><T97/><D97/><U59/><E99/><V60/><F67/><T90/><D90/><U113/><E113/><V104/><F104/><T51/><D51/><U49/><E49/><V95/><F95/><RYUUKYOKU ba="0,1" sc="280,0,320,0,440,0,0,0" hai0="56,61,65,70,71,80,81,83,96,103,105,110,111" hai1="39,40,43,47,59,63,66,88,93,98" hai2="36,41,44,48,52,57,60,62,68,69" /><INIT seed="1,1,1,0,4,67" ten="280,320,440,0" oya="1" hai0="63,92,111,1,125,86,74,81,130,55,96,100,76" hai1="34,127,61,65,51,56,54,94,133,39,46,105,109" hai2="104,78,45,75,84,3,83,42,52,95,98,68,113" hai3=""/><U101/><E34/><V82/><F3/><T115/><D1/><U38/><E127/><V43/><F104/><T134/><D125/><U41/><E133/><V119/><F119/><T57/><D134/><U48/><E105/><V90/><F113/><T70/><D130/><U32/><E32/><V60/><F68/><T89/><D111/><U79/><E79/><V59/><REACH who="2" step="1"/><F45/><REACH who="2" ten="280,320,430,0" step="2"/><T126/><D115/><U124/><E124/><V129/><F129/><T66/><D126/><U0/><E0/><V36/><F36/><T114/><D114/><U58/><E109/><V110/><F110/><T108/><D108/><U123/><N who="1" m="31520" /><U77/><E77/><AGARI ba="1,2" hai="42,43,52,59,60,75,77,78,82,83,84,90,95,98" machi="77" ten="30,3900,0" yaku="1,1,7,1,54,1,53,0" doraHai="67" doraHaiUra="122" who="2" fromWho="1" sc="280,0,320,-41,430,61,0,0" /><INIT seed="2,0,0,1,5,98" ten="280,279,491,0" oya="2" hai0="76,73,107,0,89,111,70,60,86,90,121,51,99" hai1="114,84,97,37,33,108,103,116,130,119,110,40,58" hai2="109,69,126,117,50,82,115,62,127,43,125,66,39" hai3=""/><V36/><F117/><N who="1" m="45129" /><E33/><V129/><F115/><T67/><N who="0" m="31008" /><T135/><D0/><U105/><E114/><V59/><F129/><T104/><D135/><U132/><E132/><V92/><F82/><T48/><D111/><N who="1" m="42539" /><E58/><V41/><F92/><T122/><N who="0" m="31264" /><T77/><D90/><U120/><N who="1" m="30752" /><U54/><E54/><V102/><F102/><T78/><D73/><U91/><E40/><N who="2" m="15435" /><F109/><T85/><D85/><U49/><E49/><V3/><F3/><T128/><D128/><U38/><E130/><V47/><F59/><T71/><D71/><U46/><E46/><V55/><AGARI ba="0,0" hai="36,39,47,50,55,62,66,69,125,126,127" m="15435" machi="55" ten="40,5200,0" yaku="18,1,34,2" doraHai="98" who="2" fromWho="2" sc="280,-26,279,-26,491,52,0,0" /><INIT seed="2,1,0,5,0,85" ten="254,253,543,0" oya="2" hai0="122,43,90,55,48,115,60,125,67,119,45,88,42" hai1="86,57,70,62,118,54,63,51,68,129,113,52,95" hai2="98,78,123,97,76,105,93,53,37,71,121,87,80" hai3=""/><V74/><N who="2" m="31008" /><V99/><N who="2" m="31520" /><V94/><F37/><T89/><N who="0" m="31264" /><T127/><D119/><U101/><E113/><V32/><F71/><T116/><D116/><U130/><E118/><V3/><F3/><T66/><D115/><U96/><E86/><V64/><F64/><T58/><REACH who="0" step="1"/><D67/><REACH who="0" ten="244,253,543,0" step="2"/><U36/><E130/><V84/><F32/><T0/><D0/><U135/><E129/><V69/><F69/><T40/><AGARI ba="1,1" hai="40,42,43,45,48,55,58,60,66,88,89,90,125,127" m="31264" machi="40" ten="40,9000,2" yaku="1,1,0,1,52,4,54,1,53,0" doraHai="85" doraHaiUra="131" who="0" fromWho="0" sc="244,102,253,-31,543,-61,0,0" /><INIT seed="4,0,0,4,0,97" ten="346,222,482,0" oya="0" hai0="3,44,56,36,37,47,110,105,48,118,107,99,68" hai1="82,57,74,51,77,54,117,73,134,127,96,87,135" hai2="63,41,94,91,43,89,90,67,71,42,84,80,83" hai3=""/><T112/><D3/><U114/><E117/><V128/><F128/><T108/><D118/><U101/><E127/><V65/><F65/><T93/><D68/><U66/><E66/><V60/><F60/><T38/><D112/><U52/><E114/><V1/><F1/><T133/><D133/><U119/><E119/><V124/><F124/><T46/><D56/><U98/><E98/><V109/><F109/><N who="0" m="42090" /><D48/><U58/><E135/><V50/><F50/><T129/><D129/><U123/><N who="1" m="31520" /><U100/><E134/><V104/><F104/><T86/><D86/><U121/><N who="1" m="31008" /><U45/><E58/><V122/><N who="2" m="31264" /><V81/><AGARI ba="0,0" hai="41,42,43,63,67,71,80,81,83,84,89,90,91,94" m="31264" machi="81" ten="30,3000,0" yaku="4,1,0,1,52,1" doraHai="97" who="2" fromWho="2" sc="346,-20,222,-10,482,30,0,0" /><INIT seed="5,0,0,2,1,133" ten="326,212,512,0" oya="1" hai0="58,114,75,51,57,78,82,55,112,81,87,89,33" hai1="125,104,85,103,3,35,135,109,92,77,50,118,46" hai2="131,70,93,119,116,83,53,115,120,94,84,132,107" hai3=""/><U79/><E3/><V64/><N who="2" m="30752" /><V74/><F107/><T113/><REACH who="0" step="1"/><D58/><REACH who="0" ten="316,212,512,0" step="2"/><U38/><E135/><V101/><F132/><T96/><D96/><U130/><E35/><AGARI ba="0,1" hai="33,35,51,55,57,75,78,81,82,87,89,112,113,114" machi="35" ten="40,2600,0" yaku="1,1,15,1,53,0" doraHai="133" doraHaiUra="69" who="0" fromWho="1" sc="316,36,212,-26,512,0,0,0" /><INIT seed="6,0,0,3,2,109" ten="352,186,512,0" oya="2" hai0="117,35,124,42,71,112,85,82,62,44,43,34,103" hai1="66,72,52,3,41,118,110,133,94,64,78,37,38" hai2="60,86,63,77,40,50,105,135,74,119,132,97,58" hai3=""/><V65/><F74/><T116/><D124/><U108/><E94/><V95/><F119/><T61/><D103/><U107/><E78/><V51/><F105/><T59/><D71/><U102/><E102/><V89/><F40/><T68/><D68/><U53/><E107/><V134/><F60/><T83/><D59/><U76/><E76/><V33/><F33/><T125/><D125/><U127/><E72/><V48/><F77/><T39/><D39/><U45/><E3/><V56/><F56/><T46/><D85/><AGARI ba="0,0" hai="48,50,51,58,63,65,85,86,89,95,97,132,134,135" machi="85" ten="50,2400,0" yaku="20,1" doraHai="109" who="2" fromWho="0" sc="352,-24,186,0,512,24,0,0" owari="328,-7.0,186,-41.0,536,48.0,0,0.0" /></mjloggm>