<mjloggm ver="2.3"><GO type="169" lobby="0"/><UN n0="%E3%83%9E%E3%83%BC%E3%83%AC%E3%83%B3%E3%83%BB%E3%83%AB%E3%83%B3%E3%83%93" n1="%EF%BC%A7%EF%BC%A1%EF%BC%AD%EF%BC%A5" n2="%E3%81%BF%E3%82%84%E3%81%B3%40%E6%9D%B1%E9%A2%A8" n3="%E3%81%88%E3%81%84%E3%81%8D%E3%81%A1%40%35%6D%66" dan="16,16,16,16" rate="2060.47,2064.55,2112.41,2072.45" sx="F,M,M,M"/><TAIKYOKU oya="0"/><INIT seed="0,0,0,3,0,86" ten="250,250,250,250" oya="0" hai0="52,21,79,6,50,22,94,133,8,18,73,80,63" hai1="90,113,62,112,101,16,70,33,30,42,87,102,51" hai2="66,96,124,130,111,120,36,72,4,98,128,89,84" hai3="13,92,93,40,134,20,32,1,83,23,10,57,64"/><T131/><D133/><U48/><E30/><V15/><F36/><W19/><G19/><T97/><BYE who="3" /><D131/><N who="2" m="50218" /><F66/><UN n3="%E3%81%88%E3%81%84%E3%81%8D%E3%81%A1%40%35%6D%66" /><W108/><G32/><T104/><D104/><U34/><E70/><V121/><F72/><W127/><G108/><T47/><D18/><U59/><E42/><V60/><F60/><W126/><G40/><T28/><D28/><U43/><E43/><V118/><F111/><W24/><G83/><T81/><D81/><N who="1" m="49519" /><E16/><V17/><F4/><W103/><G64/><T44/><D44/><U65/><E51/><V46/><F46/><W105/><G57/><T119/><D119/><U106/><E48/><V35/><F35/><N who="1" m="13321" /><E106/><V132/><F132/><W85/><G134/><T49/><D49/><U37/><E37/><V123/><F124/><W0/><G105/><T122/><D122/><U25/><E25/><V61/><F61/><W41/><G41/><T110/><D63/><U53/><E53/><V76/><F76/><W107/><G24/><T68/><D68/><U116/><E116/><V14/><F118/><W3/><G107/><T129/><D110/><U31/><E31/><V71/><F71/><W12/><G126/><T29/><D29/><U114/><AGARI ba="0,0" hai="59,62,65,101,102,112,113,114" m="13321,49519" machi="114" ten="40,2700,0" yaku="11,1,52,1" doraHai="86" who="1" fromWho="1" sc="250,-13,250,27,250,-7,250,-7" /><INIT seed="1,0,0,1,5,9" ten="237,277,243,243" oya="1" hai0="92,125,47,88,17,26,24,132,71,95,114,10,54" hai1="36,68,130,28,99,90,57,41,51,74,65,39,18" hai2="2,4,16,67,13,104,6,117,103,87,100,98,14" hai3="42,118,5,8,38,44,25,48,53,94,122,66,128"/><U12/><E74/><V110/><F117/><W22/><G118/><T46/><D114/><U33/><E130/><V107/><F110/><W133/><G122/><T96/><D71/><U50/><E68/><V73/><F73/><W80/><G128/><T116/><D116/><U30/><E65/><V31/><F67/><W127/><G127/><T93/><D132/><U83/><E33/><V79/><F31/><W70/><G133/><T113/><D113/><U131/><E131/><V11/><F2/><W45/><G94/><N who="0" m="36459" /><D125/><U21/><E99/><V119/><F119/><W106/><G106/><T126/><D126/><U62/><E39/><V101/><F107/><W34/><G34/><T49/><D46/><N who="1" m="25935" /><E51/><V72/><F72/><W19/><G80/><T109/><D109/><U35/><E36/><V102/><REACH who="2" step="1"/><F14/><AGARI ba="0,0" hai="10,14,17,24,26,47,49,54,88,95,96" m="36459" machi="14" ten="30,3900,0" yaku="8,1,52,1,54,1" doraHai="9" who="0" fromWho="2" sc="237,39,277,0,243,-39,243,0" /><INIT seed="2,0,0,0,5,71" ten="276,277,204,243" oya="2" hai0="15,63,78,19,79,110,67,86,84,72,12,133,6" hai1="100,68,17,121,18,120,56,96,127,135,11,10,80" hai2="81,64,114,26,97,107,82,99,29,111,35,77,51" hai3="33,106,28,94,123,130,45,37,2,122,89,39,7"/><V48/><F114/><W14/><G14/><T9/><D110/><U13/><E68/><V116/><F116/><W40/><G106/><T108/><D108/><U131/><E131/><V112/><F112/><W0/><G130/><T3/><D133/><U36/><E135/><V90/><F111/><W87/><G33/><T57/><D3/><U119/><E119/><V23/><F64/><W4/><G28/><T76/><REACH who="0" step="1"/><D72/><REACH who="0" ten="266,277,204,243" step="2"/><U113/><E113/><V88/><F35/><W54/><G0/><T73/><D73/><U47/><E121/><V129/><F129/><W24/><G122/><T70/><D70/><U118/><E120/><V126/><F126/><W34/><G123/><T53/><D53/><U31/><E127/><V115/><F115/><W38/><G2/><T65/><D65/><U74/><E74/><V91/><F107/><W61/><G54/><T62/><D62/><U43/><E118/><V1/><F1/><W52/><G61/><T85/><D85/><U132/><E132/><V27/><F99/><W103/><G52/><T66/><D66/><U21/><E96/><V55/><F97/><W93/><G87/><T95/><D95/><U25/><E43/><V109/><F109/><W105/><G93/><T46/><D46/><U44/><E47/><V59/><F77/><W49/><G105/><T117/><D117/><U125/><E125/><V98/><F98/><N who="3" m="57679" /><G103/><T75/><D75/><U30/><E100/><V41/><F27/><W16/><G45/><AGARI ba="0,1" hai="23,26,29,41,45,48,51,55,59,81,82,88,90,91" machi="45" ten="40,3900,0" yaku="8,1,54,1" doraHai="71" who="2" fromWho="3" sc="266,0,277,0,204,49,243,-39" /><INIT seed="2,1,0,0,0,111" ten="266,277,253,204" oya="2" hai0="116,92,135,108,133,60,87,112,114,73,103,79,11" hai1="124,55,99,84,132,93,65,86,4,110,40,78,82" hai2="94,72,46,77,17,33,49,51,39,122,42,130,74" hai3="91,90,13,36,61,20,31,66,119,101,98,24,54"/><V127/><F122/><W6/><G119/><T106/><D108/><U35/><E110/><V62/><F130/><W131/><G36/><T118/><D11/><U113/><E35/><V68/><F127/><W1/><G131/><T23/><D23/><U71/><E124/><V76/><F33/><W102/><G1/><T89/><D60/><U83/><E40/><V107/><F107/><W85/><G54/><T81/><D118/><U18/><E4/><V2/><F2/><W57/><G85/><T80/><D116/><U16/><E113/><N who="0" m="43625" /><D81/><U38/><E38/><V75/><F94/><N who="3" m="58583" /><G102/><T26/><D26/><U53/><E65/><V14/><F62/><W10/><AGARI ba="1,0" hai="6,10,13,20,24,31,57,61,66,90,91" m="58583" machi="10" ten="30,2000,0" yaku="25,1,8,1" doraHai="111" who="3" fromWho="3" sc="266,-6,277,-6,253,-11,204,23" /><INIT seed="3,0,0,5,5,23" ten="260,271,242,227" oya="3" hai0="69,82,62,123,95,6,1,33,35,52,111,0,25" hai1="73,112,70,58,39,11,15,116,27,59,61,5,106" hai2="74,2,4,68,14,105,13,3,29,66,101,38,56" hai3="40,79,36,47,126,7,109,17,34,91,16,12,51"/><W45/><G126/><T55/><D123/><U24/><E112/><V89/><F74/><W113/><G113/><T84/><D111/><U122/><E122/><V94/><F38/><W90/><G109/><T8/><D0/><U54/><E106/><V108/><F108/><W48/><G34/><T129/><D129/><U86/><E73/><V67/><F29/><W127/><G127/><T76/><D95/><U78/><E70/><V22/><F101/><W10/><G79/><T71/><D35/><U43/><E43/><V9/><F105/><W128/><G128/><T92/><D92/><U20/><E20/><V37/><F37/><W44/><G36/><T80/><D80/><N who="1" m="47383" /><E39/><V42/><F42/><W131/><G131/><T46/><D46/><U97/><E97/><V103/><F103/><W77/><G77/><T117/><D117/><U81/><E81/><V28/><F68/><W118/><G118/><T99/><D99/><U114/><E114/><V57/><F2/><W107/><G107/><T30/><REACH who="0" step="1"/><D71/><REACH who="0" ten="250,271,242,227" step="2"/><U85/><E116/><V21/><F3/><W135/><G45/><T132/><D132/><U83/><E59/><V98/><F57/><W88/><REACH who="3" step="1"/><G135/><REACH who="3" ten="250,271,242,217" step="2"/><T100/><D100/><U93/><E93/><V49/><F94/><W41/><AGARI ba="0,2" hai="7,10,12,16,17,40,41,44,47,48,51,88,90,91" machi="41" ten="30,18000,2" yaku="1,1,2,1,0,1,9,1,8,1,54,2,53,0" doraHai="23" doraHaiUra="130" who="3" fromWho="3" sc="250,-60,271,-60,242,-60,217,200" /><INIT seed="3,1,0,4,4,51" ten="190,211,182,417" oya="3" hai0="52,77,73,20,91,8,6,92,64,55,24,110,30" hai1="17,56,32,72,111,125,88,25,122,129,135,131,133" hai2="89,78,97,29,124,41,34,112,43,33,35,38,105" hai3="128,2,22,71,106,81,115,47,119,116,96,60,85"/><W127/><G115/><T107/><D107/><U59/><E72/><V26/><F112/><W15/><G2/><T90/><D110/><U44/><E111/><V45/><F124/><W75/><G75/><T10/><D64/><U130/><E122/><V84/><F43/><W49/><G128/><T5/><D73/><U103/><E103/><V104/><F104/><W100/><G127/><T9/><D77/><U3/><E3/><V134/><F134/><N who="1" m="51209" /><E125/><V1/><F1/><W114/><G114/><T46/><D46/><U39/><E88/><N who="0" m="33833" /><D92/><U126/><E126/><V118/><F118/><W14/><G106/><T40/><D40/><N who="1" m="22559" /><E17/><V42/><F42/><W87/><G116/><T68/><D68/><U79/><E79/><V109/><F109/><W120/><G71/><T65/><D65/><U74/><E74/><V23/><F78/><W28/><G119/><T50/><D50/><U61/><E61/><V37/><F37/><W102/><G49/><T123/><D123/><U63/><E63/><V21/><F105/><W36/><G60/><T18/><D18/><U113/><E113/><V7/><F7/><AGARI ba="1,0" hai="5,6,7,8,9,10,20,24,30,52,55" m="33833" machi="7" ten="30,8000,1" yaku="8,1,52,2,54,2" doraHai="51" who="0" fromWho="2" sc="190,83,211,0,182,-83,417,0" /><INIT seed="4,0,0,5,1,97" ten="273,211,99,417" oya="0" hai0="75,92,104,52,118,48,130,127,42,36,100,27,77" hai1="98,46,133,63,102,32,26,73,23,107,49,61,33" hai2="60,39,131,0,119,67,89,56,72,1,81,120,125" hai3="86,128,18,108,87,19,44,134,37,76,34,62,111"/><T71/><D118/><U103/><E133/><V114/><F89/><W10/><G134/><T65/><D104/><U113/><E73/><V29/><F56/><W129/><G34/><T58/><D130/><N who="3" m="50281" /><G62/><N who="0" m="40375" /><D127/><U47/><E113/><V59/><F59/><W7/><G44/><N who="0" m="23623" /><D27/><U12/><E12/><V110/><F131/><W16/><G37/><T83/><D92/><U80/><E80/><V126/><F120/><W14/><G76/><T101/><AGARI ba="0,0" hai="48,52,58,75,77,83,100,101" m="23623,40375" machi="101" ten="30,11700,0" yaku="24,1,52,2,54,1" doraHai="97" who="0" fromWho="0" sc="273,117,211,-39,99,-39,417,-39" /><INIT seed="4,1,0,0,0,24" ten="390,172,60,378" oya="0" hai0="74,70,56,120,27,106,67,109,49,92,55,2,20" hai1="61,3,78,80,28,30,132,31,22,34,110,91,37" hai2="1,4,108,135,54,131,5,66,47,118,101,81,64" hai3="63,100,42,111,16,43,15,38,122,134,129,89,76"/><T14/><D120/><U8/><E110/><V85/><F108/><W126/><G111/><T41/><D106/><U79/><E37/><V44/><F131/><W83/><G122/><T87/><D2/><U71/><E34/><V95/><F135/><W72/><G129/><T84/><D74/><U40/><E132/><V0/><F118/><W11/><G126/><T93/><D14/><U82/><E40/><V52/><F95/><W73/><G134/><T48/><D70/><U58/><E22/><V35/><F35/><W57/><G73/><T103/><D67/><N who="1" m="39351" /><E3/><V13/><F13/><W133/><G100/><T130/><D130/><U88/><E8/><V112/><F101/><W39/><G133/><T117/><D117/><U6/><E6/><V94/><F94/><W113/><G113/><T21/><D41/><U59/><E59/><V77/><F85/><W46/><G89/><N who="1" m="34378" /><E71/><V90/><F90/><W17/><G43/><T26/><D56/><U51/><E51/><V23/><F23/><W12/><G38/><T121/><D103/><U36/><E36/><V25/><F25/><W19/><REACH who="3" step="1"/><G12/><REACH who="3" ten="390,172,60,368" step="2"/><T114/><D121/><U68/><E68/><V10/><F112/><W119/><G119/><T69/><D114/><U125/><E125/><V9/><REACH who="2" step="1"/><F81/><AGARI ba="1,1" hai="28,30,31,78,79,80,81,82" m="34378,39351" machi="81" ten="30,8000,1" yaku="8,1,52,3,54,1" doraHai="24" who="1" fromWho="2" sc="390,0,172,93,60,-83,368,0" owari="390,48.0,265,-13.0,-23,-52.0,368,17.0" /></mjloggm>