<mjloggm ver="2.3"><GO type="169" lobby="0"/><UN n0="%E5%87%BA%E3%82%8B%E3%83%94%E3%82%A8%E3%83%AD" n1="%E7%9B%B4%E6%84%9F%E7%B2%BE%E8%AA%AD" n2="%64%75%72%72%72%72%72" n3="%69%74%61%2D%70" dan="16,18,16,16" rate="2186.20,2238.74,2109.90,2170.98" sx="M,M,M,M"/><TAIKYOKU oya="0"/><INIT seed="0,0,0,1,4,69" ten="250,250,250,250" oya="0" hai0="8,22,65,99,90,62,45,91,79,116,36,50,59" hai1="112,30,61,14,118,27,43,2,28,127,119,29,71" hai2="67,46,105,132,13,60,84,66,57,131,104,102,35" hai3="4,111,80,63,53,124,7,77,113,96,82,11,12"/><T122/><D116/><U6/><E71/><V117/><F35/><W49/><G113/><T76/><D122/><U115/><E61/><V33/><F117/><N who="1" m="44553" /><E43/><V51/><F33/><W106/><G111/><T21/><D36/><U10/><E127/><V9/><F132/><W129/><G124/><T89/><D99/><U68/><E68/><V100/><F131/><W134/><G129/><T17/><D8/><N who="1" m="2135" /><E27/><V25/><F25/><W110/><G134/><T41/><REACH who="0" step="1"/><D21/><REACH who="0" ten="240,250,250,250" step="2"/><U1/><E1/><V98/><F9/><W56/><G96/><T20/><D20/><U39/><E39/><V88/><F98/><W103/><G110/><T47/><D47/><U87/><E87/><V86/><F46/><W24/><G11/><T85/><D85/><U94/><E94/><V44/><F44/><W18/><G106/><T74/><D74/><U101/><E101/><V54/><F86/><W126/><G103/><T83/><D83/><U109/><E109/><V70/><F102/><W130/><G82/><T93/><D93/><U123/><E123/><V121/><F121/><W128/><G80/><T58/><D58/><U95/><E95/><N who="2" m="54663" /><F100/><W64/><G130/><T92/><D92/><U78/><E78/><V97/><F97/><W26/><G128/><T23/><D23/><U15/><E10/><V5/><F104/><W73/><G77/><T31/><D31/><U52/><E112/><V114/><F114/><W133/><G73/><T48/><D48/><U16/><E115/><V38/><F105/><W37/><G37/><T3/><D3/><U0/><E0/><V75/><F38/><RYUUKYOKU ba="0,1" sc="240,30,250,-10,250,-10,250,-10" hai0="17,22,41,45,50,59,62,65,76,79,89,90,91" /><INIT seed="0,1,1,3,1,44" ten="270,240,240,240" oya="0" hai0="119,95,116,117,39,63,43,64,72,107,121,40,102" hai1="31,100,80,128,130,2,17,77,133,94,86,29,126" hai2="83,35,65,4,70,38,56,19,0,12,111,127,59" hai3="103,1,90,99,101,50,3,124,112,85,27,11,68"/><T54/><D107/><U18/><E2/><V49/><F38/><W106/><G112/><T53/><D72/><U51/><E126/><V13/><F35/><W125/><G103/><T135/><D102/><U105/><E105/><V84/><F0/><W9/><G27/><T48/><D95/><U52/><E133/><V42/><F127/><N who="3" m="48715" /><G1/><T57/><D135/><U120/><E120/><V109/><F70/><W110/><G110/><N who="2" m="41993" /><F4/><N who="3" m="1183" /><G11/><T113/><D113/><U26/><E130/><V20/><F12/><W66/><G66/><T74/><D74/><U89/><E100/><V87/><F65/><W123/><G68/><N who="0" m="42015" /><D121/><U134/><E128/><V32/><F32/><W34/><G34/><T55/><D40/><U108/><E134/><V58/><F83/><N who="3" m="49471" /><G123/><T97/><D97/><N who="1" m="57551" /><E108/><V131/><F131/><W45/><G45/><AGARI ba="1,1" hai="39,43,45,48,53,54,55,57,116,117,119" m="42015" machi="45" ten="30,11600,0" yaku="24,1,34,2,52,1" doraHai="44" who="0" fromWho="3" sc="270,129,240,0,240,0,240,-119" /><AGARI ba="1,0" hai="13,19,20,42,45,49,56,58,59,84,87" m="41993" machi="45" ten="30,2000,0" yaku="14,1,52,1" doraHai="44" who="2" fromWho="3" sc="399,0,240,0,240,20,121,-20" /><INIT seed="0,2,0,2,2,85" ten="399,240,260,101" oya="0" hai0="70,6,87,96,78,93,117,122,4,97,107,133,15" hai1="41,0,48,113,24,84,17,79,59,118,28,1,18" hai2="92,53,31,73,50,98,62,77,35,112,104,43,116" hai3="95,2,42,19,111,10,121,8,58,52,30,123,135"/><T101/><D70/><U129/><E118/><V105/><F112/><W12/><G111/><T7/><D117/><U88/><E79/><V69/><F116/><W127/><G135/><T26/><D133/><U102/><E102/><V22/><F43/><W126/><G42/><T119/><D119/><U80/><E113/><V51/><F35/><W72/><G72/><T131/><D122/><N who="3" m="46601" /><G30/><T25/><D131/><U3/><E129/><V9/><F9/><N who="3" m="6543" /><G2/><T44/><D15/><U120/><E120/><V20/><F77/><W83/><G95/><T115/><D115/><U89/><E89/><V81/><F81/><W106/><G83/><N who="0" m="47607" /><D107/><U36/><E36/><V90/><F73/><W38/><G38/><T66/><D97/><U134/><E134/><V109/><F109/><W103/><G103/><T114/><D114/><U100/><E100/><V13/><F22/><W108/><G108/><T71/><D71/><U86/><E86/><V57/><F69/><W16/><G106/><T39/><D39/><U99/><E99/><V40/><F40/><W34/><G34/><T14/><D66/><U128/><E128/><V125/><F31/><W5/><G5/><N who="0" m="2155" /><D44/><U45/><REACH who="1" step="1"/><E59/><REACH who="1" ten="399,230,260,101" step="2"/><N who="2" m="33215" /><F104/><W61/><G8/><AGARI ba="2,1" hai="7,8,14,25,26,93,96,101" m="2155,47607" machi="8" ten="30,1500,0" yaku="8,1" doraHai="85" who="0" fromWho="3" sc="399,31,230,0,260,0,101,-21" /><INIT seed="0,3,0,2,4,51" ten="430,230,260,80" oya="0" hai0="83,53,106,119,132,133,31,88,69,112,64,84,105" hai1="116,29,103,48,6,72,118,81,13,1,86,65,44" hai2="45,30,130,32,94,63,90,18,34,27,8,17,100" hai3="5,61,42,82,127,96,19,9,20,55,0,2,131"/><T71/><D112/><U26/><E1/><V117/><F34/><W111/><G111/><T41/><D41/><U70/><E72/><V14/><F130/><W113/><G131/><T66/><D31/><U134/><E134/><N who="0" m="51817" /><D119/><U97/><E65/><N who="0" m="25193" /><D53/><U124/><E70/><AGARI ba="3,0" hai="69,70,71,83,84,88,105,106" m="25193,51817" machi="70" ten="30,2900,0" yaku="20,1,54,1" doraHai="51" who="0" fromWho="1" sc="430,38,230,-38,260,0,80,0" /><INIT seed="0,4,0,2,5,72" ten="468,192,260,80" oya="0" hai0="64,129,96,113,36,55,90,28,112,104,97,92,58" hai1="42,0,40,62,105,32,118,61,130,4,79,38,127" hai2="94,50,23,13,16,37,26,9,27,88,67,5,17" hai3="120,41,91,30,68,47,89,107,77,20,126,53,11"/><T100/><D36/><U80/><E118/><V119/><F37/><W10/><G126/><T84/><D129/><U2/><E105/><V65/><F119/><W131/><G107/><T14/><D64/><N who="2" m="24650" /><F50/><W1/><G68/><T63/><D28/><U18/><E32/><V123/><F123/><W133/><G131/><T110/><D110/><U106/><E106/><V124/><F124/><W56/><G133/><T66/><D14/><U111/><E130/><V82/><F82/><W22/><G77/><T15/><D15/><U83/><E38/><V31/><F27/><N who="3" m="16743" /><G22/><T3/><D3/><U117/><E127/><V45/><F45/><W6/><G6/><T24/><D24/><U73/><E4/><V93/><F93/><W103/><G103/><T87/><D87/><AGARI ba="4,0" hai="5,9,13,16,17,23,26,31,87,88,94" m="24650" machi="87" ten="30,3900,0" yaku="8,1,54,2" doraHai="72" who="2" fromWho="0" sc="468,-51,192,0,260,51,80,0" /><INIT seed="1,0,0,3,3,20" ten="417,192,311,80" oya="1" hai0="63,17,25,67,120,105,78,43,93,39,135,58,73" hai1="134,23,64,62,32,131,90,98,16,129,103,116,100" hai2="3,87,47,48,36,123,22,104,74,45,9,37,28" hai3="97,10,4,110,29,5,18,118,109,121,133,84,69"/><U80/><E32/><V30/><F104/><W112/><G69/><T50/><D105/><U13/><E116/><V31/><F74/><W76/><G97/><T89/><D135/><U113/><E113/><V46/><F123/><W53/><G53/><T92/><D92/><U44/><E134/><V49/><F22/><W108/><G84/><T102/><D39/><U15/><E44/><V57/><F57/><W132/><G76/><T96/><D120/><U65/><E13/><V33/><F87/><W117/><G121/><T83/><D50/><U66/><E62/><V81/><F33/><W19/><G112/><T114/><D43/><U26/><E15/><V35/><F35/><W77/><G77/><T61/><D61/><U27/><E27/><V54/><F81/><W94/><G94/><T70/><D114/><U130/><E80/><V21/><F21/><W0/><G4/><T12/><D25/><U126/><E126/><V11/><F3/><W56/><G56/><T86/><D70/><U101/><E90/><V91/><F91/><W60/><G60/><T2/><D2/><U71/><REACH who="1" step="1"/><E71/><REACH who="1" ten="417,182,311,80" step="2"/><V14/><F14/><W125/><G125/><T8/><REACH who="0" step="1"/><D102/><REACH who="0" ten="407,182,311,80" step="2"/><U99/><AGARI ba="0,2" hai="16,23,26,64,65,66,98,99,100,101,103,129,130,131" machi="99" ten="40,24000,3" yaku="1,1,2,1,0,1,29,2,19,1,52,1,54,1,53,0" doraHai="20" doraHaiUra="75" who="1" fromWho="1" sc="407,-80,182,260,311,-80,80,-80" /><INIT seed="1,1,0,3,5,36" ten="327,442,231,0" oya="1" hai0="78,15,62,103,4,82,6,131,5,102,51,21,80" hai1="132,46,74,130,84,69,129,70,65,47,3,85,13" hai2="53,115,125,87,9,49,45,121,86,120,117,75,72" hai3="39,22,79,66,48,111,43,97,106,42,89,92,126"/><U134/><E13/><V38/><F117/><W56/><G111/><T99/><D131/><N who="1" m="50187" /><E74/><V91/><F125/><W55/><G126/><T24/><D15/><U64/><E3/><V20/><F38/><W112/><G39/><T96/><D78/><U2/><E2/><V57/><F115/><W31/><G112/><T127/><D127/><U52/><E85/><V108/><F108/><W77/><G106/><T41/><D62/><U95/><E84/><V19/><F87/><W93/><G66/><N who="1" m="25706" /><E95/><V32/><F32/><W94/><G94/><T90/><D90/><U116/><E116/><V0/><F72/><W60/><G93/><T44/><D99/><U54/><E46/><V118/><F75/><W1/><G60/><T27/><D27/><U16/><E16/><V113/><F113/><W67/><G67/><T58/><D58/><U35/><E35/><V100/><F118/><W76/><G1/><T34/><D34/><U30/><E30/><V88/><F45/><W8/><G8/><T61/><D61/><U119/><E119/><V128/><F128/><W12/><G12/><T109/><D109/><U133/><E47/><V7/><F91/><W37/><G37/><T107/><REACH who="0" step="1"/><D103/><REACH who="0" ten="317,442,231,0" step="2"/><U17/><E17/><AGARI ba="1,1" hai="4,5,6,17,21,24,41,44,51,80,82,96,102,107" machi="17" ten="40,5200,0" yaku="1,1,2,1,52,1,53,0" doraHai="36" doraHaiUra="50" who="0" fromWho="1" sc="317,65,442,-55,231,0,0,0" /><INIT seed="2,0,0,4,1,14" ten="382,387,231,0" oya="2" hai0="23,114,77,56,39,42,66,116,79,121,15,1,135" hai1="37,43,106,12,98,105,132,84,80,25,83,58,125" hai2="107,17,78,6,52,68,0,71,86,20,60,118,57" hai3="46,92,131,127,69,59,11,115,38,87,123,61,133"/><V122/><F118/><W113/><G123/><T16/><D1/><U26/><E132/><V95/><F122/><W109/><G133/><T94/><D121/><U41/><E125/><V65/><F107/><W103/><G127/><T19/><D135/><U70/><E70/><V82/><F0/><W63/><G131/><T45/><D114/><N who="3" m="43529" /><G109/><T111/><D111/><U10/><E37/><V3/><F3/><W53/><G11/><N who="0" m="6271" /><D39/><U89/><E105/><V96/><F6/><W104/><G104/><T81/><D116/><U67/><E106/><V100/><REACH who="2" step="1"/><F65/><REACH who="2" ten="382,387,221,0" step="2"/><N who="3" m="41151" /><G103/><T8/><D66/><U44/><E67/><V40/><F40/><N who="3" m="22807" /><G92/><T130/><D94/><U33/><E43/><V88/><F88/><W73/><G87/><T72/><D130/><U91/><E84/><V129/><F129/><W108/><G108/><T93/><D93/><U134/><E134/><V54/><F54/><W76/><G76/><T47/><D77/><U31/><E89/><V120/><F120/><W74/><AGARI ba="0,1" hai="53,59,61,73,74" m="22807,41151,43529" machi="74" ten="30,1100,0" yaku="11,1" doraHai="14" who="3" fromWho="3" sc="382,-3,387,-3,221,-5,0,21" /><INIT seed="3,0,0,3,4,8" ten="379,384,216,21" oya="3" hai0="101,30,132,126,66,49,54,89,4,0,51,127,124" hai1="73,83,106,109,81,84,104,121,74,108,113,31,129" hai2="28,38,98,128,91,56,34,14,133,79,120,114,68" hai3="1,92,77,93,23,61,70,130,64,39,33,125,123"/><W72/><G123/><T7/><D101/><U44/><E31/><V118/><F68/><W32/><G125/><T82/><D66/><U60/><E60/><V2/><F38/><W62/><G130/><T24/><D0/><U119/><E44/><V12/><F2/><W94/><G1/><T25/><D132/><U71/><E71/><V117/><F34/><W6/><G39/><T67/><D67/><U103/><E121/><V37/><F28/><W17/><G6/><T47/><D51/><U57/><E57/><V45/><F14/><W3/><G3/><T95/><D82/><U116/><E103/><V19/><F12/><W52/><G77/><T78/><D78/><U22/><E22/><V13/><F114/><W21/><G72/><N who="1" m="27754" /><E113/><V55/><F118/><N who="1" m="45097" /><E129/><V80/><F56/><W86/><G86/><N who="0" m="52663" /><D25/><U105/><E81/><V97/><F80/><W11/><G11/><T27/><D24/><U5/><E5/><V107/><F37/><W46/><G23/><AGARI ba="0,0" hai="4,7,23,27,30,47,49,54,124,126,127" m="52663" machi="23" ten="30,1000,0" yaku="18,1" doraHai="8" who="0" fromWho="3" sc="379,10,384,0,216,0,21,-10" /><INIT seed="4,0,0,5,4,22" ten="389,384,216,11" oya="0" hai0="73,133,99,68,125,70,8,63,80,109,132,134,23" hai1="15,107,103,58,130,83,3,33,96,67,77,135,37" hai2="95,119,81,24,35,94,47,89,48,54,131,121,106" hai3="111,9,30,105,11,120,102,90,2,7,126,100,71"/><T29/><D125/><U40/><E3/><V13/><F121/><W5/><G126/><T1/><D109/><U92/><E33/><V26/><F106/><W39/><G111/><T43/><D43/><U101/><E135/><V62/><F35/><W113/><G113/><T42/><D42/><U41/><E130/><V65/><F119/><W4/><G71/><T28/><D28/><U129/><E129/><V97/><F131/><W86/><G39/><T57/><D99/><U19/><E103/><V75/><F13/><W108/><G108/><T36/><D36/><U32/><E32/><V87/><F75/><W52/><G120/><T44/><D44/><U69/><E107/><V56/><F95/><N who="3" m="54743" /><G30/><T88/><D73/><U53/><E67/><V60/><F60/><W64/><G64/><N who="0" m="39023" /><D8/><N who="3" m="3145" /><G105/><T25/><D1/><U91/><E69/><V16/><F16/><W124/><G124/><T78/><D78/><AGARI ba="0,0" hai="24,26,47,48,54,56,62,65,78,81,87,89,94,97" machi="78" ten="30,7700,0" yaku="7,1,8,1,52,2" doraHai="22" who="2" fromWho="0" sc="389,-77,384,0,216,77,11,0" /><INIT seed="5,0,0,3,0,33" ten="312,384,293,11" oya="1" hai0="3,131,46,89,122,38,25,108,65,103,47,101,109" hai1="85,34,115,70,116,95,67,40,112,120,12,36,121" hai2="55,57,43,23,72,135,127,58,68,7,39,78,54" hai3="126,75,4,24,133,15,29,105,118,14,69,19,119"/><U96/><E34/><V93/><F93/><W6/><G69/><T64/><D131/><U21/><E85/><V59/><F23/><W106/><G75/><T99/><D122/><U77/><E77/><V52/><F7/><N who="3" m="2603" /><G19/><T50/><D25/><U27/><E116/><N who="3" m="44586" /><G133/><T42/><D89/><U111/><E70/><V132/><F127/><W80/><G80/><T129/><D129/><U134/><E134/><N who="2" m="51243" /><F78/><W26/><G29/><T73/><D73/><U22/><E120/><V90/><F72/><W124/><G26/><T74/><D74/><U79/><E27/><V107/><F90/><W11/><G24/><T102/><D99/><U63/><E96/><V35/><F107/><N who="3" m="40971" /><G11/><T114/><D103/><U1/><E121/><V18/><F18/><W94/><G94/><T16/><D16/><U49/><E95/><V123/><F35/><W56/><G56/><N who="2" m="21609" /><F123/><W20/><G20/><T86/><D86/><U13/><E21/><V62/><F68/><W81/><G81/><T48/><D42/><U125/><E40/><V98/><F98/><W100/><G100/><T130/><D130/><U31/><E22/><V82/><F82/><W60/><G60/><T10/><D10/><U76/><E76/><V41/><F41/><W92/><G92/><T45/><D102/><U5/><E79/><V113/><F113/><W30/><G30/><T2/><D114/><U104/><E115/><V37/><F43/><W9/><G9/><T32/><D101/><U8/><E112/><V66/><AGARI ba="0,0" hai="37,39,52,54,55,59,62,66" m="21609,51243" machi="66" ten="40,8000,1" yaku="20,1,34,2,54,1" doraHai="33" who="2" fromWho="2" sc="312,-20,384,-40,293,80,11,-20" owari="292,-11.0,344,14.0,373,48.0,-9,-51.0" /></mjloggm>