<mjloggm ver="2.3"><GO type="169" lobby="0"/><UN n0="%74%65%63%68%74%6F" n1="%E9%A3%9B%E3%81%B3%E3%81%9F%E3%81%84%E3%81%A8%E3%81%B3%E3%81%86%E3%81%8A" n2="%E5%B8%B0%E3%82%8A%E3%81%9F%E3%81%84%E3%80%82" n3="%33%6E%6F%6D%79%5F%64%73" dan="16,17,17,17" rate="2044.22,2141.26,2148.55,2167.61" sx="M,M,M,M"/><TAIKYOKU oya="0"/><INIT seed="0,0,0,0,5,30" ten="250,250,250,250" oya="0" hai0="32,26,58,66,83,49,7,55,47,19,108,112,56" hai1="9,61,24,53,89,99,45,75,103,78,34,1,130" hai2="96,132,105,70,94,11,101,28,82,116,85,68,39" hai3="93,37,44,12,69,40,118,123,115,16,126,98,13"/><T2/><D112/><U60/><E130/><V119/><F39/><W120/><G118/><N who="2" m="45097" /><F28/><W63/><G126/><T36/><D2/><U52/><E75/><V121/><F11/><W17/><G115/><T3/><D3/><U81/><E89/><N who="2" m="51383" /><F68/><W4/><G4/><T91/><D7/><U97/><E1/><V57/><F57/><W102/><G13/><T15/><D108/><U107/><E9/><V41/><F41/><W0/><G0/><T73/><D36/><U74/><E99/><V33/><F33/><W35/><G35/><T38/><D38/><U72/><E72/><V76/><F70/><W124/><G124/><T86/><D66/><U62/><REACH who="1" step="1"/><E45/><REACH who="1" ten="250,240,250,250" step="2"/><V125/><F125/><W29/><G123/><T80/><D73/><U65/><E65/><V54/><F76/><W18/><G120/><T84/><D47/><U67/><E67/><V43/><F96/><W59/><G98/><T6/><D91/><U48/><E48/><V134/><F101/><W25/><G102/><T95/><D49/><U71/><E71/><V31/><F121/><W23/><G69/><T77/><D86/><U79/><E79/><V117/><F117/><W104/><G44/><T109/><D77/><U129/><E129/><V127/><F127/><W100/><G100/><T90/><D90/><U64/><E64/><V92/><F134/><W22/><G37/><T42/><D84/><U50/><E50/><V8/><F8/><W114/><G114/><T27/><D42/><U106/><E106/><V135/><F105/><W113/><G104/><T133/><D133/><N who="2" m="51274" /><F43/><W10/><G40/><RYUUKYOKU ba="0,1" sc="250,-10,240,30,250,-10,250,-10" hai1="24,34,52,53,60,61,62,74,78,81,97,103,107" /><INIT seed="1,1,1,3,3,30" ten="240,270,240,240" oya="1" hai0="86,47,109,55,29,65,27,127,100,54,2,23,101" hai1="135,96,106,110,26,120,59,38,108,118,114,11,107" hai2="43,75,111,49,6,56,34,89,14,9,25,132,52" hai3="93,31,58,15,88,16,71,68,5,103,48,12,112"/><U8/><E114/><V64/><F111/><N who="1" m="42537" /><E118/><V60/><F75/><W37/><G37/><T10/><D109/><U126/><E120/><V91/><F43/><W116/><G112/><T74/><D74/><U79/><E38/><V98/><F132/><W122/><G122/><T66/><D127/><U46/><E126/><V57/><REACH who="2" step="1"/><F98/><REACH who="2" ten="240,270,230,240" step="2"/><W115/><G115/><T73/><D73/><U63/><E135/><V13/><F13/><W84/><G12/><T17/><D2/><U123/><E123/><V28/><AGARI ba="1,2" hai="6,9,14,25,28,34,49,52,56,57,60,64,89,91" machi="28" ten="30,7900,0" yaku="1,1,0,1,52,1,54,1,53,0" doraHai="30" doraHaiUra="33" who="2" fromWho="2" sc="240,-21,270,-40,230,102,240,-21" /><INIT seed="2,0,0,5,1,77" ten="219,230,332,219" oya="2" hai0="59,128,78,44,130,63,14,123,74,38,102,99,120" hai1="35,34,15,122,30,80,24,135,0,96,51,7,54" hai2="40,113,68,33,129,27,18,110,5,55,103,28,60" hai3="47,126,93,127,115,119,107,48,76,75,81,29,50"/><V11/><F113/><W46/><G107/><T97/><D14/><U21/><E96/><V45/><F129/><N who="0" m="49770" /><D38/><U104/><E104/><V73/><F110/><W65/><G119/><T116/><D44/><U1/><E122/><N who="0" m="46633" /><D116/><U88/><E135/><V114/><F114/><W117/><G117/><T12/><D12/><U94/><E0/><V118/><F118/><W87/><G29/><T39/><D39/><U131/><E131/><V100/><F18/><W6/><G6/><T53/><D102/><U61/><E1/><V10/><F10/><W70/><G115/><T13/><D13/><U124/><E124/><N who="3" m="47658" /><G65/><T20/><D20/><U108/><E108/><V95/><F11/><W49/><G70/><T101/><D101/><U98/><E7/><V89/><F5/><W64/><G64/><T62/><D62/><U125/><E125/><V22/><F100/><W19/><G19/><T79/><D79/><U69/><E61/><V82/><F103/><W41/><G41/><T106/><D106/><U36/><E69/><V105/><F105/><W26/><G26/><T3/><D3/><U23/><E23/><V57/><F68/><W16/><G16/><T37/><D37/><U71/><E71/><V133/><F22/><W32/><G32/><N who="1" m="12330" /><E36/><V111/><F111/><W84/><G46/><T42/><D42/><U134/><E15/><V112/><F112/><W52/><G75/><T67/><D67/><U66/><E66/><V17/><F17/><W109/><G109/><T8/><D8/><U121/><E121/><V43/><F40/><W31/><G31/><T56/><D56/><RYUUKYOKU ba="0,0" sc="219,15,230,-15,332,-15,219,15" hai0="53,59,63,74,78,97,99" hai3="47,48,49,50,52,76,81,84,87,93" /><INIT seed="3,1,0,1,1,129" ten="234,215,317,234" oya="3" hai0="94,128,36,6,9,64,20,44,86,0,42,97,117" hai1="90,15,87,106,49,133,34,3,101,73,132,72,79" hai2="75,27,21,18,65,68,125,95,57,32,39,131,70" hai3="102,82,103,123,41,121,124,122,113,45,69,134,52"/><W55/><G113/><T11/><D128/><U89/><E3/><V119/><F131/><W40/><G69/><T5/><D117/><U96/><E34/><V60/><F119/><W120/><G124/><T59/><D20/><U77/><E15/><V14/><F39/><W53/><N who="3" m="30720" /><DORA hai="127" /><W109/><G109/><T51/><D86/><U10/><E10/><V115/><F75/><N who="1" m="28745" /><E49/><V12/><F115/><W126/><G126/><T38/><D59/><U105/><E106/><V100/><F125/><W2/><G2/><T135/><D64/><U114/><E114/><V56/><F56/><W58/><G58/><T33/><D33/><U24/><E24/><V91/><F100/><N who="3" m="38443" /><G82/><T74/><D74/><U78/><E90/><V110/><F110/><W98/><G98/><T16/><D16/><U111/><E111/><V8/><F32/><W1/><G1/><T93/><D0/><U30/><E30/><V37/><F37/><W84/><G84/><T107/><D97/><U35/><E35/><V67/><F67/><W7/><G7/><T71/><D51/><U80/><AGARI ba="1,0" hai="77,78,79,80,87,89,96,101,105,132,133" m="28745" machi="80" ten="40,8000,1" yaku="34,2,52,2" doraHai="129,127" who="1" fromWho="1" sc="234,-21,215,83,317,-21,234,-41" /><INIT seed="4,0,0,0,1,111" ten="213,298,296,193" oya="0" hai0="8,75,107,101,50,52,4,132,19,114,80,35,18" hai1="77,95,116,110,135,86,32,7,56,112,2,25,108" hai2="62,87,34,37,69,117,68,66,121,71,49,81,96" hai3="12,43,67,54,106,60,22,6,113,53,118,41,64"/><T61/><D132/><U27/><E116/><V13/><F121/><W51/><G106/><T16/><D35/><U92/><E86/><V82/><F37/><W42/><G22/><T57/><D107/><U10/><E77/><V1/><F1/><W38/><G12/><T122/><D101/><U36/><E56/><V23/><F34/><W123/><G6/><T105/><D105/><U133/><E36/><V15/><F96/><W100/><G100/><T73/><D122/><U63/><E63/><V44/><F81/><W104/><G104/><T29/><D29/><N who="1" m="19503" /><E95/><V24/><F13/><W88/><G88/><T59/><D114/><U0/><E92/><V130/><F15/><W103/><G103/><T84/><D8/><N who="1" m="2151" /><E27/><V109/><F109/><N who="1" m="42089" /><E112/><V126/><F68/><W70/><G113/><T65/><REACH who="0" step="1"/><D4/><AGARI ba="0,0" hai="2,4,10,133,135" m="42089,2151,19503" machi="4" ten="30,3900,0" yaku="23,1,34,2" doraHai="111" who="1" fromWho="0" sc="213,-39,298,39,296,0,193,0" /><INIT seed="5,0,0,0,1,99" ten="174,337,296,193" oya="1" hai0="41,3,61,90,23,44,45,8,66,56,6,48,14" hai1="21,55,40,60,87,111,7,39,24,64,68,104,69" hai2="86,32,9,126,125,114,20,5,94,93,25,135,30" hai3="113,2,116,110,28,35,16,112,63,129,108,81,109"/><U18/><E104/><V128/><F128/><W34/><G81/><T0/><D90/><U78/><E111/><V82/><F135/><W115/><G63/><T91/><D91/><U54/><E68/><V127/><F32/><N who="3" m="12331" /><G28/><T70/><D70/><U118/><E7/><V11/><F114/><W134/><G134/><T106/><D106/><U96/><E118/><V103/><F103/><W57/><G57/><T17/><REACH who="0" step="1"/><D45/><REACH who="0" ten="164,337,296,193" step="2"/><U95/><E69/><V67/><F126/><W77/><G116/><T102/><D102/><U119/><E119/><V88/><F125/><W13/><G77/><T117/><D117/><U122/><E78/><V85/><F93/><W97/><G97/><T84/><D84/><U47/><E87/><V43/><F85/><W50/><G129/><T53/><D53/><U52/><E55/><V36/><F94/><W59/><G59/><T107/><D107/><U1/><E95/><V101/><F101/><W38/><G110/><T26/><AGARI ba="0,1" hai="0,3,6,8,14,17,23,26,41,44,48,56,61,66" machi="26" ten="20,5200,0" yaku="1,1,0,1,7,1,53,1" doraHai="99" doraHaiUra="12" who="0" fromWho="0" sc="164,62,337,-26,296,-13,193,-13" /><INIT seed="6,0,0,4,5,56" ten="226,311,283,180" oya="2" hai0="9,18,3,103,96,15,75,13,71,58,50,132,26" hai1="105,35,73,5,31,60,66,112,44,115,109,128,86" hai2="34,131,32,77,127,70,43,4,41,62,95,59,89" hai3="78,24,19,45,110,25,51,42,68,37,47,135,114"/><V67/><F127/><W48/><G110/><T134/><D71/><U10/><E73/><V88/><F131/><W54/><G135/><N who="0" m="51755" /><D75/><U20/><E105/><V82/><F4/><W72/><G114/><N who="1" m="43562" /><E44/><V106/><F106/><W99/><G68/><T36/><D36/><U11/><E35/><V94/><F70/><W100/><G37/><T49/><D3/><U17/><E31/><V84/><F32/><W90/><G90/><N who="2" m="34921" /><F34/><W97/><G19/><N who="0" m="8623" /><D58/><N who="1" m="37143" /><E109/><V52/><F67/><W129/><G129/><T85/><D85/><U98/><E98/><V87/><F87/><W108/><G108/><T104/><D26/><N who="1" m="14607" /><E128/><V55/><F55/><W123/><G99/><T118/><D118/><U57/><E86/><V40/><AGARI ba="0,0" hai="40,41,43,52,59,62,77,82,84,94,95" m="34921" machi="40" ten="30,11700,0" yaku="8,1,52,1,54,2" doraHai="56" who="2" fromWho="2" sc="226,-39,311,-39,283,117,180,-39" /><INIT seed="6,1,0,0,0,86" ten="187,272,400,141" oya="2" hai0="31,10,43,24,102,48,106,115,98,126,68,18,47" hai1="35,64,123,29,21,81,80,62,129,111,3,119,40" hai2="6,78,130,19,97,72,73,134,17,92,120,59,14" hai3="55,27,105,53,84,135,0,121,107,46,95,56,71"/><V58/><F120/><W85/><G135/><T15/><D115/><U4/><E35/><V8/><F130/><W11/><G71/><T9/><D68/><U79/><E111/><V50/><F78/><W93/><G121/><T63/><D63/><U108/><E108/><V33/><F33/><W89/><G46/><T69/><D69/><U49/><E119/><V22/><F73/><W118/><G118/><T88/><D126/><U23/><E3/><V67/><F72/><W117/><G117/><T124/><D124/><U13/><E129/><V113/><F113/><W112/><G112/><T131/><D10/><U94/><E29/><V82/><F82/><W28/><G55/><T99/><D131/><U75/><E80/><V57/><F19/><W20/><G85/><T32/><REACH who="0" step="1"/><D99/><REACH who="0" ten="177,272,400,141" step="2"/><U100/><E62/><V122/><F97/><W54/><G54/><T87/><D87/><U51/><E123/><V132/><F122/><W41/><G41/><T42/><D42/><U34/><E40/><V76/><F67/><W45/><G45/><T109/><D109/><U16/><E64/><V70/><F70/><W116/><G116/><T44/><D44/><U110/><E75/><V90/><F59/><W39/><G39/><T30/><D30/><U66/><E66/><V36/><F58/><W65/><G65/><T61/><D61/><U125/><E110/><V77/><F36/><W83/><G53/><T91/><AGARI ba="1,1" hai="9,15,18,24,31,32,43,47,48,88,91,98,102,106" machi="91" ten="30,8000,1" yaku="1,1,0,1,52,2,54,1,53,0" doraHai="86" doraHaiUra="1" who="0" fromWho="0" sc="177,93,272,-21,400,-41,141,-21" /><INIT seed="7,0,0,3,4,58" ten="270,251,359,120" oya="3" hai0="103,75,16,86,71,101,43,51,52,17,7,106,132" hai1="97,99,73,12,42,25,6,92,91,49,89,110,83" hai2="67,128,79,84,47,123,85,65,40,109,4,55,39" hai3="90,111,100,102,116,2,118,68,21,23,112,13,30"/><W133/><G2/><T94/><D75/><U15/><E110/><V33/><F33/><W69/><G111/><T24/><D71/><U1/><E1/><V114/><F114/><W82/><G112/><T53/><D106/><U125/><E125/><V48/><F128/><W135/><G13/><T107/><D107/><U8/><E25/><V28/><F28/><W31/><G82/><T120/><D7/><U38/><E38/><V72/><F72/><W127/><REACH who="3" step="1"/><G90/><REACH who="3" ten="270,251,359,110" step="2"/><N who="0" m="53591" /><D24/><U130/><E15/><V22/><F109/><W29/><G29/><T129/><D129/><U56/><E130/><V74/><F123/><W88/><G88/><T60/><D120/><U19/><E91/><V0/><F0/><W104/><G104/><T77/><D77/><U57/><E83/><V3/><F79/><W9/><G9/><T26/><D26/><U41/><E89/><V36/><F3/><W59/><G59/><N who="0" m="34919" /><D132/><U96/><E92/><V20/><F4/><W131/><G131/><T121/><D121/><U34/><E6/><V18/><F18/><N who="0" m="7274" /><D43/><U50/><E56/><AGARI ba="0,1" hai="51,53,56,101,103" m="7274,34919,53591" machi="56" ten="30,7700,0" yaku="8,1,52,1,54,2" doraHai="58" who="0" fromWho="1" sc="270,87,251,-77,359,0,110,0" owari="357,16.0,174,-23.0,359,46.0,110,-39.0" /></mjloggm>