<mjloggm ver="2.3"><GO type="185" lobby="0"/><UN n0="%4E%45%47%49%54%53" n1="%E3%83%9D%E3%82%B1%E3%83%83%E3%83%88" n2="%E3%82%82%E3%82%8D%E3%82%86%E3%81%86" n3="" dan="17,17,16,0" rate="2318.70,2229.52,2099.76,1500.00" sx="F,M,M,C"/><TAIKYOKU oya="0"/><INIT seed="0,0,0,2,2,116" ten="350,350,350,0" oya="0" hai0="48,57,36,129,49,56,44,96,45,0,120,134,69" hai1="127,62,118,32,113,93,130,46,55,80,100,85,66" hai2="108,40,86,133,104,33,90,95,73,58,67,115,72" hai3=""/><T126/><N who="0" m="30752" /><T60/><D0/><U121/><N who="1" m="31008" /><U122/><N who="1" m="31264" /><U71/><E118/><V117/><F117/><T103/><D134/><U123/><N who="1" m="31520" /><U99/><E32/><V52/><F33/><T83/><D36/><U50/><E113/><V110/><F133/><T43/><D126/><U114/><E114/><V37/><F115/><T64/><D83/><U47/><E127/><V42/><F104/><T124/><D129/><U106/><E130/><V119/><F67/><T111/><D111/><U101/><E101/><V70/><F70/><T79/><D79/><U75/><E75/><V63/><F119/><T81/><D81/><U54/><E106/><V92/><F92/><T107/><REACH who="0" step="1"/><D124/><REACH who="0" ten="340,350,350,0" step="2"/><U39/><E39/><V88/><F90/><T38/><D38/><U77/><E46/><V41/><REACH who="2" step="1"/><F37/><REACH who="2" ten="340,350,340,0" step="2"/><T105/><D105/><U84/><REACH who="1" step="1"/><E85/><REACH who="1" ten="340,340,340,0" step="2"/><V3/><F3/><T131/><D131/><U68/><E68/><V59/><F59/><T125/><D125/><U1/><E1/><V97/><F97/><T53/><AGARI ba="0,3" hai="43,44,45,48,49,53,56,57,60,64,69,96,103,107" m="30752" machi="53" ten="20,8000,1" yaku="1,1,0,1,7,1,52,2,53,0" doraHai="116" doraHaiUra="135" who="0" fromWho="0" sc="340,110,340,-40,340,-40,0,0" /><INIT seed="0,1,0,1,1,52" ten="450,300,300,0" oya="0" hai0="82,83,100,106,78,75,119,114,77,118,41,93,133" hai1="43,95,79,123,51,113,62,116,61,49,59,50,129" hai2="39,32,68,69,55,65,109,37,36,2,99,42,135" hai3=""/><T0/><D0/><U96/><N who="1" m="31520" /><U53/><E116/><V64/><F32/><T115/><D41/><U73/><E113/><N who="0" m="43017" /><D133/><U74/><E129/><V63/><F2/><T101/><D93/><U60/><E79/><V85/><F99/><T105/><D101/><U86/><E86/><V122/><N who="2" m="31264" /><V111/><F85/><T102/><D100/><U117/><E117/><N who="0" m="44553" /><D102/><U130/><E43/><V57/><F42/><T131/><D131/><U121/><N who="1" m="31008" /><U80/><E130/><V126/><F126/><T89/><D89/><U108/><E95/><V45/><F135/><T94/><D94/><U81/><E96/><V54/><F45/><T124/><D124/><U35/><E35/><V87/><F87/><AGARI ba="1,0" hai="75,77,78,82,83,87,105,106" m="44553,43017" machi="87" ten="30,2900,0" yaku="34,2" doraHai="52" who="0" fromWho="2" sc="450,31,300,0,300,-31,0,0" /><INIT seed="0,2,0,2,3,45" ten="481,300,269,0" oya="0" hai0="39,88,77,64,97,79,76,89,73,78,125,91,49" hai1="38,114,54,85,105,70,124,47,84,32,57,66,100" hai2="134,33,102,115,98,42,132,101,117,95,112,43,35" hai3=""/><T52/><D39/><U44/><E32/><V56/><F117/><T131/><D131/><U103/><E114/><V53/><F35/><T75/><N who="0" m="19456" /><DORA hai="99" /><T2/><D2/><U93/><E105/><V36/><F33/><T107/><D125/><U106/><E106/><V119/><F119/><T90/><D64/><U50/><E124/><V55/><F55/><T40/><D40/><U51/><E38/><V65/><F65/><T41/><D41/><U71/><E66/><V46/><F42/><T63/><D63/><U62/><E93/><V108/><F108/><T81/><D81/><U122/><N who="1" m="31264" /><U72/><E72/><V74/><F74/><T116/><D116/><U127/><E127/><V128/><F128/><T118/><D118/><U129/><E129/><V37/><F37/><T61/><D61/><U58/><E62/><V69/><F69/><T1/><D1/><U94/><E94/><V133/><REACH who="2" step="1"/><F102/><REACH who="2" ten="481,300,259,0" step="2"/><T87/><D87/><U135/><E54/><V68/><F68/><T130/><D130/><U96/><E84/><V109/><F109/><T83/><D83/><U60/><E85/><V80/><F80/><T34/><D34/><U92/><E71/><V48/><AGARI ba="2,1" hai="36,43,46,48,53,56,95,98,101,112,115,132,133,134" machi="48" ten="30,6000,1" yaku="1,1,0,1,20,1,52,2,53,0" doraHai="45,99" doraHaiUra="3,82" who="2" fromWho="2" sc="481,-42,300,-22,259,74,0,0" /><INIT seed="1,0,0,3,4,114" ten="439,278,333,0" oya="1" hai0="122,123,35,69,88,112,42,134,52,113,108,67,105" hai1="41,83,110,119,45,50,58,133,129,34,3,107,71" hai2="131,37,43,40,46,36,65,132,92,130,72,89,85" hai3=""/><U109/><E3/><V74/><F132/><T79/><N who="0" m="31264" /><T99/><N who="0" m="31520" /><T59/><D35/><U118/><E34/><V0/><F0/><T2/><D2/><U76/><E107/><V39/><F65/><T75/><D134/><U135/><E71/><V91/><F91/><T128/><D69/><U61/><E129/><N who="2" m="49163" /><F43/><T117/><D128/><U32/><E32/><V87/><F87/><T1/><D1/><U102/><E102/><V55/><F55/><T38/><D38/><AGARI ba="0,0" hai="36,37,38,39,40,46,72,74,85,89,92" m="49163" machi="38" ten="40,1300,0" yaku="19,1" doraHai="114" who="2" fromWho="0" sc="439,-13,278,0,333,13,0,0" /><INIT seed="2,0,0,4,1,56" ten="426,278,346,0" oya="2" hai0="75,73,58,46,95,2,66,108,105,49,129,124,103" hai1="53,40,86,88,1,97,106,107,36,92,130,37,127" hai2="47,34,33,134,35,128,110,32,61,81,64,102,113" hai3=""/><V131/><N who="2" m="8192" /><DORA hai="87" /><V96/><F113/><T101/><D105/><U111/><E1/><V109/><F134/><T91/><D2/><U100/><E130/><V3/><F3/><T44/><D129/><N who="2" m="49738" /><F81/><T60/><D108/><N who="2" m="41578" /><F47/><T39/><D124/><U79/><E127/><V77/><F77/><T50/><D39/><U48/><E79/><V99/><F102/><N who="0" m="38922" /><D73/><U123/><N who="1" m="31520" /><U82/><E111/><V121/><N who="2" m="31008" /><V112/><F112/><T78/><D75/><U74/><E74/><V68/><AGARI ba="0,0" hai="61,64,68,96,99" m="31008,41578,49738,8192" machi="68" ten="70,8000,1" yaku="19,1,14,1,10,1,52,2" doraHai="56,87" who="2" fromWho="2" sc="426,-40,278,-40,346,80,0,0" /><INIT seed="2,1,0,4,2,85" ten="386,238,426,0" oya="2" hai0="60,37,132,46,47,110,86,92,36,120,94,41,130" hai1="114,126,52,87,128,88,40,63,54,84,133,117,98" hai2="105,97,64,134,104,116,112,45,75,111,109,42,61" hai3=""/><V102/><F116/><T73/><N who="0" m="30752" /><T93/><D73/><U100/><E114/><V74/><F112/><T90/><D110/><N who="2" m="41994" /><F105/><T44/><D132/><U39/><E133/><V113/><F113/><T99/><D130/><U81/><E128/><V91/><F91/><T59/><D41/><U80/><E117/><V106/><F106/><T49/><D49/><U51/><E39/><V68/><F134/><T131/><D131/><U121/><N who="1" m="31008" /><U62/><E40/><V122/><N who="2" m="31264" /><V56/><F56/><T34/><D34/><U78/><E126/><V35/><F35/><T1/><D1/><U82/><E82/><V53/><F53/><T123/><N who="0" m="31520" /><T135/><D135/><U115/><E115/><V124/><F124/><T3/><D3/><U89/><E78/><V119/><F119/><T66/><REACH who="0" step="1"/><D93/><REACH who="0" ten="376,238,426,0" step="2"/><U50/><E100/><AGARI ba="1,1" hai="36,37,44,46,47,59,60,66,86,90,92,94,99,100" m="31520,30752" machi="100" ten="40,8000,1" yaku="1,1,2,1,52,3,53,0" doraHai="85" doraHaiUra="65" who="0" fromWho="1" sc="376,92,238,-82,426,0,0,0" /><INIT seed="4,0,0,1,2,128" ten="468,156,426,0" oya="0" hai0="46,103,104,121,132,99,78,1,40,56,86,67,97" hai1="133,3,109,60,85,49,127,55,92,33,80,76,74" hai2="107,89,83,50,91,122,35,123,42,79,39,75,113" hai3=""/><T58/><N who="0" m="31008" /><T66/><D1/><U81/><E3/><V37/><N who="2" m="31264" /><V44/><N who="2" m="31520" /><V101/><F35/><T70/><D70/><U54/><E33/><V108/><F108/><T117/><D117/><U129/><E109/><V34/><F34/><T135/><D99/><U90/><E129/><V119/><F119/><T118/><D118/><U72/><E127/><V47/><F113/><T52/><D86/><U100/><E100/><V116/><F116/><T126/><D78/><U114/><E114/><V93/><F107/><T51/><D126/><U48/><E60/><V63/><F37/><T77/><D77/><U61/><E61/><V120/><N who="2" m="30752" /><V53/><F101/><T57/><REACH who="0" step="1"/><D40/><REACH who="0" ten="458,156,426,0" step="2"/><U59/><E74/><V111/><F111/><T125/><D125/><U69/><E69/><V0/><F0/><T106/><D106/><U32/><E32/><V38/><F38/><T65/><AGARI ba="0,1" hai="46,51,52,56,57,58,65,66,67,97,103,104,132,135" m="31008" machi="65" ten="40,12000,2" yaku="1,1,0,1,52,3,54,1,53,0" doraHai="128" doraHaiUra="115" who="0" fromWho="0" sc="458,130,156,-60,426,-60,0,0" /><INIT seed="4,1,0,2,4,123" ten="588,96,366,0" oya="0" hai0="47,0,121,90,40,107,63,53,119,54,38,130,92" hai1="120,37,101,118,55,58,67,113,104,88,61,80,96" hai2="85,103,124,48,93,100,32,36,115,45,77,131,127" hai3=""/><T135/><N who="0" m="31008" /><T81/><D0/><U133/><N who="1" m="30752" /><U91/><E118/><V57/><F32/><T112/><D119/><U46/><E133/><V3/><F3/><T102/><D135/><U98/><E113/><V43/><F115/><T99/><D112/><U76/><E96/><V72/><F72/><T71/><D130/><U33/><E33/><V89/><F131/><T109/><D109/><U78/><E78/><V62/><F77/><T2/><D2/><U66/><E66/><V83/><F36/><T65/><REACH who="0" step="1"/><D81/><REACH who="0" ten="578,96,366,0" step="2"/><U126/><E126/><N who="2" m="48171" /><F83/><T110/><D110/><U108/><E108/><V73/><F73/><T84/><AGARI ba="1,1" hai="38,40,47,53,54,63,65,71,84,90,92,99,102,107" m="31008" machi="84" ten="20,5200,0" yaku="1,1,0,1,7,1,52,1,53,0" doraHai="123" doraHaiUra="1" who="0" fromWho="0" sc="578,64,96,-27,366,-27,0,0" /><INIT seed="4,2,0,0,1,59" ten="642,69,339,0" oya="0" hai0="108,42,67,93,135,104,75,125,86,65,32,100,98" hai1="134,80,52,39,41,63,102,111,116,92,38,122,105" hai2="99,133,96,56,49,109,50,126,47,90,79,88,110" hai3=""/><T54/><D32/><U37/><N who="1" m="31264" /><U103/><E111/><V124/><F79/><T66/><D108/><U57/><E116/><V58/><REACH who="2" step="1"/><F47/><REACH who="2" ten="642,69,329,0" step="2"/><T55/><D135/><AGARI ba="2,1" hai="49,50,56,58,88,90,96,99,109,110,124,126,133,135" machi="135" ten="25,12000,2" yaku="1,1,2,1,22,2,54,1,53,2" doraHai="59" doraHaiUra="53" who="2" fromWho="0" sc="642,-124,69,0,329,134,0,0" /><INIT seed="5,0,0,1,3,43" ten="518,69,463,0" oya="1" hai0="53,94,86,125,63,121,92,96,108,102,128,118,71" hai1="113,117,78,131,59,66,105,36,44,80,68,33,61" hai2="87,37,42,77,51,57,1,70,74,100,116,54,133" hai3=""/><U132/><E33/><V97/><F1/><T123/><N who="0" m="31008" /><T38/><N who="0" m="31520" /><T107/><D108/><U112/><E117/><V81/><F116/><T72/><D118/><U67/><E105/><V79/><F70/><T106/><D38/><U47/><E36/><V114/><F133/><T41/><D72/><U84/><E132/><V65/><F114/><N who="1" m="44137" /><E131/><V85/><F65/><N who="1" m="24585" /><E68/><V46/><REACH who="2" step="1"/><F79/><REACH who="2" ten="518,69,453,0" step="2"/><T126/><D71/><U135/><E135/><V99/><F99/><T127/><D128/><U104/><E104/><AGARI ba="0,1" hai="37,42,46,51,54,57,74,77,81,85,87,97,100,104" machi="104" ten="30,3900,0" yaku="1,1,7,1,52,1,53,0" doraHai="43" doraHaiUra="89" who="2" fromWho="1" sc="518,0,69,-39,453,49,0,0" /><INIT seed="6,0,0,5,3,118" ten="518,30,502,0" oya="2" hai0="130,77,81,104,76,134,121,40,111,45,125,60,71" hai1="68,78,90,72,131,41,117,128,36,105,119,98,43" hai2="64,116,129,63,61,2,1,93,67,106,101,126,69" hai3=""/><V52/><F116/><T79/><N who="0" m="31008" /><T122/><N who="0" m="31264" /><T56/><D111/><U120/><E90/><V109/><F109/><T99/><D71/><U54/><E54/><V47/><F106/><T59/><D134/><U97/><E78/><V85/><F129/><T66/><D130/><U48/><E48/><V84/><F126/><T112/><D125/><U50/><E50/><V113/><F113/><T3/><D3/><U95/><E95/><V124/><F124/><T103/><D112/><U53/><E53/><V57/><F47/><T87/><D59/><U108/><E97/><V58/><F85/><T94/><D104/><U107/><E98/><V75/><F75/><T33/><D33/><U100/><E100/><V38/><F38/><AGARI ba="0,0" hai="38,40,45,56,60,66,76,77,79,81,87,94,99,103" m="31264,31008" machi="38" ten="30,8000,1" yaku="7,1,52,4" doraHai="118" who="0" fromWho="2" sc="518,80,30,0,502,-80,0,0" owari="598,55.0,30,-57.0,422,2.0,0,0.0" /></mjloggm>