<mjloggm ver="2.3"><GO type="185" lobby="0"/><UN n0="%E4%B8%8A%E5%AE%B6%E3%81%AE%E6%AF%8D%E3%81%A7%E3%81%99" n1="%E3%82%82%E3%82%8D%E3%82%86%E3%81%86" n2="%E9%9B%AA%E6%9D%91%E5%8D%83%E7%B5%B5%E8%8E%89" n3="" dan="16,16,17,0" rate="2177.00,2111.09,2286.79,1500.00" sx="F,M,F,C"/><TAIKYOKU oya="0"/><INIT seed="0,0,0,0,3,68" ten="350,350,350,0" oya="0" hai0="61,35,130,88,64,71,132,91,125,65,78,34,69" hai1="38,85,36,123,59,98,111,55,86,99,135,84,102" hai2="82,95,75,80,107,54,116,37,42,87,129,51,56" hai3=""/><T114/><D114/><U73/><N who="1" m="31520" /><U128/><E135/><V126/><F126/><T117/><D117/><U1/><E1/><V120/><N who="2" m="30752" /><V93/><F129/><T50/><D130/><U106/><E128/><V118/><F107/><T70/><D125/><U62/><E73/><V79/><F116/><T94/><D132/><U101/><REACH who="1" step="1"/><E111/><REACH who="1" ten="350,340,350,0" step="2"/><V103/><F118/><T96/><D35/><U39/><E39/><V127/><F127/><T108/><D108/><U57/><E57/><V63/><F103/><T41/><D34/><U104/><AGARI ba="0,1" hai="36,38,55,59,62,84,85,86,98,99,101,102,104,106" m="31520" machi="104" ten="30,9000,2" yaku="1,1,0,1,9,1,52,3,53,0" doraHai="68" doraHaiUra="46" who="1" fromWho="1" sc="350,-60,340,100,350,-30,0,0" /><INIT seed="1,0,0,2,2,73" ten="290,440,320,0" oya="1" hai0="37,123,33,70,75,59,104,63,66,80,84,55,36" hai1="112,118,77,64,69,1,51,47,50,62,133,106,113" hai2="79,101,99,132,72,58,135,60,121,95,83,119,3" hai3=""/><U67/><E1/><V49/><N who="2" m="31008" /><V111/><F3/><T134/><N who="0" m="31520" /><T42/><D134/><U82/><E118/><V93/><F119/><T76/><D33/><U110/><E106/><V91/><F111/><T35/><D35/><U92/><E133/><V32/><F49/><T54/><D104/><U41/><E110/><V44/><F44/><T88/><D42/><U68/><E51/><V78/><F78/><T117/><D117/><U86/><REACH who="1" step="1"/><E92/><REACH who="1" ten="290,430,320,0" step="2"/><V34/><F135/><T61/><REACH who="0" step="1"/><D55/><REACH who="0" ten="280,430,320,0" step="2"/><U100/><E100/><V116/><F132/><T108/><D108/><U40/><E40/><V0/><F116/><T98/><D98/><U57/><E57/><V130/><F0/><T127/><D127/><U38/><E38/><V120/><N who="2" m="30752" /><V87/><REACH who="2" step="1"/><F130/><REACH who="2" ten="280,430,310,0" step="2"/><T125/><D125/><U102/><E102/><V115/><F115/><T39/><D39/><U53/><E53/><AGARI ba="0,3" hai="32,34,53,58,60,72,79,83,87,91,93,95,99,101" m="30752,31008" machi="53" ten="30,12000,2" yaku="1,1,7,1,52,3,53,1" doraHai="73" doraHaiUra="85" who="2" fromWho="1" sc="280,0,430,-120,310,150,0,0" /><INIT seed="2,0,0,3,0,135" ten="280,310,460,0" oya="2" hai0="43,80,60,75,48,42,34,106,116,32,112,117,94" hai1="62,98,124,119,61,114,78,66,63,1,125,101,103" hai2="123,102,105,131,45,71,130,86,132,2,91,95,52" hai3=""/><V81/><N who="2" m="31520" /><V67/><F2/><T36/><D106/><U57/><E1/><V127/><F132/><T51/><D112/><U93/><E114/><V55/><F105/><T46/><D94/><U41/><E119/><V121/><N who="2" m="31008" /><V77/><F102/><T90/><D60/><U128/><E128/><N who="2" m="49195" /><F127/><N who="1" m="48713" /><E103/><V54/><F71/><T108/><D108/><U38/><E78/><V89/><F67/><T97/><D117/><U53/><E66/><V73/><F91/><T79/><D116/><U44/><AGARI ba="0,0" hai="38,41,44,53,57,61,62,63,93,98,101" m="48713" machi="44" ten="30,5900,0" yaku="18,1,52,3" doraHai="135" who="1" fromWho="1" sc="280,-20,310,59,460,-39,0,0" /><INIT seed="4,0,0,0,1,79" ten="260,369,421,0" oya="0" hai0="87,89,0,44,78,121,81,40,52,59,124,116,43" hai1="112,118,91,57,72,48,114,82,36,65,95,46,80" hai2="47,105,77,111,76,1,75,134,106,102,39,97,133" hai3=""/><T104/><N who="0" m="31008" /><T34/><D34/><U125/><E118/><V108/><F1/><T94/><D116/><U64/><E125/><V98/><F39/><T63/><D0/><U85/><E72/><V2/><F47/><T42/><D124/><U37/><E36/><V119/><F2/><T69/><D104/><U68/><E68/><V50/><F50/><T93/><D69/><U67/><E57/><V110/><F119/><T130/><D130/><U38/><E37/><V66/><F66/><T62/><D62/><U71/><E38/><V32/><F32/><T120/><N who="0" m="30752" /><T128/><D128/><U55/><REACH who="1" step="1"/><E71/><REACH who="1" ten="260,359,421,0" step="2"/><V96/><F75/><T109/><D109/><U126/><E126/><V74/><F74/><T129/><D129/><U83/><AGARI ba="0,1" hai="46,48,55,64,65,67,80,82,83,85,91,95,112,114" machi="83" ten="40,9000,2" yaku="1,1,0,1,52,3,53,1" doraHai="79" doraHaiUra="51" who="1" fromWho="1" sc="260,-60,359,100,421,-30,0,0" /><INIT seed="5,0,0,3,4,76" ten="200,459,391,0" oya="1" hai0="134,62,109,95,121,56,101,119,74,84,99,100,117" hai1="90,38,96,65,87,67,126,123,68,106,1,97,88" hai2="41,124,79,64,44,80,107,35,128,133,112,54,51" hai3=""/><U33/><N who="1" m="31520" /><U60/><E1/><V104/><F35/><T40/><N who="0" m="31008" /><T55/><D109/><U2/><E2/><V39/><F128/><T105/><D74/><U94/><E33/><V58/><F124/><T57/><D134/><U70/><E126/><V77/><F133/><T116/><D40/><U114/><E38/><V129/><F129/><T50/><D84/><U34/><E34/><V113/><F79/><T103/><REACH who="0" step="1"/><D105/><REACH who="0" ten="190,459,391,0" step="2"/><U72/><E72/><V71/><F107/><T102/><D102/><U81/><E106/><V45/><F104/><T118/><N who="0" m="29696" /><DORA hai="66" /><T49/><D49/><U130/><E130/><V42/><F42/><T78/><D78/><U75/><E75/><V89/><F77/><T83/><D83/><U82/><E97/><V61/><F80/><T85/><D85/><U110/><E110/><V93/><F89/><T111/><D111/><U127/><E127/><V47/><F93/><T131/><D131/><U92/><E114/><AGARI ba="0,1" hai="39,41,44,45,47,51,54,58,61,64,71,112,113,114" machi="114" ten="40,16000,3" yaku="24,2,15,1,11,1,34,3,52,1" doraHai="76,66" who="2" fromWho="1" sc="190,0,459,-160,391,170,0,0" /><INIT seed="6,0,0,4,4,121" ten="190,299,561,0" oya="2" hai0="98,116,51,122,62,86,119,107,132,48,53,63,0" hai1="112,45,109,131,56,93,36,133,80,44,43,83,99" hai2="85,66,96,40,135,33,1,91,78,97,120,111,39" hai3=""/><V68/><N who="2" m="30752" /><V87/><F1/><T61/><N who="0" m="31264" /><T124/><D0/><U95/><E112/><V50/><F111/><T100/><D86/><U49/><E109/><V76/><F33/><T64/><D98/><U110/><E110/><V106/><F39/><T38/><D100/><U77/><E133/><V58/><F135/><T55/><D107/><U127/><E131/><V118/><F118/><T114/><D132/><U108/><E108/><V47/><F68/><T125/><D38/><U105/><E127/><V102/><F96/><T67/><D63/><U84/><E80/><V42/><F106/><T82/><D82/><U92/><E56/><V65/><F102/><T54/><D54/><U123/><N who="1" m="31520" /><U37/><E105/><V74/><F97/><T128/><D128/><U46/><E99/><V81/><F87/><T72/><D72/><U88/><E37/><V71/><F74/><T75/><D75/><U101/><E101/><V129/><F129/><T60/><D62/><U115/><E115/><AGARI ba="0,0" hai="48,51,53,55,60,61,64,67,114,115,116,119,124,125" m="31264" machi="115" ten="25,12000,2" yaku="22,2,34,3,52,1" doraHai="121" who="0" fromWho="1" sc="190,120,299,-120,561,0,0,0" owari="310,-9.0,179,-42.0,561,51.0,0,0.0" /></mjloggm>