<mjloggm ver="2.3"><GO type="169" lobby="0"/><UN n0="%74%6F%72%69%30%36%31%32" n1="%E3%81%B8%E3%82%80%E3%81%B8%E3%82%80%EF%BC%92%E5%8F%B7" n2="%E3%81%9F%E3%81%8D%E3%81%8A%E3%82%93%40%53%49" n3="%4F%4D%41%4E%54%41" dan="17,17,16,19" rate="2201.16,2162.34,2108.59,2223.39" sx="M,M,M,M"/><TAIKYOKU oya="0"/><INIT seed="0,0,0,0,2,56" ten="250,250,250,250" oya="0" hai0="132,129,97,117,120,48,99,98,55,72,61,51,4" hai1="133,59,60,73,82,87,45,14,13,2,95,83,18" hai2="62,118,135,50,130,93,125,100,107,102,40,53,81" hai3="25,96,110,43,12,101,94,121,84,52,105,33,8"/><T128/><D120/><U38/><E2/><V37/><F125/><W17/><G110/><T126/><D72/><U26/><E133/><V119/><F135/><W7/><G121/><T66/><D132/><U122/><E122/><V76/><F107/><W124/><G124/><T68/><D117/><N who="2" m="44554" /><F93/><W10/><G43/><T19/><D126/><U39/><E26/><V104/><F104/><W54/><G33/><T89/><D4/><U34/><E34/><V78/><F78/><W41/><G41/><T115/><D115/><U23/><E13/><V20/><F20/><W21/><G105/><T108/><D108/><U109/><E109/><V127/><F130/><N who="0" m="50282" /><D19/><U114/><E114/><V30/><F30/><W71/><G71/><T5/><D5/><U0/><E0/><V42/><F42/><W28/><REACH who="3" step="1"/><G84/><REACH who="3" ten="250,250,250,240" step="2"/><T11/><D11/><U80/><E73/><N who="2" m="43151" /><F40/><W112/><G112/><T70/><D70/><U74/><E74/><V88/><F37/><W3/><AGARI ba="0,1" hai="3,7,8,10,12,17,21,25,28,52,54,94,96,101" machi="3" ten="20,5200,0" yaku="1,1,0,1,7,1,54,1,53,0" doraHai="56" doraHaiUra="86" who="3" fromWho="3" sc="250,-26,250,-13,250,-13,240,62" /><INIT seed="1,0,0,0,2,107" ten="224,237,237,302" oya="1" hai0="120,74,105,26,118,71,79,93,22,127,31,0,84" hai1="92,49,38,54,68,91,50,130,56,89,4,47,99" hai2="1,114,16,28,17,39,132,72,18,77,57,15,112" hai3="124,131,104,96,126,75,48,113,6,116,63,19,45"/><U37/><E130/><V41/><F1/><W88/><G113/><N who="2" m="43625" /><F132/><W111/><G111/><T32/><D118/><U125/><E125/><V53/><F28/><W108/><G108/><T43/><D0/><U3/><E68/><V46/><F77/><W106/><G6/><T78/><D105/><U95/><E4/><V86/><F86/><W123/><G123/><T44/><D71/><U100/><E3/><V129/><F129/><W59/><G131/><T121/><D32/><U101/><E38/><V60/><F72/><W29/><G29/><T27/><D27/><U8/><E8/><AGARI ba="0,0" hai="8,15,16,17,18,39,41,46,53,57,60" m="43625" machi="8" ten="30,2000,0" yaku="11,1,54,1" doraHai="107" who="2" fromWho="1" sc="224,0,237,-20,237,20,302,0" /><INIT seed="2,0,0,3,3,133" ten="224,217,257,302" oya="2" hai0="57,82,12,114,43,108,79,117,76,28,21,23,54" hai1="14,31,3,6,22,1,27,29,15,96,95,39,45" hai2="111,103,69,115,63,97,70,46,93,65,50,5,121" hai3="68,61,52,122,35,85,55,53,131,120,19,98,71"/><V75/><F115/><W37/><G85/><T130/><D130/><U44/><E39/><V33/><F121/><N who="3" m="46699" /><G98/><T16/><D117/><U67/><E67/><V72/><F33/><W60/><G19/><T32/><D114/><U123/><E123/><V127/><F127/><W124/><G35/><T132/><D132/><U48/><E45/><V110/><F70/><N who="3" m="26667" /><G124/><T64/><D108/><N who="2" m="41514" /><F5/><W118/><G118/><T4/><D64/><U9/><E29/><V89/><F89/><W84/><G84/><T73/><D79/><U99/><E3/><V49/><F49/><W56/><G131/><T105/><D32/><U102/><REACH who="1" step="1"/><E96/><REACH who="1" ten="224,207,257,302" step="2"/><V128/><F128/><W24/><G37/><T134/><D134/><U47/><E47/><V104/><F104/><W100/><G53/><AGARI ba="0,1" hai="1,6,9,14,15,22,27,31,44,48,53,95,99,102" machi="53" ten="30,2000,0" yaku="1,1,7,1,53,0" doraHai="133" doraHaiUra="13" who="1" fromWho="3" sc="224,0,207,30,257,0,302,-20" /><AGARI ba="0,0" hai="46,50,53,63,65,69,72,75,93,97,103" m="41514" machi="53" ten="30,2900,0" yaku="14,1,10,1" doraHai="133" who="2" fromWho="3" sc="224,0,237,0,257,29,282,-29" /><INIT seed="2,1,0,4,4,120" ten="224,237,286,253" oya="2" hai0="53,85,17,115,118,5,6,18,78,112,3,57,116" hai1="128,126,117,69,56,68,84,37,13,76,26,46,111" hai2="29,19,129,10,134,130,4,96,22,66,11,44,36" hai3="55,24,63,89,42,61,133,77,114,104,91,60,58"/><V27/><F66/><W83/><G133/><T75/><D85/><U9/><E117/><N who="0" m="45161" /><D78/><U31/><E126/><V38/><F96/><W67/><G114/><N who="0" m="43563" /><D75/><U95/><E128/><N who="2" m="49259" /><F44/><W2/><G2/><T108/><D3/><U72/><E56/><V90/><F90/><W87/><G104/><T54/><D108/><U86/><E111/><V121/><F121/><W100/><G100/><T71/><D71/><U50/><E72/><V43/><F43/><W32/><G42/><T107/><D107/><U82/><E37/><V45/><F45/><W123/><G123/><T52/><D57/><U16/><E86/><V110/><F110/><W105/><G105/><T73/><D73/><U109/><E95/><V48/><F48/><W28/><G63/><T30/><D30/><U93/><E93/><V124/><F124/><W8/><G8/><T7/><AGARI ba="1,0" hai="5,6,7,17,18,52,53,54" m="43563,45161" machi="7" ten="40,8000,1" yaku="28,2,12,1,54,1" doraHai="120" who="0" fromWho="0" sc="224,83,237,-21,286,-41,253,-21" /><INIT seed="3,0,0,0,4,81" ten="307,216,245,232" oya="3" hai0="64,5,9,91,52,77,135,94,73,116,62,86,17" hai1="96,4,71,121,60,85,126,123,55,134,68,98,8" hai2="47,67,114,0,1,106,25,27,21,78,89,112,120" hai3="127,109,129,79,61,30,41,74,24,45,80,128,26"/><W130/><G127/><T44/><D116/><U13/><E126/><V36/><F120/><W90/><G109/><T34/><D34/><U97/><E134/><V107/><F67/><W88/><G61/><T102/><D73/><U16/><E4/><V66/><F66/><W76/><G76/><T6/><D77/><U38/><E38/><V37/><F78/><W3/><G3/><T50/><D102/><U32/><E32/><V58/><F58/><W12/><G12/><N who="0" m="7311" /><D135/><U110/><E110/><V33/><F33/><N who="3" m="20679" /><G26/><T20/><D20/><U125/><E125/><V101/><F89/><W48/><AGARI ba="0,0" hai="41,45,48,74,79,80,88,90,128,129,130" m="20679" machi="48" ten="30,3000,0" yaku="19,1,54,1" doraHai="81" who="3" fromWho="3" sc="307,-10,216,-10,245,-10,232,30" /><INIT seed="3,1,0,5,3,111" ten="297,206,235,262" oya="3" hai0="107,116,40,20,10,76,27,89,127,56,38,112,135" hai1="82,121,29,44,3,58,124,63,90,31,15,41,39" hai2="50,78,80,36,62,14,4,123,106,64,60,16,99" hai3="51,0,115,53,9,8,18,11,102,48,84,59,122"/><W117/><G117/><T7/><D107/><U17/><E124/><V98/><F36/><W57/><G122/><T52/><D116/><U103/><E3/><V19/><F123/><W26/><G115/><T93/><D127/><U13/><E103/><V126/><F126/><W101/><G0/><T2/><D76/><U34/><E121/><V114/><F114/><W75/><G75/><T74/><D74/><U119/><E119/><V128/><F128/><W1/><G1/><T37/><D135/><U47/><E47/><V118/><F118/><W131/><G131/><T104/><D104/><U68/><E68/><V70/><F106/><W66/><G84/><T91/><D40/><U45/><E45/><V95/><F50/><W69/><G69/><T55/><D55/><U71/><E71/><V87/><F62/><N who="3" m="38223" /><G51/><T100/><D100/><N who="3" m="38505" /><G26/><T125/><D91/><U96/><E34/><V35/><F35/><W133/><G133/><T21/><D112/><U108/><E108/><V92/><F4/><W81/><G81/><T88/><D89/><U61/><E82/><V83/><F83/><W134/><G134/><T32/><D125/><U130/><E130/><V73/><F73/><W30/><G30/><N who="1" m="11274" /><E17/><AGARI ba="1,0" hai="8,9,11,17,18,48,53,59" m="38505,38223" machi="17" ten="30,1500,0" yaku="8,1" doraHai="111" who="3" fromWho="1" sc="297,0,206,-18,235,0,262,18" /><INIT seed="3,2,0,0,5,55" ten="297,188,235,280" oya="3" hai0="99,89,51,84,39,30,20,110,80,62,129,37,23" hai1="112,60,66,91,6,103,35,114,26,63,46,109,21" hai2="29,86,98,41,45,68,33,50,132,108,93,27,58" hai3="53,59,10,67,94,40,106,9,42,13,19,128,57"/><W52/><G106/><T100/><D129/><U123/><E35/><V73/><F73/><W135/><G128/><T77/><D110/><U17/><E109/><V85/><F108/><W43/><G135/><T122/><D122/><U116/><E123/><V105/><F132/><W11/><G67/><T31/><D39/><U4/><E103/><V83/><F105/><W102/><G102/><T24/><D37/><U64/><E46/><V92/><F68/><W36/><G94/><N who="0" m="58487" /><D62/><U131/><E131/><V118/><F118/><W34/><G34/><T107/><D107/><U71/><E116/><V111/><F111/><W18/><G36/><T25/><D51/><U115/><REACH who="1" step="1"/><E91/><AGARI ba="2,0" hai="20,23,24,25,30,31,77,80,84,89,91" m="58487" machi="91" ten="30,1000,0" yaku="8,1" doraHai="55" who="0" fromWho="1" sc="297,16,188,-16,235,0,280,0" /><INIT seed="4,0,0,5,2,56" ten="313,172,235,280" oya="0" hai0="28,134,114,97,57,29,10,27,76,47,40,108,59" hai1="94,109,128,115,90,111,102,42,64,112,32,15,54" hai2="107,63,130,85,123,4,95,66,6,116,100,71,19" hai3="80,87,41,0,103,70,8,60,125,101,51,35,81"/><T14/><D114/><N who="1" m="43563" /><E32/><V7/><F123/><W121/><G35/><T46/><D134/><U18/><E102/><V83/><F130/><W61/><G121/><T110/><D76/><U45/><E54/><V43/><F43/><W68/><G125/><T72/><D72/><U113/><N who="1" m="43571" /><U82/><DORA hai="78" /><E82/><V73/><F73/><W1/><G41/><T69/><D69/><U77/><E77/><V49/><F49/><W65/><G51/><N who="0" m="27079" /><D97/><N who="1" m="57559" /><E128/><V126/><F126/><W26/><G87/><T124/><D124/><U98/><E98/><V5/><F107/><W21/><G65/><T79/><D79/><U104/><E104/><V34/><F34/><W106/><G106/><T9/><D110/><U12/><E64/><V122/><F122/><W58/><G101/><T11/><D47/><U92/><E92/><V117/><F95/><W17/><G103/><T132/><D108/><N who="1" m="41547" /><E18/><V16/><F100/><W36/><G17/><T86/><D86/><U48/><AGARI ba="0,0" hai="12,15,42,45,48" m="41547,57559,43571" machi="48" ten="50,3200,0" yaku="15,1,11,1" doraHai="56,78" who="1" fromWho="1" sc="313,-16,172,32,235,-8,280,-8" /><INIT seed="5,0,0,2,3,41" ten="297,204,227,272" oya="1" hai0="8,94,82,125,98,25,18,72,48,15,21,122,26" hai1="127,86,78,54,74,110,68,4,11,12,77,27,47" hai2="91,37,112,117,85,129,50,34,6,135,119,66,97" hai3="45,102,96,123,19,128,38,42,64,17,20,13,14"/><U52/><E127/><V87/><F34/><W84/><G128/><T90/><D122/><U67/><E110/><V106/><F37/><W62/><G84/><N who="0" m="50455" /><D72/><U28/><E74/><V80/><F66/><W118/><G118/><T114/><D114/><U132/><E132/><V105/><F6/><W56/><G123/><T55/><D125/><U99/><E99/><V2/><F2/><W51/><G38/><T115/><D21/><U24/><E68/><V89/><F50/><W70/><G70/><T36/><D36/><U107/><E67/><V30/><F30/><W100/><REACH who="3" step="1"/><G96/><REACH who="3" ten="297,204,227,262" step="2"/><T104/><D115/><U76/><E107/><V103/><F129/><W109/><G109/><T79/><D104/><U7/><E86/><V95/><F135/><W5/><G5/><T46/><D79/><U71/><E71/><V9/><F112/><W43/><G43/><T134/><D134/><U126/><E126/><V93/><F9/><AGARI ba="0,1" hai="9,13,14,17,19,20,42,45,51,56,62,64,100,102" machi="9" ten="30,7700,0" yaku="1,1,7,1,8,1,52,1,53,0" doraHai="41" doraHaiUra="92" who="3" fromWho="2" sc="297,0,204,0,227,-77,262,87" /><INIT seed="6,0,0,4,0,51" ten="297,204,150,349" oya="2" hai0="135,48,37,72,15,88,56,28,58,71,19,31,90" hai1="23,55,1,44,47,49,17,63,94,61,66,85,76" hai2="40,59,3,41,124,122,93,43,74,92,33,114,89" hai3="113,8,36,130,116,24,132,30,4,101,126,52,32"/><V117/><F122/><W80/><G116/><T134/><D71/><U53/><E1/><V45/><F117/><W65/><G36/><T6/><D72/><U20/><E76/><V57/><F3/><W102/><G126/><T96/><D6/><U131/><E131/><V129/><F33/><W106/><G132/><N who="0" m="50731" /><D37/><U97/><E85/><V64/><F129/><W83/><G130/><T0/><D0/><U91/><E23/><V14/><F124/><W115/><G65/><T54/><D58/><U119/><E119/><V2/><F2/><N who="3" m="23" /><G83/><T118/><D118/><U12/><E66/><V73/><F114/><N who="3" m="43531" /><G80/><T109/><D109/><U69/><E69/><V13/><F64/><W18/><G18/><T103/><D31/><U25/><E25/><V67/><F67/><W125/><G106/><N who="0" m="63847" /><D28/><U22/><E22/><AGARI ba="0,0" hai="15,19,22,48,54,56,88,90" m="63847,50731" machi="22" ten="30,3900,0" yaku="20,1,52,1,54,1" doraHai="51" who="0" fromWho="1" sc="297,39,204,-39,150,0,349,0" /><INIT seed="7,0,0,5,4,31" ten="336,165,150,349" oya="3" hai0="126,130,82,55,52,9,74,104,75,0,107,7,68" hai1="41,64,95,58,102,43,128,30,47,70,21,98,29" hai2="66,25,24,85,123,49,19,53,22,86,3,46,42" hai3="97,59,62,61,72,113,91,131,105,114,5,109,94"/><W88/><G131/><T79/><D75/><U38/><E128/><V67/><F3/><W33/><G109/><T83/><D130/><U121/><E121/><V77/><F123/><W92/><G105/><T48/><D126/><U100/><E100/><V60/><F77/><W35/><G72/><T32/><D32/><U89/><E43/><V125/><F125/><W108/><G5/><T134/><D134/><U45/><E45/><V127/><F127/><W10/><G10/><T87/><D68/><U103/><E70/><V40/><F40/><W11/><G11/><T124/><D55/><U122/><E122/><V17/><F42/><W81/><G81/><T120/><D120/><U51/><E38/><V28/><F67/><W63/><G59/><T106/><D124/><U27/><E30/><V118/><F118/><W71/><G108/><T112/><D112/><N who="3" m="43113" /><G71/><T8/><D8/><U34/><E34/><V44/><F44/><W23/><G23/><T117/><D117/><U13/><E13/><V4/><F4/><W93/><G93/><T65/><D65/><U110/><E110/><V80/><F80/><W54/><G54/><T18/><D18/><U129/><E129/><V133/><F133/><W90/><G90/><T96/><D83/><U16/><E16/><N who="2" m="6219" /><F24/><W78/><G78/><T37/><D74/><U101/><E89/><V15/><F15/><W1/><G1/><T69/><D69/><U14/><E14/><V111/><F111/><W26/><G26/><T36/><REACH who="0" step="1"/><D96/><AGARI ba="0,0" hai="33,35,61,62,63,88,91,92,94,96,97" m="43113" machi="96" ten="30,11600,0" yaku="15,1,52,2,54,1" doraHai="31" who="3" fromWho="0" sc="336,-116,165,0,150,0,349,116" owari="220,2.0,165,-23.0,150,-35.0,465,56.0" /></mjloggm>