<mjloggm ver="2.3"><GO type="169" lobby="0"/><UN n0="%E3%81%84%E3%81%A1%E3%81%AE%E3%81%9B%E3%81%BB%E3%81%AA%E3%81%BF" n1="%E6%9C%B1%E8%81%9E%E8%92%BC%E6%97%A5" n2="%79%6A%2D%63%68%65%6B%69" n3="%E5%A4%9A%E6%91%A9%E3%82%BD%E3%83%BC%E3%82%B8" dan="16,16,16,17" rate="2144.47,2102.19,2068.24,2275.22" sx="F,M,M,M"/><TAIKYOKU oya="0"/><INIT seed="0,0,0,5,4,63" ten="250,250,250,250" oya="0" hai0="0,79,122,108,29,118,9,58,77,109,10,105,48" hai1="50,64,34,85,107,3,114,38,56,45,128,22,65" hai2="68,116,7,78,27,89,134,57,100,121,97,36,24" hai3="11,84,101,87,94,26,51,43,18,1,5,14,93"/><T127/><D118/><U91/><E34/><V55/><F68/><W66/><G26/><T103/><D122/><U62/><E3/><V96/><F36/><W13/><G1/><T119/><D119/><U135/><E107/><V130/><F78/><N who="0" m="29706" /><D0/><U44/><E128/><V132/><F7/><W69/><G69/><T92/><D105/><U59/><E135/><V113/><F89/><W133/><G133/><T123/><D123/><U52/><E114/><V8/><F113/><W80/><G87/><T33/><D33/><U17/><E38/><V53/><F57/><W71/><G71/><T12/><D29/><U88/><E64/><V95/><F130/><W15/><G66/><T30/><D30/><U35/><E35/><V111/><F100/><W2/><G101/><T90/><D103/><U81/><E91/><V23/><F8/><N who="0" m="3178" /><D127/><U73/><E73/><V104/><F104/><W21/><G13/><AGARI ba="0,0" hai="13,17,22,44,45,50,52,56,59,62,65,81,85,88" machi="13" ten="30,8000,1" yaku="7,1,8,1,52,1,54,2" doraHai="63" who="1" fromWho="3" sc="250,0,250,80,250,0,250,-80" /><INIT seed="1,0,0,4,3,121" ten="250,330,250,170" oya="1" hai0="64,12,14,50,55,73,15,95,130,18,60,120,111" hai1="117,72,35,69,29,85,2,118,56,123,65,19,88" hai2="21,4,104,59,24,43,9,84,25,54,79,63,62" hai3="112,103,78,45,22,101,108,49,47,46,89,109,132"/><U26/><E123/><V42/><F104/><W90/><G112/><T17/><D120/><U122/><E122/><V68/><F63/><W51/><G22/><T44/><D73/><U107/><E72/><V100/><F100/><N who="3" m="38475" /><G78/><T5/><D130/><U67/><E2/><V77/><F68/><W113/><G113/><T1/><D111/><N who="3" m="42569" /><G132/><T16/><D95/><U93/><E107/><V13/><F77/><W116/><G116/><T0/><REACH who="0" step="1"/><D5/><REACH who="0" ten="240,330,250,170" step="2"/><U76/><E118/><V106/><F106/><W131/><G131/><T92/><D92/><U57/><E93/><V81/><REACH who="2" step="1"/><F25/><REACH who="2" ten="240,330,240,170" step="2"/><W126/><G126/><T38/><D38/><U31/><E26/><V40/><F40/><N who="3" m="24743" /><G46/><T83/><D83/><U30/><E117/><V86/><F86/><W58/><G58/><AGARI ba="0,2" hai="0,1,12,14,15,16,17,18,44,50,55,58,60,64" machi="58" ten="40,2600,0" yaku="1,1,54,1,53,0" doraHai="121" doraHaiUra="39" who="0" fromWho="3" sc="240,46,330,0,240,0,170,-26" /><INIT seed="2,0,0,4,0,8" ten="286,330,240,144" oya="2" hai0="78,90,58,135,77,13,120,103,125,70,18,61,111" hai1="124,99,11,27,83,34,130,50,56,100,4,113,116" hai2="94,60,33,107,31,87,17,71,79,96,39,6,89" hai3="35,102,108,106,81,47,59,19,21,10,28,53,117"/><V23/><F39/><W42/><G108/><T1/><D120/><U92/><E116/><V48/><F6/><W3/><G117/><T9/><D111/><U37/><E37/><V32/><F31/><W29/><G106/><T43/><D70/><U123/><E113/><V114/><F114/><W122/><G102/><T91/><D125/><U127/><E130/><V46/><F60/><W134/><G134/><T69/><D69/><U44/><E56/><V30/><F30/><W45/><G122/><T84/><D103/><U40/><E123/><V129/><F71/><W76/><G35/><T65/><D135/><U7/><E7/><V112/><F112/><W41/><G47/><T51/><D1/><U5/><E5/><V26/><F129/><W20/><G10/><T97/><D97/><U118/><E118/><V67/><F67/><W98/><G98/><T101/><D101/><U63/><E63/><V82/><F107/><W57/><G57/><T88/><D84/><U54/><E34/><V115/><F115/><W131/><G21/><T36/><D36/><U105/><E105/><V109/><F109/><W72/><G3/><T22/><D22/><U52/><E83/><V128/><F128/><W80/><G80/><T66/><D65/><U38/><E38/><V85/><F96/><W133/><G45/><AGARI ba="0,0" hai="9,13,18,43,45,51,58,61,66,77,78,88,90,91" machi="45" ten="40,5200,0" yaku="8,1,52,1,54,1" doraHai="8" who="0" fromWho="3" sc="286,52,330,0,240,0,144,-52" /><INIT seed="3,0,0,2,5,67" ten="338,330,240,92" oya="3" hai0="93,49,88,57,33,132,129,59,97,41,134,21,113" hai1="8,86,124,135,118,133,121,3,131,119,94,45,14" hai2="16,99,63,19,98,56,82,76,112,18,2,103,104" hai3="62,30,127,47,17,10,81,109,66,92,44,115,95"/><W105/><G115/><T7/><D33/><U12/><E121/><V39/><F39/><W64/><G105/><T79/><D113/><U60/><E131/><V130/><F2/><W85/><G127/><T40/><D129/><U125/><E45/><V72/><F130/><W78/><G109/><T74/><D7/><N who="1" m="1151" /><E60/><V53/><F112/><W46/><G30/><T101/><D101/><U80/><E94/><V122/><F122/><W54/><G54/><T5/><D5/><U89/><E12/><V126/><F126/><N who="1" m="48745" /><E14/><V55/><F99/><W120/><G120/><T70/><D70/><U90/><E90/><V0/><F0/><W106/><G106/><T58/><D21/><U22/><E22/><V73/><REACH who="2" step="1"/><F55/><REACH who="2" ten="338,330,230,92" step="2"/><W43/><G43/><T26/><D40/><U25/><E25/><V65/><F65/><N who="3" m="25195" /><G62/><T102/><D26/><U108/><E108/><V96/><F96/><W4/><G4/><T37/><D37/><U91/><E119/><V42/><F42/><W11/><G17/><T61/><D61/><U51/><E118/><V75/><AGARI ba="0,1" hai="16,18,19,53,56,63,72,73,75,76,82,98,103,104" machi="75" ten="30,4000,0" yaku="1,1,0,1,54,1,53,0" doraHai="67" doraHaiUra="111" who="2" fromWho="2" sc="338,-10,330,-10,230,50,92,-20" /><INIT seed="4,0,0,3,4,67" ten="328,320,280,72" oya="0" hai0="103,110,58,5,126,30,94,62,14,93,8,69,52" hai1="42,118,64,117,86,19,130,12,99,2,109,18,77" hai2="133,63,119,55,60,29,84,39,48,20,41,22,15" hai3="11,50,81,38,102,115,114,72,27,3,74,33,78"/><T105/><D110/><U85/><E109/><V45/><F133/><W4/><G50/><T73/><D126/><U10/><E130/><V9/><F119/><W40/><G74/><T1/><D73/><U112/><E112/><V127/><F127/><W90/><G102/><T87/><D30/><U76/><E2/><V37/><F37/><W32/><G90/><T88/><D105/><U7/><E42/><V36/><F36/><W101/><G101/><T79/><D79/><U57/><E99/><V70/><F29/><W132/><G132/><T6/><D69/><U95/><E85/><V34/><F34/><W98/><G98/><N who="0" m="59863" /><D1/><U75/><E75/><V17/><F63/><W116/><G116/><T123/><D123/><U124/><E124/><V71/><F84/><W16/><G16/><AGARI ba="0,0" hai="5,6,8,14,16,52,58,62,87,88,93" m="59863" machi="16" ten="30,11600,0" yaku="8,1,54,3" doraHai="67" who="0" fromWho="3" sc="328,116,320,0,280,0,72,-116" owari="444,54.0,320,12.0,280,-12.0,-44,-54.0" /></mjloggm>