<mjloggm ver="2.3"><GO type="169" lobby="0"/><UN n0="%E9%BB%92%E8%A1%A3%E3%81%AE%E3%82%A4%E3%83%8A%E3%82%B8%E3%82%A7%E3%82%A4" n1="%6B%69%79%6F%70%69%6E" n2="%E8%8D%92%E3%83%AA%E3%83%BC%E3%83%81%EF%BC%81%E2%98%86" n3="%E3%82%8F%E3%81%A3%E3%81%97%E3%82%87%E3%81%84%E5%90%9B%32%E5%8F%B7" dan="16,16,16,18" rate="2110.31,2182.03,2140.61,2186.35" sx="M,M,M,M"/><TAIKYOKU oya="0"/><INIT seed="0,0,0,3,0,122" ten="250,250,250,250" oya="0" hai0="131,25,47,27,42,56,120,99,57,80,117,126,110" hai1="10,67,123,111,1,20,71,5,11,2,78,15,59" hai2="68,135,98,9,77,125,119,39,50,32,100,16,49" hai3="4,21,79,92,114,41,113,88,28,52,30,60,48"/><T128/><D120/><U23/><E71/><V105/><F68/><W61/><G79/><T66/><D117/><U134/><E78/><V37/><F119/><W93/><G4/><T72/><D126/><U133/><E59/><N who="0" m="22601" /><D66/><U34/><E67/><V81/><F125/><W53/><G21/><N who="1" m="8266" /><E123/><V31/><F135/><N who="1" m="51721" /><E34/><V91/><F91/><W38/><G48/><N who="0" m="26743" /><D99/><U36/><E36/><V35/><F39/><W115/><G38/><T43/><D43/><U112/><E112/><V73/><F37/><W97/><G41/><T89/><D110/><U14/><E111/><V46/><F31/><W95/><G97/><T106/><D106/><U0/><E0/><V87/><F73/><W86/><G28/><T62/><D62/><U108/><E108/><V102/><F102/><W40/><G30/><T17/><D17/><AGARI ba="0,0" hai="1,2,5,10,11,14,15,17" m="51721,8266" machi="17" ten="30,3900,0" yaku="20,1,34,2" doraHai="122" who="1" fromWho="0" sc="250,-39,250,39,250,0,250,0" /><INIT seed="1,0,0,3,0,116" ten="211,289,250,250" oya="1" hai0="4,53,110,122,61,91,32,126,123,13,104,93,107" hai1="113,56,75,87,117,134,94,85,118,26,124,43,103" hai2="111,108,29,2,62,88,9,15,66,6,73,79,36" hai3="35,81,37,23,25,17,119,70,24,65,68,1,71"/><U77/><E43/><V38/><F29/><W130/><G119/><T114/><D114/><U14/><E56/><V115/><F115/><W72/><G130/><T18/><D110/><N who="2" m="42026" /><F15/><W82/><G1/><T48/><D126/><U44/><E44/><V78/><F88/><W80/><G37/><N who="2" m="14441" /><F73/><W129/><G129/><T27/><D61/><U3/><E14/><V7/><F6/><W60/><REACH who="3" step="1"/><G72/><REACH who="3" ten="211,289,250,240" step="2"/><T54/><D107/><U83/><E3/><V74/><F74/><W95/><G95/><T52/><D104/><U92/><E75/><V76/><F76/><W41/><G41/><T30/><D4/><U5/><E5/><V39/><F39/><W34/><G34/><T31/><D31/><AGARI ba="0,1" hai="17,23,24,25,31,35,60,65,68,70,71,80,81,82" machi="31" ten="40,1300,0" yaku="1,1,53,0" doraHai="116" doraHaiUra="106" who="3" fromWho="0" sc="211,-13,289,0,250,0,240,23" /><INIT seed="2,0,0,5,2,22" ten="198,289,250,263" oya="2" hai0="114,3,53,113,5,78,82,37,80,108,110,40,112" hai1="76,119,64,28,59,36,34,88,68,83,121,102,103" hai2="0,35,115,77,122,38,134,111,54,127,106,52,135" hai3="120,107,131,58,101,7,81,30,48,13,42,31,69"/><V63/><RYUUKYOKU type="yao9" ba="0,0" sc="198,0,289,0,250,0,263,0" hai2="0,35,38,52,54,63,77,106,111,115,122,127,134,135" /><INIT seed="2,1,0,0,5,63" ten="198,289,250,263" oya="2" hai0="98,7,84,64,29,55,72,92,21,53,113,22,8" hai1="24,70,36,81,129,88,62,128,25,80,104,5,48" hai2="32,4,126,40,61,75,31,9,101,78,57,19,1" hai3="18,93,46,28,35,85,45,118,73,102,42,76,68"/><V37/><F126/><W50/><G118/><T26/><D113/><U58/><E36/><V110/><F101/><W124/><G124/><T86/><D72/><U0/><E104/><V65/><F110/><W125/><G125/><T43/><D43/><U23/><E70/><V74/><F19/><W130/><G130/><T91/><D22/><U30/><E48/><V47/><REACH who="2" step="1"/><F78/><REACH who="2" ten="198,289,240,263" step="2"/><W14/><G102/><T33/><D33/><U119/><E129/><V105/><F105/><W94/><G35/><T127/><D127/><U2/><E128/><V54/><F54/><W99/><G76/><T106/><D106/><U122/><E119/><V87/><F87/><W51/><G85/><T39/><D55/><U115/><E115/><V66/><F66/><W116/><G116/><T82/><D53/><U52/><E52/><V13/><F13/><W71/><G18/><T108/><D86/><U132/><E2/><V89/><F89/><W95/><G14/><T111/><D64/><U134/><E88/><V44/><F44/><W34/><G34/><T112/><D112/><U114/><E114/><V16/><F16/><W117/><G117/><T131/><D131/><U10/><E0/><V3/><F3/><W41/><G73/><T109/><D109/><U12/><E12/><V56/><F56/><W96/><G28/><T90/><D111/><U79/><E79/><V97/><F97/><AGARI ba="1,1" hai="41,42,45,46,50,51,68,71,93,94,95,96,97,99" machi="97" ten="40,1300,0" yaku="9,1" doraHai="63" who="3" fromWho="2" sc="198,0,289,0,240,-16,263,26" /><INIT seed="3,0,0,4,3,116" ten="198,289,224,289" oya="3" hai0="125,109,77,56,127,119,16,23,70,130,96,17,88" hai1="91,8,0,73,43,90,59,94,75,114,51,123,15" hai2="92,41,107,118,120,86,65,93,74,7,131,30,78" hai3="40,55,53,128,103,108,81,50,133,1,104,29,12"/><W117/><G1/><T66/><D119/><U67/><E114/><V33/><F118/><W32/><G117/><T72/><D109/><U97/><E0/><V121/><F107/><W46/><G108/><T37/><D130/><U126/><E126/><N who="0" m="48137" /><D37/><U45/><E123/><N who="2" m="47179" /><F131/><W28/><G128/><T44/><D44/><U111/><E111/><V63/><F41/><W113/><G113/><T42/><D42/><U4/><E91/><V25/><F7/><W82/><G133/><T58/><D17/><U132/><E132/><V5/><F5/><W6/><G104/><T68/><D77/><U2/><E2/><V11/><F11/><W69/><G103/><T98/><D72/><U87/><E75/><V49/><F49/><W99/><G50/><T102/><D98/><U54/><E73/><V95/><F74/><W135/><G99/><T26/><D102/><U106/><E106/><V124/><F124/><W83/><G135/><T13/><D13/><U110/><E97/><V14/><F14/><W115/><G12/><T71/><D66/><U80/><E110/><V60/><F65/><W39/><G40/><T89/><D96/><U122/><E67/><V24/><F25/><W20/><G39/><T21/><D21/><U48/><REACH who="1" step="1"/><E122/><REACH who="1" ten="198,279,224,289" step="2"/><V10/><F10/><W18/><G115/><T105/><D105/><U52/><E52/><V22/><F33/><W19/><G32/><T62/><D62/><N who="2" m="23594" /><F78/><W64/><G64/><T31/><D31/><U36/><E36/><V129/><F129/><W134/><G28/><T112/><D112/><U34/><E34/><V79/><F79/><RYUUKYOKU ba="0,1" sc="198,10,279,10,224,10,289,-30" hai0="16,23,26,56,58,68,70,71,88,89" hai1="4,8,15,43,45,48,51,54,59,80,87,90,94" hai2="22,24,30,86,92,93,95" /><INIT seed="4,1,1,1,5,13" ten="208,289,234,259" oya="0" hai0="76,0,2,126,41,135,16,90,45,36,26,84,109" hai1="103,95,98,132,78,114,53,46,96,23,120,115,123" hai2="89,21,69,117,28,9,86,48,73,74,106,43,122" hai3="51,6,49,75,50,61,18,65,30,100,3,87,93"/><T107/><D107/><U27/><E46/><V85/><F122/><W125/><G75/><T133/><D126/><U15/><E53/><V34/><F117/><W17/><G125/><T31/><D76/><U124/><E124/><V64/><F106/><W8/><G30/><T44/><D44/><U35/><E35/><V121/><F121/><W72/><G72/><T104/><D104/><N who="1" m="63607" /><E15/><V80/><F34/><W22/><G22/><N who="0" m="13639" /><D31/><U63/><E78/><V19/><F28/><W99/><REACH who="3" step="1"/><G87/><REACH who="3" ten="208,289,234,249" step="2"/><T83/><D109/><U24/><E23/><V5/><F85/><W47/><G47/><T12/><D12/><U29/><E29/><V131/><F131/><W113/><G113/><T134/><AGARI ba="1,2" hai="0,2,36,41,45,83,84,90,133,134,135" m="13639" machi="134" ten="30,6000,0" yaku="20,1,52,1,54,1" doraHai="13" who="0" fromWho="0" sc="208,83,289,-21,234,-21,249,-21" /><INIT seed="4,2,0,1,3,93" ten="291,268,213,228" oya="0" hai0="89,23,28,0,134,34,131,79,27,7,57,35,45" hai1="126,53,82,56,8,107,106,12,65,20,83,46,117" hai2="6,85,37,63,68,44,96,61,112,15,95,86,13" hai3="101,113,110,55,22,94,42,115,72,119,100,77,127"/><T108/><D131/><U21/><E117/><V105/><F112/><N who="3" m="43083" /><G42/><T2/><D134/><U49/><E126/><V81/><F105/><W133/><G22/><N who="1" m="8810" /><E107/><V54/><F68/><W123/><G55/><T58/><D108/><U60/><E106/><V31/><F31/><W135/><G110/><T92/><D79/><U97/><E97/><V38/><F38/><W109/><G109/><T39/><D58/><U62/><E62/><V32/><F32/><W26/><G26/><T90/><D90/><U99/><E99/><V14/><F6/><AGARI ba="2,0" hai="6,8,12,46,49,53,56,60,65,82,83" m="8810" machi="6" ten="30,1000,0" yaku="8,1" doraHai="93" who="1" fromWho="2" sc="291,0,268,16,213,-16,228,0" /><INIT seed="5,0,0,4,1,92" ten="291,284,197,228" oya="1" hai0="89,86,85,42,27,0,48,31,119,47,28,32,34" hai1="94,15,135,67,102,74,80,16,59,87,23,127,66" hai2="118,64,63,37,108,99,112,105,35,82,115,96,134" hai3="43,50,55,40,25,122,65,13,56,46,52,68,9"/><U79/><E135/><V116/><F35/><W75/><G122/><T132/><D132/><U49/><E127/><V126/><F37/><W131/><G131/><T95/><D119/><N who="2" m="45610" /><F105/><W93/><G75/><T120/><D120/><U33/><E33/><V22/><F134/><W133/><G133/><T3/><D86/><U20/><E20/><V61/><F126/><W10/><G25/><AGARI ba="0,0" hai="0,3,25,27,28,31,32,34,42,47,48,85,89,95" machi="25" ten="40,1300,0" yaku="9,1" doraHai="92" who="0" fromWho="3" sc="291,13,284,0,197,0,228,-13" /><INIT seed="6,0,0,0,2,23" ten="304,284,197,215" oya="2" hai0="8,49,22,131,110,132,2,71,70,26,53,130,98" hai1="135,104,100,76,10,32,35,119,7,46,115,37,96" hai2="52,63,105,85,55,124,14,58,15,27,66,133,59" hai3="38,108,106,102,25,112,50,73,97,45,91,54,24"/><V72/><F72/><W12/><G108/><T121/><D132/><U3/><E119/><V48/><F133/><W9/><G112/><T117/><D110/><U0/><E135/><V17/><F124/><W129/><G129/><N who="0" m="49163" /><D121/><U60/><E115/><V19/><F105/><W103/><G73/><T93/><D8/><N who="1" m="2151" /><E60/><V126/><F126/><W44/><G103/><N who="0" m="60879" /><D2/><U21/><E21/><N who="2" m="13743" /><F19/><W109/><G109/><T127/><D117/><U92/><E92/><V6/><F6/><W43/><REACH who="3" step="1"/><G91/><REACH who="3" ten="304,284,197,205" step="2"/><T51/><D127/><U75/><E75/><V86/><F66/><W90/><G90/><T47/><D51/><U62/><E100/><V1/><F1/><W13/><G13/><AGARI ba="0,1" hai="13,14,15,48,52,55,58,59,63,85,86" m="13743" machi="13" ten="30,5800,0" yaku="8,1,52,1,54,1" doraHai="23" who="2" fromWho="3" sc="304,0,284,0,197,68,205,-58" /><INIT seed="6,1,0,1,5,26" ten="304,284,265,147" oya="2" hai0="42,37,131,127,35,55,108,18,99,71,118,125,88" hai1="7,97,68,25,107,10,94,30,23,104,38,54,102" hai2="86,64,19,98,36,11,27,123,56,6,5,101,59" hai3="105,77,134,46,75,83,74,40,89,52,111,33,49"/><V8/><F123/><W100/><G111/><T129/><D108/><U135/><E135/><V32/><F36/><W110/><G110/><T106/><D118/><U61/><E38/><V96/><F86/><W78/><G134/><T41/><D71/><U57/><REACH who="1" step="1"/><E68/><REACH who="1" ten="304,274,265,147" step="2"/><V28/><F98/><W63/><G33/><T34/><D37/><U126/><E126/><V66/><F19/><W2/><G2/><AGARI ba="1,1" hai="2,7,10,23,25,30,54,57,61,94,97,102,104,107" machi="2" ten="30,3900,0" yaku="1,1,7,1,52,1,53,0" doraHai="26" doraHaiUra="115" who="1" fromWho="3" sc="304,0,274,52,265,0,147,-42" /><INIT seed="7,0,0,2,3,48" ten="304,326,265,105" oya="3" hai0="125,132,11,54,98,106,70,58,80,59,2,1,49" hai1="57,111,0,18,15,42,130,61,135,41,69,34,63" hai2="60,22,40,118,17,23,43,68,76,99,36,74,119" hai3="67,108,66,134,124,122,51,131,96,65,64,100,21"/><W37/><G122/><T86/><D70/><U53/><E111/><V33/><F33/><W62/><G108/><T88/><D132/><U38/><E0/><V117/><F99/><W120/><G120/><T89/><D125/><U24/><E130/><V44/><F74/><W104/><G131/><T84/><D11/><U52/><E38/><V35/><F35/><W28/><G124/><T4/><D4/><U109/><E135/><V71/><F76/><W77/><G37/><T112/><D112/><U26/><E109/><V29/><F29/><W32/><G134/><T55/><D98/><U93/><E93/><V20/><F17/><W97/><G77/><T85/><D106/><U46/><E34/><V92/><F92/><W7/><G7/><T39/><D39/><U16/><E46/><V73/><F73/><W105/><G21/><T50/><D86/><U81/><E81/><AGARI ba="0,0" hai="1,2,49,50,54,55,58,59,80,81,84,85,88,89" machi="81" ten="30,12000,2" yaku="7,1,32,3,52,2,54,1" doraHai="48" who="0" fromWho="1" sc="304,120,326,-120,265,0,105,0" owari="424,51.0,206,-19.0,265,7.0,105,-39.0" /></mjloggm>