<mjloggm ver="2.3"><GO type="185" lobby="0"/><UN n0="%E3%81%A0%E3%81%83" n1="%E7%9C%81%E5%AE%9F" n2="%4E%45%47%49%54%53" n3="" dan="16,17,18,0" rate="2146.87,2201.38,2335.38,1500.00" sx="M,F,F,C"/><TAIKYOKU oya="0"/><INIT seed="0,0,0,1,0,103" ten="350,350,350,0" oya="0" hai0="48,69,97,125,76,49,82,129,64,104,57,36,32" hai1="78,110,99,80,60,119,120,46,3,132,135,123,58" hai2="72,100,63,127,102,112,0,88,44,105,122,101,114" hai3=""/><T130/><D36/><U55/><N who="1" m="30752" /><U77/><N who="1" m="31520" /><U133/><E119/><V34/><N who="2" m="31264" /><V96/><F0/><T70/><D32/><U81/><E3/><V113/><F34/><T116/><D116/><U67/><E110/><V50/><F127/><T109/><D125/><U84/><E99/><V131/><F131/><N who="0" m="50186" /><D109/><U90/><E81/><V53/><F72/><T128/><N who="0" m="50194" /><T45/><DORA hai="52" /><D57/><U91/><E78/><V79/><F79/><T41/><D48/><AGARI ba="0,0" hai="46,48,55,58,60,67,77,80,84,90,91,132,133,135" m="31520,30752" machi="48" ten="40,8000,1" yaku="20,1,52,3" doraHai="103,52" who="1" fromWho="0" sc="350,-80,350,80,350,0,0,0" /><INIT seed="1,0,0,2,5,114" ten="270,430,350,0" oya="1" hai0="88,56,81,66,116,67,72,122,69,127,125,44,61" hai1="0,98,106,75,80,99,100,115,71,65,57,42,112" hai2="124,38,45,58,117,35,102,123,73,93,131,86,52" hai3=""/><U92/><E0/><V2/><N who="2" m="31520" /><V77/><F2/><T47/><N who="0" m="31264" /><T108/><D72/><U120/><N who="1" m="30752" /><U32/><E32/><V49/><F35/><T91/><D108/><U68/><E42/><V82/><F117/><T51/><D116/><U119/><E119/><V62/><F124/><N who="0" m="47690" /><D81/><U84/><E75/><V59/><F131/><T135/><D135/><U101/><E57/><V110/><F110/><T96/><D96/><U129/><E129/><V130/><F130/><T36/><D36/><U132/><E132/><V76/><F38/><T113/><D113/><U104/><E92/><V48/><F76/><T89/><D66/><U64/><E80/><V107/><F107/><T55/><AGARI ba="0,0" hai="44,47,51,55,56,61,67,69,88,89,91" m="47690,31264" machi="55" ten="40,3900,0" yaku="18,1,52,1,54,1" doraHai="114" who="0" fromWho="0" sc="270,39,430,-26,350,-13,0,0" /><INIT seed="2,0,0,3,0,101" ten="309,404,337,0" oya="2" hai0="109,56,125,118,49,127,62,54,132,91,61,57,104" hai1="114,52,67,66,94,35,78,87,1,121,85,34,58" hai2="124,99,36,51,88,108,33,106,46,80,76,45,44" hai3=""/><V79/><F33/><T47/><D118/><U83/><N who="1" m="31008" /><U65/><E114/><V68/><F68/><T69/><D91/><U123/><N who="1" m="31520" /><U128/><E1/><V117/><F117/><T75/><D75/><U74/><E128/><V134/><F36/><T3/><D3/><U98/><E34/><V48/><F134/><T59/><D104/><U131/><E131/><V53/><F124/><N who="0" m="47690" /><D132/><U43/><E43/><V71/><F71/><T70/><D109/><U113/><E113/><V40/><F108/><T120/><N who="0" m="30752" /><T92/><D92/><U107/><E107/><V39/><F80/><T50/><D50/><U93/><E93/><V133/><F133/><T64/><D70/><U77/><E35/><V135/><F135/><T129/><D129/><U90/><REACH who="1" step="1"/><E78/><REACH who="1" ten="309,394,337,0" step="2"/><V89/><F79/><T97/><D97/><U60/><AGARI ba="0,1" hai="52,58,60,65,66,67,74,77,83,85,87,90,94,98" m="31520,31008" machi="60" ten="30,12000,3" yaku="1,1,2,1,0,1,52,2,54,1,53,2" doraHai="101" doraHaiUra="81" who="1" fromWho="1" sc="309,-40,394,130,337,-80,0,0" /><INIT seed="4,0,0,3,1,128" ten="269,524,257,0" oya="0" hai0="125,119,73,115,107,85,114,105,131,2,60,58,86" hai1="97,110,72,42,87,129,124,132,3,108,134,69,53" hai2="98,49,76,66,113,36,35,83,99,59,55,109,130" hai3=""/><T88/><D2/><U71/><E3/><V54/><F35/><T112/><D119/><U40/><E72/><V120/><N who="2" m="30752" /><V121/><N who="2" m="31008" /><V34/><F109/><N who="1" m="42089" /><E97/><V95/><F34/><T68/><D131/><U43/><E129/><V47/><F130/><T92/><D73/><U91/><E124/><V84/><F113/><T123/><N who="0" m="31520" /><T82/><D68/><N who="1" m="26187" /><E91/><V65/><F36/><T75/><D75/><U57/><E87/><V78/><F78/><T106/><D125/><U46/><E46/><V41/><F99/><T0/><D0/><U101/><E101/><V94/><F94/><T96/><REACH who="0" step="1"/><D82/><REACH who="0" ten="259,524,257,0" step="2"/><U32/><E32/><V81/><F83/><T77/><D77/><U133/><E133/><V111/><F111/><T63/><D63/><AGARI ba="0,1" hai="40,42,43,53,57,63,132,134" m="26187,42089" machi="63" ten="40,8000,1" yaku="34,2,52,2" doraHai="128" who="1" fromWho="0" sc="259,-80,524,90,257,0,0,0" /><INIT seed="5,0,0,0,4,66" ten="179,614,257,0" oya="1" hai0="59,128,38,90,116,117,40,82,58,113,133,74,88" hai1="63,37,36,44,41,100,65,89,47,68,67,129,96" hai2="62,83,52,102,95,46,115,87,34,60,72,53,110" hai3=""/><U132/><E129/><V119/><F34/><T57/><D128/><U81/><E132/><V120/><N who="2" m="30752" /><V0/><F0/><T97/><D133/><U84/><E65/><V135/><F110/><T43/><D113/><U109/><E109/><V3/><F72/><T108/><D108/><U103/><REACH who="1" step="1"/><E96/><REACH who="1" ten="179,604,257,0" step="2"/><V106/><F135/><T79/><D97/><U91/><E91/><V71/><F115/><T77/><D90/><U127/><E127/><V45/><F102/><T75/><D79/><U42/><AGARI ba="0,1" hai="36,37,41,42,44,47,63,67,68,81,84,89,100,103" machi="42" ten="30,7800,0" yaku="1,1,0,1,9,1,52,1,53,0" doraHai="66" doraHaiUra="55" who="1" fromWho="1" sc="179,-39,604,88,257,-39,0,0" /><INIT seed="5,1,0,4,3,89" ten="140,692,218,0" oya="1" hai0="83,51,62,120,96,55,66,36,85,133,125,134,71" hai1="49,70,65,124,77,118,2,127,80,130,64,78,33" hai2="121,102,122,95,76,84,53,131,87,61,103,50,86" hai3=""/><U32/><E118/><V81/><N who="2" m="31008" /><V123/><N who="2" m="31264" /><V56/><N who="2" m="31520" /><V109/><F109/><T47/><N who="0" m="30752" /><T112/><D112/><U58/><E2/><V113/><F113/><T45/><D96/><U60/><E130/><V1/><F1/><T108/><D108/><U69/><E49/><V35/><F35/><T46/><D125/><N who="1" m="48203" /><E77/><V40/><F131/><T94/><D94/><U93/><E93/><V116/><F116/><T88/><REACH who="0" step="1"/><D36/><REACH who="0" ten="130,692,218,0" step="2"/><U105/><E32/><V119/><F119/><T44/><AGARI ba="1,1" hai="44,45,46,47,51,55,62,66,71,83,85,88,133,134" m="30752" machi="44" ten="30,6000,1" yaku="1,1,2,1,0,1,52,1,54,1,53,0" doraHai="89" doraHaiUra="75" who="0" fromWho="0" sc="130,72,692,-41,218,-21,0,0" /><INIT seed="6,0,0,1,1,48" ten="202,651,197,0" oya="2" hai0="89,102,118,47,90,68,111,94,113,101,72,49,109" hai1="56,95,35,93,62,108,42,112,54,105,50,103,80" hai2="60,75,84,55,106,116,43,98,69,83,45,33,130" hai3=""/><V2/><F33/><T46/><D68/><U3/><E35/><V0/><F116/><T133/><D118/><U126/><E108/><V38/><F130/><T65/><D72/><U79/><E3/><V115/><F115/><T114/><D65/><U36/><E112/><N who="0" m="43113" /><D133/><U119/><E119/><V125/><F125/><T58/><D58/><U107/><E126/><V57/><F75/><T127/><D127/><U70/><E36/><V97/><F69/><T44/><D49/><U76/><E76/><V85/><F85/><T88/><D94/><U61/><E103/><AGARI ba="0,0" hai="44,46,47,88,89,90,101,102,103,109,111" m="43113" machi="103" ten="40,8000,1" yaku="28,2,15,1,11,1,54,1" doraHai="48" who="0" fromWho="1" sc="202,80,651,-80,197,0,0,0" owari="282,-12.0,571,52.0,197,-40.0,0,0.0" /></mjloggm>