<mjloggm ver="2.3"><GO type="185" lobby="0"/><UN n0="%68%79%74%73%6F%72%37%70" n1="%EF%BC%88%E3%83%BB%EF%BC%88%E3%83%B1%EF%BC%89%E3%83%BB%EF%BC%89" n2="%52%35" n3="" dan="17,17,16,0" rate="2235.00,2163.07,2134.96,1500.00" sx="M,M,M,C"/><TAIKYOKU oya="0"/><INIT seed="0,0,0,5,0,86" ten="350,350,350,0" oya="0" hai0="2,134,112,87,94,113,53,116,121,32,83,45,34" hai1="117,62,81,41,92,127,78,104,79,50,120,85,60" hai2="84,44,80,124,88,1,74,130,105,63,135,122,93" hai3=""/><T91/><N who="0" m="31008" /><T38/><D2/><U69/><N who="1" m="30752" /><U56/><E117/><V101/><N who="2" m="31264" /><V77/><F1/><T55/><D116/><U89/><E104/><V35/><F35/><T106/><D106/><U68/><E127/><V43/><F124/><T52/><D134/><U37/><E37/><V119/><F119/><T67/><D67/><U49/><E79/><V66/><F135/><T129/><D129/><U51/><E41/><V123/><N who="2" m="31520" /><V109/><F109/><T133/><D133/><U126/><E126/><V97/><F130/><T96/><D32/><U75/><REACH who="1" step="1"/><E62/><REACH who="1" ten="350,340,350,0" step="2"/><V47/><REACH who="2" step="1"/><F43/><REACH who="2" ten="350,340,340,0" step="2"/><T42/><REACH who="0" step="1"/><D34/><REACH who="0" ten="340,340,340,0" step="2"/><U33/><E33/><V132/><F132/><T57/><D57/><AGARI ba="0,3" hai="44,47,57,63,66,74,77,80,84,88,93,97,101,105" m="31520,31264" machi="57" ten="30,16000,3" yaku="1,1,7,1,24,2,52,3,54,1,53,1" doraHai="86" doraHaiUra="90" who="2" fromWho="0" sc="340,-160,340,0,340,190,0,0" /><INIT seed="1,0,0,2,5,133" ten="180,340,530,0" oya="1" hai0="58,109,45,116,35,42,59,32,62,89,56,75,78" hai1="101,111,68,34,43,82,50,39,37,71,103,113,92" hai2="83,65,90,134,2,55,97,73,94,120,66,63,64" hai3=""/><U86/><E113/><V80/><N who="2" m="30752" /><V70/><F134/><T69/><D109/><U47/><E34/><V121/><N who="2" m="31008" /><V127/><F2/><T48/><D116/><U108/><E71/><V118/><F118/><T46/><D89/><U93/><E68/><V38/><F38/><T61/><D78/><U135/><E135/><V124/><F70/><T100/><D100/><U84/><E82/><V105/><F105/><T81/><D81/><U88/><E50/><V114/><F114/><T91/><D91/><U1/><E1/><V99/><F97/><T51/><D75/><U76/><E76/><V110/><F110/><T77/><D77/><U85/><E85/><V126/><F73/><T57/><D32/><U87/><E87/><V98/><F98/><T72/><D72/><U67/><E88/><V128/><F128/><T117/><D35/><U74/><E74/><V131/><F131/><T3/><D3/><U125/><E84/><V49/><F63/><N who="0" m="24074" /><D117/><U79/><E86/><V41/><F41/><T54/><N who="0" m="14336" /><DORA hai="130" /><T44/><D69/><U40/><E79/><V52/><F55/><T119/><D119/><U95/><E111/><V104/><F104/><T112/><D112/><U33/><E108/><V107/><F107/><RYUUKYOKU ba="0,0" sc="180,10,340,-20,530,10,0,0" hai0="42,44,45,46,48,51,54" hai2="49,52,64,65,66,80,83,90,94,99,124,126,127" /><INIT seed="2,1,0,1,1,114" ten="190,320,540,0" oya="2" hai0="41,61,1,96,128,85,89,38,55,75,50,49,121" hai1="77,106,51,99,78,86,65,57,118,79,59,0,111" hai2="91,130,47,108,117,109,93,84,33,102,2,68,123" hai3=""/><V46/><N who="2" m="31520" /><V133/><F33/><T107/><N who="0" m="31008" /><T63/><D1/><U62/><E0/><V42/><F2/><T43/><D128/><U126/><E111/><N who="2" m="42571" /><F130/><T94/><D75/><U92/><E126/><V83/><F133/><T129/><D129/><U127/><E127/><V58/><F68/><T97/><D38/><U37/><E37/><V44/><F117/><T122/><N who="0" m="31264" /><T90/><D107/><U60/><E106/><V48/><F58/><T135/><D135/><U71/><E51/><V125/><F125/><T76/><D76/><U53/><E118/><V81/><F81/><T105/><D105/><U36/><E36/><V32/><F32/><T73/><D73/><U120/><N who="1" m="30752" /><U134/><E134/><V115/><F115/><T132/><D132/><U52/><E71/><V110/><N who="2" m="42579" /><V119/><DORA hai="56" /><F119/><T113/><D113/><U112/><E112/><V67/><F67/><T80/><D80/><U131/><E131/><V39/><F39/><T34/><D34/><U66/><E86/><V124/><F124/><T101/><D85/><U98/><E98/><AGARI ba="1,0" hai="42,44,46,47,48,83,84,91,93,98,102" m="42579,31520" machi="98" ten="40,7700,0" yaku="14,1,10,1,52,1" doraHai="114,56" who="2" fromWho="1" sc="190,0,320,-79,540,79,0,0" /><INIT seed="2,2,0,2,1,127" ten="190,241,619,0" oya="2" hai0="87,94,46,101,130,104,79,3,55,75,85,80,65" hai1="81,124,52,41,129,107,44,100,56,132,49,72,93" hai2="134,123,57,48,37,1,92,96,58,39,77,97,112" hai3=""/><V71/><N who="2" m="31520" /><V126/><F112/><T32/><D32/><U35/><E35/><V64/><F1/><T0/><D130/><U99/><E129/><V53/><F71/><T95/><D65/><U86/><E124/><V2/><F2/><T116/><D116/><U83/><E132/><V42/><F42/><T62/><D104/><U102/><E72/><V117/><F77/><T88/><D62/><U122/><N who="1" m="31264" /><U45/><E102/><V120/><F134/><T84/><D101/><U121/><N who="1" m="31008" /><U133/><E133/><V69/><F69/><T115/><D115/><U50/><REACH who="1" step="1"/><E44/><REACH who="1" ten="190,231,619,0" step="2"/><V70/><N who="2" m="30752" /><V119/><F126/><T131/><D131/><U51/><E51/><V66/><F48/><T82/><D0/><U113/><E113/><V128/><F128/><T108/><D3/><U111/><E111/><V68/><F119/><T103/><D108/><U67/><E67/><V114/><F114/><T43/><D103/><U36/><E36/><V34/><F117/><T90/><D75/><U78/><E78/><V135/><F135/><T61/><D79/><U106/><E106/><V89/><F34/><T109/><D109/><U98/><E98/><V118/><F118/><T63/><D46/><U76/><E76/><RYUUKYOKU ba="2,1" sc="190,-10,231,20,619,-10,0,0" hai1="41,45,49,50,52,56,81,83,86,93,99,100,107" /><INIT seed="4,3,1,1,0,133" ten="180,251,609,0" oya="0" hai0="108,36,60,130,119,49,93,67,132,82,114,97,78" hai1="3,58,95,100,120,42,80,126,59,111,43,50,128" hai2="63,90,86,127,75,35,103,101,68,34,69,85,33" hai3=""/><T92/><D119/><U134/><N who="1" m="30752" /><U107/><E111/><V57/><F75/><T89/><D132/><U105/><E128/><V54/><F127/><T44/><D130/><U131/><E126/><V61/><F86/><T116/><D116/><U76/><E131/><V32/><N who="2" m="8192" /><DORA hai="40" /><V51/><F63/><T104/><D104/><U45/><E3/><V48/><F48/><T112/><D108/><U65/><E42/><V70/><REACH who="2" step="1"/><F61/><REACH who="2" ten="180,251,599,0" step="2"/><T56/><D36/><U81/><E134/><V73/><F73/><T113/><D93/><AGARI ba="3,2" hai="51,54,57,68,69,70,85,90,93,101,103" m="8192" machi="93" ten="70,4500,0" yaku="1,1,53,1" doraHai="133,40" doraHaiUra="47,121" who="2" fromWho="0" sc="180,-51,251,0,599,71,0,0" /><INIT seed="5,0,0,3,5,34" ten="129,251,670,0" oya="1" hai0="101,107,48,126,58,133,76,3,117,96,72,131,130" hai1="124,73,41,57,70,40,56,105,77,50,37,39,114" hai2="35,110,86,92,55,61,125,94,78,102,33,97,62" hai3=""/><U118/><E118/><V112/><F110/><T122/><D48/><U65/><E114/><V84/><F112/><T129/><D58/><U82/><E105/><V79/><F125/><T103/><N who="0" m="31264" /><T2/><D117/><U135/><E135/><V53/><F97/><T42/><D42/><U132/><E132/><V100/><AGARI ba="0,0" hai="33,35,53,55,61,62,78,79,84,86,92,94,100,102" machi="100" ten="25,2400,0" yaku="0,1,22,2" doraHai="34" who="2" fromWho="2" sc="129,-8,251,-16,670,24,0,0" /><INIT seed="6,0,0,0,3,53" ten="121,235,694,0" oya="2" hai0="66,69,34,117,111,44,110,100,90,98,54,38,68" hai1="88,119,43,78,95,37,130,65,115,112,134,114,79" hai2="102,91,81,132,71,63,106,49,77,58,92,121,64" hai3=""/><V0/><N who="2" m="31008" /><V99/><F132/><T93/><D117/><U76/><E119/><V94/><F0/><T36/><D34/><U33/><E65/><V135/><F135/><T45/><D100/><U55/><E130/><V104/><F71/><T131/><D98/><U48/><E134/><V32/><F32/><T120/><N who="0" m="30752" /><T61/><D93/><U83/><E33/><V127/><F127/><T52/><D90/><U62/><E62/><V50/><F94/><T108/><D131/><U70/><E70/><V40/><F40/><T116/><D116/><U128/><E43/><V82/><F82/><T42/><D68/><U118/><E83/><V46/><F46/><T73/><D73/><U97/><E128/><V80/><F81/><T96/><D96/><U41/><E118/><V3/><F3/><T123/><N who="0" m="31520" /><T101/><D101/><U60/><E95/><V1/><F1/><T2/><D2/><U51/><E97/><V84/><F104/><T56/><D69/><U124/><E114/><V87/><AGARI ba="0,0" hai="49,50,58,63,64,77,80,84,87,91,92,99,102,106" m="31008" machi="87" ten="20,5200,0" yaku="0,1,7,1,52,2" doraHai="53" who="2" fromWho="2" sc="121,-26,235,-26,694,52,0,0" owari="95,-50.0,209,-19.0,746,69.0,0,0.0" /></mjloggm>