<mjloggm ver="2.3"><GO type="185" lobby="0"/><UN n0="%74%73%75%72%75%68%6F" n1="%62%69%74%74%65%72%74" n2="%E5%8C%97%E5%B0%8F%E8%B7%AF%3A%E9%9A%86%E5%A4%AA" n3="" dan="16,18,16,0" rate="2144.54,2300.72,2203.69,1500.00" sx="M,M,M,C"/><TAIKYOKU oya="0"/><INIT seed="0,0,0,3,5,107" ten="350,350,350,0" oya="0" hai0="132,113,99,123,89,2,104,0,54,133,44,39,67" hai1="80,121,103,36,60,46,129,94,41,128,33,69,75" hai2="62,43,122,38,79,126,91,131,66,49,1,57,77" hai3=""/><T59/><N who="0" m="31520" /><T98/><D113/><U82/><N who="1" m="31008" /><U120/><N who="1" m="30752" /><U88/><E33/><V34/><N who="2" m="31264" /><V114/><F34/><T63/><D104/><U95/><E103/><V50/><F1/><T130/><D130/><N who="1" m="50283" /><E75/><V127/><F131/><T32/><D32/><U112/><E95/><V135/><F114/><T3/><D89/><U90/><E112/><V55/><F135/><N who="0" m="51786" /><D39/><U83/><E94/><V53/><F91/><T115/><D115/><U40/><E40/><V78/><F38/><T64/><D44/><U81/><E83/><V87/><F43/><T111/><D111/><U51/><E36/><V117/><F87/><T76/><D76/><U110/><E110/><V118/><F117/><T97/><AGARI ba="0,0" hai="0,2,3,54,59,63,64,67,97,98,99" m="51786,31520" machi="97" ten="40,2600,0" yaku="20,1,52,1" doraHai="107" who="0" fromWho="0" sc="350,26,350,-13,350,-13,0,0" /><INIT seed="0,1,0,2,2,2" ten="376,337,337,0" oya="0" hai0="32,132,93,102,51,122,49,124,55,101,42,61,58" hai1="99,70,56,112,80,104,83,0,117,52,43,1,39" hai2="103,86,54,92,84,53,108,116,72,126,38,79,59" hai3=""/><T62/><N who="0" m="31264" /><T127/><D32/><U45/><E117/><V97/><F38/><T76/><D76/><U89/><E70/><V128/><F116/><T111/><D132/><U134/><E134/><V110/><F126/><N who="0" m="48170" /><D111/><N who="2" m="42538" /><F128/><T131/><D131/><U114/><E0/><V133/><F133/><T74/><D74/><U129/><E1/><V48/><F54/><T96/><D102/><U50/><E129/><V119/><F119/><T64/><D42/><U60/><E39/><V90/><F90/><T71/><AGARI ba="1,0" hai="49,51,55,58,61,62,64,71,93,96,101" m="48170,31264" machi="71" ten="30,2000,0" yaku="18,1,52,1" doraHai="2" who="0" fromWho="0" sc="376,22,337,-11,337,-11,0,0" /><INIT seed="0,2,0,1,1,83" ten="398,326,326,0" oya="0" hai0="72,68,92,82,81,32,108,39,134,70,132,64,77" hai1="33,112,46,103,65,50,35,36,76,121,69,78,84" hai2="85,52,123,89,59,41,58,43,116,45,37,135,102" hai3=""/><T113/><D32/><U79/><N who="1" m="31008" /><U124/><E124/><V129/><N who="2" m="31520" /><V94/><F116/><T96/><D113/><U73/><E73/><V57/><F135/><T131/><D131/><U115/><E103/><V53/><F129/><T44/><D82/><U87/><E36/><V42/><F102/><T34/><D34/><N who="1" m="12811" /><E65/><V97/><F97/><T71/><D108/><U104/><E69/><V101/><F101/><T80/><D80/><U40/><E104/><V0/><F0/><T2/><D2/><U118/><E118/><V110/><F110/><T60/><D92/><U128/><E128/><V61/><REACH who="2" step="1"/><F59/><REACH who="2" ten="398,326,316,0" step="2"/><T54/><D96/><U122/><N who="1" m="31264" /><U91/><E91/><V93/><F93/><T47/><D71/><U120/><N who="1" m="30752" /><U99/><E99/><V133/><F133/><T3/><D70/><U114/><AGARI ba="2,1" hai="40,46,50,76,78,79,84,87,112,114,115" m="30752,31264,12811,31008" machi="114" ten="40,9000,2" yaku="11,1,52,5" doraHai="83" who="1" fromWho="1" sc="398,-62,326,104,316,-32,0,0" /><INIT seed="1,0,0,0,0,50" ten="336,430,284,0" oya="1" hai0="75,86,96,40,59,78,115,35,80,135,70,114,129" hai1="89,123,111,55,32,74,36,43,49,104,108,58,64" hai2="48,47,91,112,37,57,0,121,71,116,73,56,81" hai3=""/><U134/><N who="1" m="31520" /><U105/><E74/><V1/><N who="2" m="31008" /><V83/><F116/><T44/><D70/><U41/><E32/><V66/><F112/><T109/><D35/><U69/><E89/><V42/><F83/><T126/><D109/><N who="1" m="42059" /><E134/><V117/><F117/><T119/><D119/><U79/><E79/><V76/><F91/><T122/><N who="0" m="31264" /><T82/><D135/><U52/><E55/><V77/><F77/><T95/><D129/><U124/><E124/><V45/><F71/><T113/><D126/><U100/><E100/><V67/><F67/><T92/><D96/><U61/><E36/><V65/><F65/><T103/><D103/><U85/><E85/><V133/><F66/><T132/><D132/><U87/><E87/><V68/><F68/><T120/><N who="0" m="30752" /><T51/><REACH who="0" step="1"/><D59/><REACH who="0" ten="326,430,284,0" step="2"/><U3/><E3/><V118/><F133/><T46/><D46/><U131/><E131/><V127/><F118/><T130/><D130/><U39/><E69/><V38/><F127/><T99/><D99/><U125/><E58/><N who="2" m="22635" /><F45/><T88/><AGARI ba="0,1" hai="40,44,51,75,78,80,82,86,88,92,95,113,114,115" m="30752,31264" machi="88" ten="30,6000,1" yaku="1,1,0,1,52,2,54,1,53,0" doraHai="50" doraHaiUra="60" who="0" fromWho="0" sc="326,70,430,-40,284,-20,0,0" /><INIT seed="2,0,0,1,3,59" ten="396,390,264,0" oya="2" hai0="135,128,89,113,117,39,56,42,94,87,99,114,50" hai1="2,76,100,77,36,105,40,43,78,41,83,54,96" hai2="51,61,58,118,73,75,70,3,33,110,67,132,45" hai3=""/><V129/><F3/><T116/><D128/><U63/><E2/><V84/><F33/><T60/><D39/><U95/><E105/><V85/><F118/><T115/><D135/><U32/><E32/><V47/><F132/><T62/><D99/><U104/><E104/><V79/><F129/><T133/><D133/><U119/><E119/><N who="0" m="45641" /><D42/><U120/><N who="1" m="30752" /><U124/><E124/><V34/><F34/><T109/><D109/><U121/><N who="1" m="31008" /><U127/><E127/><V46/><F110/><T37/><D37/><U69/><E36/><V53/><REACH who="2" step="1"/><F79/><REACH who="2" ten="396,390,254,0" step="2"/><T108/><D108/><U38/><E38/><V71/><F71/><T101/><D101/><U90/><E69/><V125/><F125/><T68/><D68/><U106/><E100/><V91/><F91/><T0/><D0/><U98/><E78/><V130/><F130/><T52/><AGARI ba="0,1" hai="50,52,56,60,62,87,89,94,113,114,115" m="45641" machi="52" ten="40,6000,1" yaku="11,1,52,2,54,1" doraHai="59" who="0" fromWho="0" sc="396,70,390,-20,254,-40,0,0" /><INIT seed="4,0,0,5,0,61" ten="466,370,214,0" oya="0" hai0="69,70,114,42,43,101,91,49,113,104,62,119,1" hai1="95,63,92,60,106,107,102,112,103,115,96,93,105" hai2="68,77,129,81,72,82,100,132,88,78,127,75,34" hai3=""/><T123/><N who="0" m="31520" /><T83/><D1/><U33/><E33/><V64/><F34/><T39/><D119/><U98/><E60/><V41/><F41/><T128/><D39/><U84/><E63/><V133/><F68/><T109/><D109/><U79/><E79/><V55/><F55/><T36/><D36/><U46/><E46/><V131/><F64/><T32/><D32/><U57/><E57/><V108/><F100/><N who="1" m="38441" /><E84/><V89/><REACH who="2" step="1"/><F127/><REACH who="2" ten="466,370,204,0" step="2"/><T58/><D70/><U85/><E85/><V74/><F74/><T87/><D69/><U3/><E3/><V126/><F126/><T48/><D42/><U44/><E44/><V76/><F76/><T67/><D43/><U118/><E118/><V117/><F117/><T130/><D101/><U56/><E56/><V121/><N who="2" m="31008" /><V51/><F51/><N who="0" m="19530" /><D104/><U111/><E111/><AGARI ba="0,1" hai="72,75,77,78,81,82,88,89,108,111,129,131,132,133" m="31008" machi="111" ten="25,16000,3" yaku="1,1,22,2,34,3,52,1,54,1,53,0" doraHai="61" doraHaiUra="97" who="2" fromWho="1" sc="466,0,370,-160,204,170,0,0" /><INIT seed="5,0,0,4,5,1" ten="466,210,374,0" oya="1" hai0="59,117,49,40,134,82,113,44,54,107,114,92,56" hai1="55,77,98,135,43,87,95,111,73,93,36,60,61" hai2="66,126,68,53,80,97,65,94,0,130,129,96,46" hai3=""/><U133/><E73/><V34/><F0/><T79/><D107/><U58/><E111/><V74/><F34/><T110/><D117/><U38/><E61/><V57/><F126/><T100/><D134/><N who="1" m="51211" /><E43/><V121/><N who="2" m="31008" /><V83/><F68/><T63/><D110/><U127/><E127/><V124/><F124/><T32/><D32/><U81/><E95/><V123/><N who="2" m="31520" /><V112/><F46/><T45/><D59/><U75/><E87/><V99/><F94/><T37/><D100/><AGARI ba="0,0" hai="36,38,55,58,60,75,77,81,93,98,100" m="51211" machi="100" ten="30,1500,0" yaku="20,1" doraHai="1" who="1" fromWho="0" sc="466,-15,210,15,374,0,0,0" /><INIT seed="5,1,0,4,0,3" ten="451,225,374,0" oya="1" hai0="34,128,94,98,102,51,54,132,126,77,108,106,61" hai1="125,123,101,87,42,93,1,83,44,120,50,107,90" hai2="65,124,72,92,89,130,105,96,134,121,114,59,95" hai3=""/><U111/><N who="1" m="30752" /><U62/><N who="1" m="31520" /><U41/><E1/><V91/><N who="2" m="31008" /><V64/><F72/><T66/><D128/><U78/><E125/><V71/><F71/><T84/><D126/><U67/><E111/><V47/><F124/><T46/><D108/><U129/><E129/><V43/><F130/><T52/><D132/><U73/><E42/><V39/><F134/><T116/><D116/><U115/><E115/><V63/><F105/><T37/><D37/><U80/><E80/><V38/><F114/><T45/><D34/><U135/><E135/><V133/><F133/><T0/><D0/><U82/><E82/><V127/><F127/><T86/><D77/><U117/><E117/><V60/><F60/><T76/><D76/><U100/><REACH who="1" step="1"/><E107/><REACH who="1" ten="451,215,374,0" step="2"/><V97/><F38/><T69/><D106/><U2/><E2/><V85/><F85/><T112/><D112/><U33/><E33/><V99/><F99/><T55/><D86/><U70/><AGARI ba="1,1" hai="41,44,50,62,67,70,73,78,83,87,90,93,100,101" m="31520,30752" machi="70" ten="20,12000,2" yaku="1,1,0,1,7,1,52,2,53,2" doraHai="3" doraHaiUra="119" who="1" fromWho="1" sc="451,-61,215,132,374,-61,0,0" /><INIT seed="5,2,0,2,4,72" ten="390,347,313,0" oya="1" hai0="2,116,92,84,74,43,66,117,67,59,32,45,107" hai1="65,64,76,130,55,120,111,57,102,128,33,58,85" hai2="52,38,49,61,48,3,135,73,53,56,41,123,46" hai3=""/><U78/><N who="1" m="30752" /><U89/><E33/><V40/><N who="2" m="31520" /><V132/><F73/><T91/><D2/><U110/><E102/><V69/><F3/><T134/><D32/><U60/><E64/><V115/><F115/><T133/><D107/><U122/><N who="1" m="31264" /><U97/><E97/><V37/><F69/><T77/><D77/><N who="1" m="29803" /><E58/><V106/><F106/><T44/><D44/><U75/><E65/><N who="0" m="24585" /><D59/><U79/><N who="1" m="29811" /><U83/><DORA hai="93" /><E75/><V86/><F86/><T129/><D129/><AGARI ba="2,0" hai="55,57,60,83,85,89,110,111,128,129,130" m="29811,31264,30752" machi="129" ten="40,18000,2" yaku="19,1,52,6" doraHai="72,93" who="1" fromWho="0" sc="390,-184,347,184,313,0,0,0" /><INIT seed="5,3,0,4,1,115" ten="206,531,313,0" oya="1" hai0="74,135,129,75,97,46,93,107,101,94,125,51,118" hai1="64,33,42,133,89,99,88,106,116,67,128,132,45" hai2="68,98,87,83,86,41,49,34,77,127,38,100,50" hai3=""/><U56/><E33/><V36/><F68/><T1/><D1/><U39/><E128/><V121/><N who="2" m="31008" /><V114/><F34/><T102/><D129/><U111/><E111/><V79/><F114/><T61/><D135/><N who="1" m="51787" /><E116/><V84/><F127/><T55/><D125/><U2/><E2/><V110/><F110/><T48/><D118/><U60/><E67/><V95/><F77/><T44/><D61/><U109/><E109/><V62/><F62/><T71/><D71/><U81/><E81/><V124/><F124/><T65/><D65/><U70/><E70/><V69/><F69/><T82/><D82/><U76/><E76/><V78/><F78/><T57/><D57/><U54/><E64/><V122/><N who="2" m="31264" /><V72/><REACH who="2" step="1"/><F41/><REACH who="2" ten="206,531,303,0" step="2"/><T59/><D75/><U92/><E60/><V104/><F104/><T32/><D74/><U105/><E106/><V90/><F90/><T130/><D32/><U126/><E105/><V63/><F63/><T103/><D130/><U123/><N who="1" m="31520" /><U3/><E126/><V43/><F43/><T80/><D107/><U53/><E3/><V112/><F112/><T73/><D73/><U91/><E54/><V58/><F58/><T37/><D59/><U108/><E108/><V134/><F134/><RYUUKYOKU ba="3,1" sc="206,-20,531,10,303,10,0,0" hai1="39,42,45,53,56,88,89,91,92,99" hai2="36,38,49,50,72,79,83,84,86,87,95,98,100" /><INIT seed="5,4,1,0,5,91" ten="186,541,313,0" oya="1" hai0="128,125,88,67,32,119,0,95,94,110,126,69,2" hai1="33,3,114,57,77,130,129,105,70,42,135,44,87" hai2="123,90,54,48,86,79,100,98,92,82,41,102,56" hai3=""/><U80/><E70/><V63/><N who="2" m="31520" /><V99/><F41/><T73/><D32/><U124/><E105/><V65/><REACH who="2" step="1"/><F99/><REACH who="2" ten="186,541,303,0" step="2"/><T120/><N who="0" m="30752" /><T132/><D110/><U116/><E42/><V43/><F43/><T122/><N who="0" m="31264" /><T83/><D119/><U37/><E116/><V71/><AGARI ba="4,2" hai="48,54,56,63,65,71,79,82,86,90,92,98,100,102" m="31520" machi="71" ten="20,6000,1" yaku="1,1,0,1,7,1,52,2,53,0" doraHai="91" doraHaiUra="38" who="2" fromWho="2" sc="186,-24,541,-44,303,88,0,0" /><INIT seed="6,0,0,0,4,47" ten="162,497,391,0" oya="2" hai0="129,85,132,77,65,86,120,88,81,1,42,91,3" hai1="79,135,43,108,117,76,102,49,115,99,33,37,92" hai2="68,113,107,133,51,73,119,82,94,80,41,90,59" hai3=""/><V83/><F68/><T74/><N who="0" m="30752" /><T110/><D65/><U60/><E33/><V118/><F107/><T40/><D42/><U39/><E108/><V89/><F113/><T66/><D66/><U56/><E115/><V121/><N who="2" m="31008" /><V78/><F133/><T63/><D110/><U52/><E135/><V106/><F106/><T122/><N who="0" m="31264" /><T53/><D132/><U64/><E117/><V48/><F90/><T61/><D129/><U125/><E125/><V126/><F126/><T44/><D1/><U71/><E37/><V123/><N who="2" m="31520" /><V2/><F2/><T103/><D103/><U124/><E124/><V38/><F38/><T62/><D3/><U55/><E55/><V101/><F101/><T128/><D128/><U98/><E98/><V35/><F35/><T96/><D96/><U127/><E127/><V50/><F41/><T112/><D112/><U109/><E109/><V45/><F45/><AGARI ba="0,0" hai="39,43,45,49,52,56,60,64,71,76,79,92,99,102" machi="45" ten="40,8000,1" yaku="24,2,52,1,54,1" doraHai="47" who="1" fromWho="2" sc="162,0,497,80,391,-80,0,0" owari="162,-44.0,577,53.0,311,-9.0,0,0.0" /></mjloggm>