<mjloggm ver="2.3"><GO type="169" lobby="0"/><UN n0="%E4%BD%90%E3%80%85%E6%9C%A8%E5%AF%BF%E4%BA%BA%50" n1="%E5%B8%B0%E3%82%8A%E3%81%9F%E3%81%84%E3%80%82" n2="%E6%9D%8F%E9%9B%A8" n3="%64%61%7A%61%69" dan="16,17,16,16" rate="2178.37,2164.31,2102.93,2144.57" sx="M,M,F,M"/><TAIKYOKU oya="0"/><INIT seed="0,0,0,4,5,133" ten="250,250,250,250" oya="0" hai0="58,13,48,115,90,50,3,75,30,47,92,20,74" hai1="35,116,132,49,62,94,122,124,108,29,119,40,10" hai2="104,127,112,114,135,22,99,71,73,38,81,8,56" hai3="98,121,77,51,113,45,39,34,43,123,95,97,11"/><T12/><D115/><U79/><E122/><V37/><F71/><W63/><G113/><T88/><D3/><U17/><E132/><V91/><F135/><W126/><G126/><T32/><D32/><U72/><E124/><V33/><F33/><W19/><G34/><T6/><D75/><U4/><E108/><V96/><F127/><W66/><G77/><T25/><D74/><U111/><E111/><V68/><F68/><W70/><G11/><T18/><D6/><U117/><E62/><V130/><F37/><W41/><G19/><T67/><D90/><U24/><E94/><V93/><F38/><W128/><G128/><T46/><D67/><U131/><E40/><V7/><F130/><W83/><G83/><T21/><D13/><U1/><E49/><N who="0" m="19049" /><D58/><U61/><E61/><V0/><F104/><W69/><G69/><T84/><AGARI ba="0,0" hai="12,18,20,21,25,30,46,47,84,88,92" m="19049" machi="84" ten="30,3000,0" yaku="8,1,54,1" doraHai="133" who="0" fromWho="0" sc="250,30,250,-10,250,-10,250,-10" /><INIT seed="0,1,0,2,3,87" ten="280,240,240,240" oya="0" hai0="69,51,108,44,114,9,28,36,106,29,56,126,90" hai1="85,23,15,53,39,40,84,75,5,111,12,103,124" hai2="31,33,76,8,57,2,20,62,100,99,77,3,52" hai3="117,104,97,24,83,7,65,113,63,66,133,101,127"/><T35/><D114/><U73/><E111/><V121/><F121/><W25/><G113/><T70/><D106/><U115/><E115/><V89/><F33/><W16/><G117/><T110/><D126/><U26/><E124/><V91/><F2/><W13/><G127/><T10/><D56/><U71/><E71/><N who="0" m="27145" /><D36/><U21/><E53/><V129/><F129/><W30/><G7/><T34/><D51/><U22/><E26/><N who="2" m="16839" /><F3/><W68/><G65/><T45/><D90/><N who="2" m="34314" /><F8/><N who="0" m="3178" /><D28/><U1/><E1/><V58/><F58/><W11/><G25/><T67/><D67/><U32/><E39/><V0/><F0/><W6/><G83/><T46/><D29/><U4/><E32/><AGARI ba="1,0" hai="32,34,35,44,45,46,108,110" m="3178,27145" machi="32" ten="40,3900,0" yaku="28,2" doraHai="87" who="0" fromWho="1" sc="280,42,240,-42,240,0,240,0" /><INIT seed="0,2,0,3,4,8" ten="322,198,240,240" oya="0" hai0="59,3,56,47,26,42,73,110,30,46,128,89,126" hai1="36,124,14,107,135,45,23,39,100,71,13,11,22" hai2="64,123,84,81,120,127,96,25,67,61,48,35,79" hai3="95,4,27,118,133,7,105,80,130,16,52,94,18"/><T106/><D126/><U58/><E71/><V85/><F127/><W43/><G118/><T93/><D106/><U69/><E69/><V97/><F48/><W108/><G105/><T72/><D3/><U90/><E124/><V82/><F25/><W34/><G108/><T57/><D128/><U112/><E135/><V63/><REACH who="2" step="1"/><F79/><REACH who="2" ten="322,198,230,240" step="2"/><W20/><G27/><T83/><D110/><U68/><E39/><V62/><F62/><W12/><G133/><T77/><D42/><U121/><E36/><V66/><F66/><W49/><G130/><T60/><D60/><U111/><E111/><V6/><F6/><W122/><G122/><T37/><D37/><U131/><E121/><V113/><F113/><W101/><G34/><AGARI ba="2,1" hai="34,35,61,63,64,67,81,82,84,85,96,97,120,123" machi="34" ten="25,3200,0" yaku="1,1,22,2,53,0" doraHai="8" doraHaiUra="125" who="2" fromWho="3" sc="322,0,198,0,230,48,240,-38" /><INIT seed="1,0,0,0,4,99" ten="322,198,278,202" oya="1" hai0="33,41,3,126,54,62,57,115,6,78,108,120,51" hai1="117,102,85,123,9,118,11,58,88,36,104,135,0" hai2="114,111,79,113,28,52,35,122,107,20,90,124,10" hai3="48,46,76,109,63,86,101,64,22,47,39,31,110"/><U105/><E123/><V38/><F122/><W132/><G132/><T50/><D120/><U80/><E135/><V7/><F38/><W70/><G101/><T43/><D115/><U74/><E36/><V60/><F35/><W89/><G76/><T127/><D33/><U65/><E105/><V12/><F111/><N who="3" m="42507" /><G39/><T21/><D78/><U1/><E74/><V69/><F124/><N who="0" m="47658" /><D21/><U26/><E26/><V42/><F42/><N who="0" m="15882" /><D6/><U121/><E121/><V94/><F107/><W130/><G130/><T37/><D3/><U13/><E0/><V59/><F69/><W4/><G48/><N who="0" m="18475" /><D37/><U81/><E1/><V87/><F79/><W56/><G70/><T68/><D108/><U84/><E9/><V61/><F28/><W45/><G4/><T15/><D15/><U16/><E104/><V112/><F20/><W53/><G22/><T18/><D18/><U83/><E102/><V34/><F34/><W5/><G5/><T116/><D68/><U96/><E96/><V8/><F8/><W23/><G23/><T125/><N who="0" m="47666" /><T55/><DORA hai="71" /><D116/><U93/><REACH who="1" step="1"/><E84/><REACH who="1" ten="322,188,278,202" step="2"/><V32/><F114/><W44/><G31/><T2/><D2/><U128/><E128/><V75/><F75/><W92/><N who="3" m="11264" /><DORA hai="82" /><W14/><G14/><T72/><D72/><U25/><E25/><V29/><F113/><W129/><G129/><T106/><D106/><U100/><E100/><V95/><F112/><W73/><G73/><T119/><D119/><U17/><E17/><V133/><F7/><W24/><G24/><T49/><D49/><U67/><E67/><AGARI ba="0,1" hai="53,56,63,64,67,86,89,92" m="11264,42507" machi="67" ten="50,3200,0" yaku="14,1,52,1" doraHai="99,71,82" who="3" fromWho="1" sc="322,0,188,-32,278,0,202,42" /><AGARI ba="0,0" hai="54,55,57,62,67" m="18475,15882,47666" machi="67" ten="40,5200,0" yaku="18,1,34,2" doraHai="99,71,82" who="0" fromWho="1" sc="322,52,156,-52,278,0,244,0" /><INIT seed="2,0,0,3,3,107" ten="374,104,278,244" oya="2" hai0="75,53,3,108,127,48,120,86,55,118,17,84,129" hai1="89,101,7,2,85,21,32,96,38,132,39,131,59" hai2="130,102,63,66,71,42,41,90,69,73,37,104,100" hai3="95,57,16,87,26,11,76,115,64,1,82,109,18"/><V12/><F130/><W25/><G109/><T106/><D120/><U33/><E131/><V126/><F126/><W91/><G115/><T92/><D106/><U46/><E132/><V112/><F112/><W83/><G1/><T0/><D108/><U9/><E59/><V6/><F71/><W77/><G64/><T98/><D127/><U79/><E79/><V60/><F60/><W122/><G57/><T128/><D118/><U45/><E21/><V52/><F104/><W81/><G122/><T49/><D92/><U54/><E96/><V24/><F24/><N who="3" m="9323" /><G11/><T68/><D17/><AGARI ba="0,0" hai="16,17,18,76,77,81,82,83,87,91,95" m="9323" machi="17" ten="30,2000,0" yaku="8,1,54,1" doraHai="107" who="3" fromWho="0" sc="374,-20,104,0,278,0,244,20" /><INIT seed="3,0,0,3,4,57" ten="354,104,278,264" oya="3" hai0="18,113,53,63,92,29,85,105,100,79,5,34,62" hai1="97,58,61,66,123,108,103,23,99,28,91,106,110" hai2="7,37,127,46,31,128,134,73,95,94,114,119,133" hai3="13,109,54,130,59,26,64,36,48,42,135,39,107"/><W25/><G107/><T56/><D113/><U11/><E123/><V0/><F119/><W19/><G130/><T118/><D118/><U115/><E115/><V1/><F114/><W60/><G135/><T10/><D105/><U30/><E11/><V120/><F128/><W43/><G109/><T72/><D72/><U15/><E99/><V98/><F73/><W131/><G131/><T129/><D129/><U6/><E6/><V112/><F112/><W27/><G39/><T87/><D18/><U122/><E122/><V21/><F0/><W12/><G36/><T82/><D29/><U52/><E91/><V69/><F1/><W3/><G3/><T117/><D34/><U111/><REACH who="1" step="1"/><E66/><REACH who="1" ten="354,94,278,264" step="2"/><V89/><F120/><W104/><G104/><T41/><D117/><U44/><E44/><V101/><F134/><W81/><G81/><T65/><D10/><U132/><E132/><V9/><F133/><W126/><G126/><T116/><D5/><U125/><E125/><V14/><F127/><W93/><G93/><T78/><D116/><U33/><E33/><V17/><F7/><W96/><G96/><N who="0" m="59399" /><D82/><U49/><E49/><V32/><F32/><W55/><G64/><T83/><D83/><U70/><E70/><V2/><F69/><W16/><G48/><N who="0" m="30759" /><D65/><U22/><E22/><V8/><F21/><N who="3" m="11407" /><G54/><T40/><D78/><U90/><E90/><V50/><F89/><W20/><AGARI ba="0,1" hai="12,19,20,25,26,27,42,43,55,59,60" m="11407" machi="20" ten="30,6000,0" yaku="8,1,52,1,54,1" doraHai="57" who="3" fromWho="3" sc="354,-20,94,-20,278,-20,264,70" /><INIT seed="3,1,0,0,1,89" ten="334,74,258,334" oya="3" hai0="87,88,43,121,124,57,37,67,63,73,20,29,109" hai1="81,77,48,18,56,71,32,117,65,86,40,108,62" hai2="130,133,112,68,16,98,6,36,7,10,5,33,84" hai3="23,95,8,106,85,41,70,69,38,127,66,79,115"/><W59/><G115/><T24/><D121/><U76/><E108/><V14/><F112/><W45/><G106/><T103/><D109/><U104/><E117/><V13/><F36/><W61/><G127/><T92/><D124/><U91/><E104/><V135/><F68/><W39/><G39/><T80/><D37/><U26/><E71/><V47/><F47/><W111/><G111/><T35/><D43/><U49/><E32/><V9/><F33/><W116/><G116/><T105/><D105/><U0/><E0/><N who="2" m="167" /><F84/><W25/><G8/><T114/><D114/><U51/><REACH who="1" step="1"/><E40/><REACH who="1" ten="334,64,258,334" step="2"/><V64/><F133/><W132/><G132/><T72/><D35/><U125/><E125/><V96/><F135/><W60/><G70/><T122/><D122/><U58/><E58/><V2/><F2/><W134/><G134/><T94/><D80/><U4/><E4/><V55/><F6/><W12/><G69/><T11/><D11/><U3/><E3/><V50/><F10/><W129/><G59/><T119/><D119/><U100/><E100/><V53/><F7/><W78/><G41/><T118/><D118/><U30/><E30/><V123/><F123/><W83/><G23/><AGARI ba="1,1" hai="18,23,26,48,49,51,56,62,65,76,77,81,86,91" machi="23" ten="40,5200,0" yaku="1,1,8,1,53,1" doraHai="89" doraHaiUra="22" who="1" fromWho="3" sc="334,0,64,65,258,0,334,-55" /><INIT seed="4,0,0,0,5,73" ten="334,129,258,279" oya="0" hai0="82,32,114,53,7,120,69,50,81,125,86,55,88" hai1="74,39,10,6,15,101,126,131,106,9,28,45,65" hai2="127,104,11,52,57,36,20,18,79,24,134,59,51" hai3="68,0,3,122,22,111,29,34,110,100,99,132,16"/><T61/><D120/><U94/><E131/><V85/><F36/><W47/><G122/><T97/><D32/><U70/><E126/><V84/><F127/><W31/><G68/><T21/><D125/><U108/><E108/><V118/><F104/><W37/><G132/><T43/><D114/><U2/><E28/><V109/><F109/><W124/><G124/><T80/><D7/><U14/><E106/><V42/><F42/><W40/><G0/><T48/><D69/><U130/><E130/><V128/><F128/><W76/><G3/><T46/><D97/><U95/><E101/><V44/><F134/><W23/><G34/><T8/><D8/><U102/><E102/><V71/><F71/><W5/><G5/><T66/><D66/><U87/><E74/><V103/><F103/><W72/><G23/><T107/><D107/><U115/><E115/><V90/><F118/><W13/><G31/><T26/><D61/><U121/><E121/><V75/><F75/><W17/><G17/><T83/><REACH who="0" step="1"/><D50/><REACH who="0" ten="324,129,258,279" step="2"/><U1/><E65/><V12/><F11/><W89/><G111/><T91/><D91/><U49/><E70/><V78/><F90/><W113/><G89/><T93/><D93/><U60/><E60/><V123/><F123/><W105/><G110/><T112/><D112/><U119/><E95/><V92/><F92/><W116/><G113/><T54/><D54/><N who="1" m="29999" /><E119/><V58/><F24/><W64/><G64/><T96/><D96/><U4/><E39/><V98/><F98/><W25/><G116/><T30/><AGARI ba="0,1" hai="21,26,30,43,46,48,53,55,80,81,82,83,86,88" machi="30" ten="30,11700,0" yaku="1,1,0,1,8,1,54,1,53,0" doraHai="73" doraHaiUra="56" who="0" fromWho="0" sc="324,127,129,-39,258,-39,279,-39" /><INIT seed="4,1,0,5,3,115" ten="451,90,219,240" oya="0" hai0="95,52,40,80,60,96,5,130,2,29,83,123,20" hai1="78,43,86,122,132,53,27,105,54,49,14,44,119" hai2="81,98,38,84,100,104,128,39,21,71,118,47,103" hai3="8,110,55,56,11,3,32,26,37,30,4,28,120"/><T51/><D123/><U61/><E122/><V42/><F71/><W59/><G120/><T88/><D130/><U64/><E105/><V66/><F128/><W111/><G37/><T94/><D2/><U102/><E102/><V46/><F66/><W75/><G75/><T31/><D5/><U0/><E0/><V16/><F103/><W33/><G56/><N who="0" m="34823" /><D94/><U107/><E107/><V23/><F23/><W17/><G59/><T22/><D22/><U70/><E132/><V126/><F126/><W24/><G55/><T67/><D67/><U99/><E99/><V76/><F118/><W114/><G114/><T101/><D20/><U131/><E131/><V109/><F109/><W73/><G73/><T72/><D72/><U65/><E65/><V90/><F76/><W106/><G106/><T97/><D97/><U112/><E112/><V91/><F91/><W36/><G36/><T35/><D35/><U6/><E119/><V63/><F63/><W129/><G129/><T58/><D101/><U133/><E133/><V92/><F104/><W113/><G113/><T135/><D135/><U69/><E69/><V19/><F21/><W108/><G108/><T82/><D58/><U25/><E25/><V12/><REACH who="2" step="1"/><F12/><AGARI ba="1,0" hai="3,4,8,11,12,17,24,26,28,30,32,33,110,111" machi="12" ten="40,8000,1" yaku="9,1,34,3" doraHai="115" who="3" fromWho="2" sc="451,0,90,0,219,-83,240,83" /><INIT seed="5,0,0,0,3,79" ten="451,90,136,323" oya="1" hai0="124,64,30,87,111,4,29,47,83,60,130,12,8" hai1="93,17,106,101,63,72,125,110,81,84,21,70,90" hai2="109,123,96,39,119,61,92,56,55,115,11,65,80" hai3="127,50,23,99,53,94,28,40,52,48,108,77,135"/><U0/><E0/><V36/><F109/><W67/><G108/><T1/><D111/><U35/><E35/><V129/><F119/><W18/><G135/><T51/><D124/><U95/><E110/><V132/><F123/><W103/><G127/><T98/><D130/><U13/><E125/><V105/><F105/><W14/><G67/><T26/><D98/><U89/><E72/><V54/><F132/><W73/><G73/><T43/><D26/><U25/><E106/><V44/><F129/><W120/><G120/><T121/><D1/><U32/><E101/><V2/><F115/><W10/><G77/><N who="0" m="46575" /><D121/><U59/><E70/><AGARI ba="0,0" hai="4,8,12,29,30,43,47,51,60,64,70" m="46575" machi="70" ten="30,2000,0" yaku="25,1,52,1" doraHai="79" who="0" fromWho="1" sc="451,20,90,-20,136,0,323,0" /><INIT seed="6,0,0,0,2,84" ten="471,70,136,323" oya="2" hai0="30,75,14,109,12,70,10,31,46,13,0,37,4" hai1="116,8,24,86,88,65,51,63,100,108,5,92,41" hai2="135,29,68,32,69,58,43,118,22,101,133,27,77" hai3="9,99,55,125,54,16,64,48,60,45,129,127,106"/><V81/><F118/><W105/><G129/><T62/><D75/><U80/><E108/><V33/><F43/><W52/><G99/><T124/><D109/><U90/><E116/><V19/><F101/><W1/><G1/><T95/><D124/><N who="3" m="47689" /><G106/><T66/><D95/><U104/><E104/><V2/><F58/><N who="3" m="36887" /><G105/><T91/><D91/><U47/><E24/><V121/><F2/><W11/><G11/><T89/><D89/><N who="1" m="51399" /><E63/><V59/><F59/><W39/><G39/><T94/><D94/><U76/><E65/><V87/><F121/><W42/><G9/><T15/><D0/><U85/><E8/><V111/><F111/><W82/><G82/><T117/><D117/><U78/><E5/><V115/><F115/><W71/><G16/><T3/><D14/><U73/><E73/><V72/><F72/><W20/><G20/><T50/><D37/><U97/><E100/><V83/><F83/><AGARI ba="0,0" hai="41,47,51,76,78,83,85,88,90,92,97" m="51399" machi="83" ten="30,8000,1" yaku="8,1,52,3,54,1" doraHai="84" who="1" fromWho="2" sc="471,0,70,80,136,-80,323,0" /><INIT seed="7,0,0,5,5,135" ten="471,150,56,323" oya="3" hai0="106,115,110,38,4,79,40,125,18,43,75,64,46" hai1="39,13,107,54,66,21,26,29,89,16,61,10,114" hai2="133,35,20,65,28,70,47,113,118,11,17,27,14" hai3="0,15,9,104,49,59,67,50,7,111,73,88,95"/><W77/><G104/><T101/><D43/><U74/><E74/><V129/><F118/><W112/><G112/><T103/><D125/><U130/><E114/><V33/><F113/><W123/><G123/><T122/><D110/><U3/><E107/><V134/><F47/><W117/><G117/><T34/><D122/><U119/><E119/><V86/><F86/><W30/><G111/><T31/><D18/><U69/><E39/><V42/><F42/><W98/><G30/><T22/><D22/><U127/><E127/><V126/><F70/><W84/><G0/><T45/><D45/><U78/><E78/><V91/><F65/><W109/><G73/><T121/><D64/><U48/><E130/><V128/><F91/><W44/><G109/><T53/><D103/><U85/><E3/><V116/><F116/><W97/><G77/><T80/><D53/><U56/><E85/><V87/><F87/><W92/><G44/><T1/><D115/><U124/><E124/><V76/><F76/><W8/><G8/><N who="0" m="2063" /><D31/><U96/><E96/><V100/><F100/><N who="3" m="60455" /><G98/><N who="0" m="61751" /><D121/><U108/><E89/><V94/><F94/><W36/><G36/><T51/><D51/><U81/><E81/><V5/><F126/><W90/><G90/><T71/><D34/><U72/><E72/><V99/><F99/><W63/><AGARI ba="0,0" hai="7,9,15,49,50,59,63,67,84,88,95" m="60455" machi="63" ten="30,3000,0" yaku="8,1,54,1" doraHai="135" who="3" fromWho="3" sc="471,-10,150,-10,56,-10,323,30" /><INIT seed="7,1,0,4,0,120" ten="461,140,46,353" oya="3" hai0="100,130,71,49,77,124,25,14,64,65,59,57,97" hai1="69,135,5,98,86,17,28,118,35,51,62,84,117" hai2="101,19,20,81,106,119,109,104,0,70,91,41,82" hai3="33,36,2,66,88,26,60,53,11,44,87,8,75"/><W38/><G75/><T10/><D71/><U132/><E5/><V73/><F119/><N who="1" m="45577" /><E17/><V13/><F70/><W74/><G74/><T15/><D97/><U123/><E123/><V133/><F0/><W121/><G121/><T92/><D49/><U43/><E98/><V111/><F133/><W34/><G36/><T131/><D92/><U46/><E28/><V72/><F72/><W4/><G11/><T76/><D124/><U48/><E35/><V102/><F81/><W125/><G125/><T42/><D42/><U112/><E112/><V39/><F102/><W122/><G122/><T27/><D10/><U18/><E18/><V1/><F1/><W103/><G103/><AGARI ba="1,0" hai="14,15,25,27,57,59,64,65,76,77,100,103,130,131" machi="103" ten="25,1600,0" yaku="22,2" doraHai="120" who="0" fromWho="3" sc="461,19,140,0,46,0,353,-19" owari="480,58.0,140,-26.0,46,-45.0,334,13.0" /></mjloggm>