<mjloggm ver="2.3"><GO type="169" lobby="0"/><UN n0="%E3%81%A8%E3%82%82%E3%81%BE%E3%81%95" n1="%E8%B1%9A%E3%81%AE%E7%8E%8B" n2="%E3%82%AA%E3%82%AB%E3%83%AB%E3%83%88%E4%B8%80%E8%89%B2" n3="%E3%83%8E%E3%82%AA%E3%83%81%E3%83%A3%E3%83%99%E3%82%B9" dan="16,18,16,17" rate="2169.65,2233.99,2129.72,2198.83" sx="M,M,M,M"/><TAIKYOKU oya="0"/><INIT seed="0,0,0,5,3,29" ten="250,250,250,250" oya="0" hai0="116,115,41,60,25,112,58,63,73,14,84,96,111" hai1="35,74,113,124,42,81,87,48,91,134,94,18,126" hai2="64,65,51,99,122,37,59,133,46,95,36,0,50" hai3="7,5,70,23,117,105,12,13,56,28,130,16,15"/><T89/><D73/><U93/><E18/><V100/><F133/><W3/><G70/><T106/><D41/><U2/><E2/><V1/><F122/><W62/><G105/><T80/><D116/><U19/><E19/><V108/><F108/><W97/><G117/><T55/><D60/><U78/><E42/><V129/><F129/><W47/><G130/><T127/><D127/><N who="1" m="48683" /><E48/><V98/><F95/><N who="1" m="36361" /><E35/><V9/><F100/><W77/><G97/><T109/><D14/><U75/><E134/><V83/><F83/><W110/><G110/><N who="0" m="41995" /><D25/><U90/><E113/><V54/><F9/><W24/><G77/><T132/><D132/><U67/><E67/><V8/><F8/><W11/><G47/><T92/><D106/><U57/><E57/><V39/><F39/><W79/><G79/><AGARI ba="0,0" hai="55,58,63,79,80,84,89,92,96,112,115" m="41995" machi="79" ten="30,2900,0" yaku="14,1,10,1" doraHai="29" who="0" fromWho="3" sc="250,29,250,0,250,0,250,-29" /><INIT seed="0,1,0,1,4,113" ten="279,250,250,221" oya="0" hai0="99,28,53,0,80,30,37,38,84,36,108,119,135" hai1="6,5,128,20,48,85,101,103,102,75,10,58,50" hai2="77,26,55,76,109,91,74,130,131,88,25,3,42" hai3="70,114,66,44,23,19,125,59,82,69,29,120,31"/><T32/><D0/><U126/><E75/><V94/><F3/><W12/><G114/><T92/><D135/><U35/><E35/><V39/><F109/><W87/><G125/><T72/><D72/><U110/><E110/><V41/><F74/><W96/><G120/><T13/><D13/><U98/><E128/><V86/><F55/><W46/><G96/><T51/><D108/><U73/><E73/><V83/><F39/><W68/><G59/><T112/><D32/><U90/><E126/><V118/><F94/><W71/><N who="3" m="17408" /><DORA hai="7" /><W21/><G66/><T81/><D81/><U79/><E6/><V27/><F118/><W105/><G105/><T49/><D49/><U16/><E79/><V11/><F11/><W2/><G2/><T52/><D53/><U15/><E98/><V33/><F33/><W14/><G14/><T104/><D104/><U124/><E124/><V95/><F95/><W61/><G61/><T106/><D106/><U34/><E34/><V54/><F54/><W129/><G129/><N who="2" m="49161" /><F77/><W57/><G57/><T64/><D64/><U4/><E58/><V116/><F116/><W60/><G60/><T17/><D112/><U134/><E134/><V111/><F111/><W63/><G63/><T24/><D119/><U9/><E4/><V115/><F115/><W97/><G97/><T133/><D133/><U132/><E132/><V22/><F22/><W89/><REACH who="3" step="1"/><G21/><REACH who="3" ten="279,250,250,211" step="2"/><N who="0" m="13359" /><D99/><U43/><E20/><V123/><F123/><W56/><G56/><N who="0" m="32799" /><D92/><N who="1" m="54351" /><E43/><AGARI ba="1,1" hai="25,26,27,41,42,43,76,83,86,88,91" m="49161" machi="43" ten="30,2000,0" yaku="19,1,54,1" doraHai="113,7" who="2" fromWho="1" sc="279,0,250,-23,250,33,211,0" /><INIT seed="1,0,0,3,2,62" ten="279,227,283,211" oya="1" hai0="40,78,6,63,46,61,53,55,54,114,1,121,118" hai1="99,9,80,93,100,52,44,48,73,115,131,125,128" hai2="98,81,19,65,22,77,108,124,84,135,116,91,29" hai3="106,111,127,15,37,58,109,0,47,113,90,34,14"/><U24/><E115/><V21/><F108/><W45/><G34/><T39/><D114/><U64/><E125/><V85/><F124/><W49/><G127/><T83/><D118/><U42/><E24/><N who="2" m="16535" /><F135/><W86/><G106/><T5/><D121/><U107/><E9/><V79/><F116/><W94/><G0/><T60/><REACH who="0" step="1"/><D1/><REACH who="0" ten="269,227,283,211" step="2"/><U33/><E131/><V87/><F98/><W68/><G113/><T133/><D133/><U16/><E128/><V130/><F130/><W18/><G111/><T56/><D56/><U75/><E107/><V132/><F132/><W13/><G109/><T27/><D27/><U69/><E69/><V88/><F84/><AGARI ba="0,1" hai="5,6,39,40,46,53,54,55,60,61,63,78,83,84" machi="84" ten="40,1300,0" yaku="1,1,53,0" doraHai="62" doraHaiUra="12" who="0" fromWho="2" sc="269,23,227,0,283,-13,211,0" /><INIT seed="2,0,0,3,2,97" ten="292,227,270,211" oya="2" hai0="88,30,20,13,110,18,60,21,83,69,87,16,130" hai1="113,112,32,95,129,8,79,108,29,15,118,55,78" hai2="38,6,36,67,86,44,101,17,22,89,46,52,37" hai3="81,75,59,64,92,124,70,49,131,77,33,135,68"/><V103/><F67/><W120/><G33/><T71/><D110/><U114/><E108/><V72/><F72/><W24/><G120/><T85/><D130/><U14/><E129/><V111/><F111/><W57/><G24/><T51/><D30/><U100/><E118/><V47/><F6/><W41/><G131/><T10/><D51/><U93/><E32/><V48/><F47/><W102/><G124/><T56/><D85/><U42/><E29/><V12/><REACH who="2" step="1"/><F46/><REACH who="2" ten="292,227,260,211" step="2"/><W28/><G64/><T27/><REACH who="0" step="1"/><D10/><REACH who="0" ten="282,227,260,211" step="2"/><U25/><E8/><V34/><F34/><W121/><G75/><T76/><D76/><U96/><E114/><V4/><F4/><W35/><G35/><T73/><D73/><U123/><E112/><V40/><F40/><W26/><G41/><T63/><D63/><U54/><E113/><V74/><F74/><W84/><G77/><T3/><D3/><U94/><E42/><V128/><F128/><W115/><G115/><T45/><D45/><U106/><E79/><V50/><F50/><W116/><G49/><T0/><D0/><U132/><E78/><V7/><F7/><W125/><G121/><T107/><D107/><U109/><E106/><V127/><F127/><W134/><G125/><T99/><D99/><U31/><E96/><V39/><N who="2" m="9216" /><DORA hai="133" /><V11/><F11/><W90/><G84/><T91/><D91/><U1/><E109/><V9/><F9/><W126/><G90/><T98/><D98/><U104/><E123/><V82/><AGARI ba="0,2" hai="12,17,22,44,48,52,82,86,89,101,103" m="9216" machi="82" ten="60,12000,1" yaku="1,1,0,1,52,2,54,1,53,0" doraHai="97,133" doraHaiUra="5,117" who="2" fromWho="2" sc="282,-40,227,-40,260,140,211,-40" /><INIT seed="2,1,0,2,4,48" ten="242,187,400,171" oya="2" hai0="95,3,60,8,91,37,64,13,45,100,24,134,112" hai1="87,125,65,21,82,99,4,104,43,69,31,18,79" hai2="44,17,89,58,124,86,59,7,126,96,25,133,115" hai3="22,40,71,135,2,130,103,35,128,93,85,6,132"/><V56/><F115/><W32/><G71/><T106/><D3/><U111/><E111/><V131/><F7/><W52/><G40/><T94/><D106/><U127/><E4/><V0/><F0/><W15/><G103/><T119/><D112/><U80/><E43/><V117/><F117/><W121/><G93/><T11/><D37/><U76/><E31/><V63/><F96/><W110/><G85/><T109/><D134/><N who="3" m="51241" /><G110/><T30/><D45/><U41/><E41/><V61/><F133/><W55/><G2/><T90/><D100/><U129/><E129/><N who="3" m="49770" /><G121/><T28/><D13/><U27/><E65/><V105/><F44/><W42/><G42/><T53/><D24/><U98/><E69/><V66/><F105/><W20/><G6/><T19/><D94/><U107/><E107/><V33/><F63/><W88/><G88/><T114/><D60/><U73/><REACH who="1" step="1"/><E104/><REACH who="1" ten="242,177,400,171" step="2"/><V46/><F66/><W50/><G50/><T74/><D64/><U78/><E78/><V10/><F131/><W101/><G101/><T23/><D109/><U120/><E120/><V118/><F61/><W102/><G102/><T51/><D51/><U92/><E92/><V54/><F89/><W83/><G83/><T75/><D91/><U49/><E49/><V97/><F46/><W39/><G39/><T26/><D90/><U116/><E116/><V84/><F118/><W9/><G35/><T68/><D119/><U14/><E14/><V122/><F122/><W16/><G32/><T70/><D68/><U36/><E36/><V5/><F33/><W29/><G29/><T67/><D70/><RYUUKYOKU ba="1,1" sc="242,-15,177,15,400,-15,171,15" hai1="18,21,27,73,76,79,80,82,87,98,99,125,127" hai3="9,15,16,20,22,52,55" /><INIT seed="3,2,1,4,4,98" ten="227,192,385,186" oya="3" hai0="78,36,41,76,7,13,88,33,87,131,122,132,22" hai1="66,116,20,89,40,133,16,14,60,12,79,117,42" hai2="17,101,54,118,2,124,55,65,70,1,95,61,107" hai3="39,31,135,102,85,52,121,45,109,130,114,92,57"/><W28/><G114/><T68/><D33/><U15/><E79/><V56/><F118/><N who="1" m="45673" /><E89/><V106/><F124/><W93/><G121/><T38/><D131/><U4/><E133/><V29/><F106/><W77/><G130/><T51/><D68/><N who="1" m="42055" /><E4/><V10/><F29/><W25/><G135/><T97/><D38/><U100/><E100/><V48/><F107/><W8/><G8/><T23/><D36/><U69/><E69/><V35/><F35/><W99/><G109/><T81/><D132/><U104/><E104/><V112/><F112/><W129/><G129/><T82/><D78/><U83/><E83/><V43/><F17/><W86/><G31/><T32/><D32/><U11/><E11/><V47/><F95/><W58/><G39/><T6/><D97/><U53/><E53/><V91/><F91/><N who="3" m="53359" /><G25/><AGARI ba="2,1" hai="12,14,15,16,20,25,40,42" m="42055,45673" machi="25" ten="30,2000,0" yaku="12,1,54,1" doraHai="98" who="1" fromWho="3" sc="227,0,192,36,385,0,186,-26" /><INIT seed="4,0,0,1,2,20" ten="227,228,385,160" oya="0" hai0="69,126,97,36,55,131,32,33,28,101,14,109,15" hai1="73,108,121,4,56,57,104,25,74,124,53,133,88" hai2="42,111,46,2,61,122,98,66,91,18,24,72,34" hai3="54,130,7,135,85,79,115,106,94,119,76,59,82"/><T65/><D36/><U96/><E121/><V12/><F111/><W99/><G119/><T11/><D15/><U13/><E108/><V26/><F122/><W100/><G115/><T87/><D109/><U40/><E40/><V92/><F72/><W102/><G130/><T128/><D65/><U37/><E37/><V110/><F34/><W77/><G135/><T16/><D69/><U45/><E45/><V129/><F2/><W107/><G7/><T75/><D75/><U78/><E133/><V10/><F129/><N who="0" m="49738" /><D87/><U21/><E57/><N who="2" m="37167" /><F110/><W70/><G70/><T116/><D116/><U43/><E43/><V105/><F105/><N who="3" m="39947" /><G54/><T39/><D39/><U64/><E104/><V44/><F44/><W35/><G35/><T60/><D28/><U49/><E64/><V6/><F6/><W0/><G0/><T120/><D120/><U22/><E4/><V29/><F29/><W3/><G59/><N who="0" m="34943" /><D126/><U103/><E124/><V112/><F112/><W84/><G3/><T83/><D83/><U5/><E74/><V127/><F127/><W123/><G123/><T38/><D38/><U50/><E73/><V23/><F10/><W52/><G52/><T51/><D51/><AGARI ba="0,0" hai="12,18,23,24,26,42,46,51,91,92,98" m="37167" machi="51" ten="30,3900,0" yaku="8,1,52,2" doraHai="20" who="2" fromWho="0" sc="227,-39,228,0,385,39,160,0" /><INIT seed="5,0,0,1,1,9" ten="188,228,424,160" oya="1" hai0="61,27,15,8,50,55,20,105,4,82,56,81,19" hai1="46,102,34,16,30,134,122,13,117,0,126,89,130" hai2="47,35,118,95,77,123,59,22,64,33,48,38,60" hai3="79,103,54,7,111,72,129,12,2,36,94,51,98"/><U10/><E122/><V124/><F123/><W80/><G111/><T23/><D105/><U106/><E117/><V17/><F118/><W86/><G36/><T107/><D107/><U116/><E116/><V70/><F124/><W43/><G129/><T128/><D128/><U25/><E130/><V32/><F77/><W18/><G43/><T73/><D73/><U45/><E126/><V52/><F95/><W125/><G125/><T66/><REACH who="0" step="1"/><D23/><REACH who="0" ten="178,228,424,160" step="2"/><U112/><E134/><V58/><REACH who="2" step="1"/><F38/><REACH who="2" ten="178,228,414,160" step="2"/><W104/><G104/><T101/><D101/><U21/><E106/><V57/><F57/><AGARI ba="0,2" hai="4,8,15,19,20,27,50,55,56,57,61,66,81,82" machi="57" ten="30,7700,0" yaku="1,1,7,1,8,1,52,1,53,0" doraHai="9" doraHaiUra="26" who="0" fromWho="2" sc="178,97,228,0,414,-77,160,0" /><INIT seed="6,0,0,4,1,129" ten="275,228,337,160" oya="2" hai0="53,43,86,63,24,32,109,123,25,84,110,9,37" hai1="76,78,59,75,120,19,68,135,87,117,65,118,95" hai2="10,131,49,8,97,66,77,56,115,90,80,18,52" hai3="61,70,93,17,7,4,1,119,60,133,73,55,132"/><V127/><F115/><W35/><G119/><N who="1" m="45578" /><E59/><V101/><F127/><W12/><G73/><T64/><D43/><U114/><E19/><V83/><F131/><W82/><G35/><T81/><D37/><U108/><E65/><V89/><F66/><W27/><G27/><T74/><D123/><U47/><E47/><V62/><F62/><W5/><G82/><T96/><D53/><U58/><E58/><V40/><F40/><W13/><G1/><T103/><D74/><U38/><E68/><V54/><F101/><W121/><G121/><T20/><D9/><U106/><E38/><V50/><F97/><W42/><G42/><T30/><D109/><U113/><E120/><V44/><F77/><N who="1" m="29801" /><E106/><V94/><F56/><N who="3" m="34847" /><G93/><T100/><D25/><U26/><E26/><V6/><F94/><W72/><G72/><T3/><D3/><U126/><E75/><V102/><F44/><W128/><G128/><T85/><D103/><U14/><E14/><N who="3" m="5738" /><G17/><T31/><D110/><U105/><E105/><V36/><F102/><W91/><G91/><T16/><D32/><U116/><E116/><V15/><F36/><W45/><G45/><T71/><REACH who="0" step="1"/><D81/><REACH who="0" ten="265,228,337,160" step="2"/><U134/><E108/><V2/><F15/><W46/><G46/><T99/><D99/><U79/><E126/><V130/><F130/><W125/><G125/><T11/><D11/><U107/><E107/><AGARI ba="0,1" hai="16,20,24,30,31,63,64,71,84,85,86,96,100,107" machi="107" ten="40,2600,0" yaku="1,1,54,1,53,0" doraHai="129" doraHaiUra="34" who="0" fromWho="1" sc="265,36,228,-26,337,0,160,0" /><INIT seed="7,0,0,2,0,109" ten="301,202,337,160" oya="3" hai0="18,19,104,126,57,130,110,26,10,8,133,38,50" hai1="2,46,122,86,81,13,41,94,106,60,5,52,125" hai2="11,71,75,88,99,12,100,20,77,113,56,31,25" hai3="114,68,61,45,135,59,97,73,63,129,32,87,47"/><W49/><G73/><T74/><D38/><U92/><E122/><V55/><F113/><W95/><G32/><T118/><D74/><U9/><E106/><V3/><F71/><W42/><G87/><T67/><D104/><U36/><E125/><V15/><F88/><W84/><G84/><T44/><D118/><U134/><E134/><V116/><F116/><W37/><G135/><T121/><D121/><U35/><E35/><V28/><F28/><W103/><G129/><T96/><D110/><U51/><E2/><V62/><F3/><W123/><G123/><T112/><D133/><U120/><E120/><V54/><F11/><W64/><G114/><T98/><D67/><U82/><E82/><V72/><F72/><W79/><G79/><T80/><D57/><N who="1" m="34855" /><E36/><V69/><F69/><W132/><G132/><T58/><D58/><U23/><E23/><V102/><F55/><W66/><REACH who="3" step="1"/><G45/><REACH who="3" ten="301,202,337,150" step="2"/><T89/><D44/><U124/><E124/><V53/><F77/><AGARI ba="0,1" hai="5,9,13,41,46,51,77,81,86,92,94" m="34855" machi="77" ten="30,3900,0" yaku="25,1,8,1,54,1" doraHai="109" who="1" fromWho="2" sc="301,0,202,49,337,-39,150,0" owari="301,40.0,251,-15.0,298,10.0,150,-35.0" /></mjloggm>