<mjloggm ver="2.3"><GO type="169" lobby="0"/><UN n0="%E3%81%94%E3%82%8B%E3%81%A3" n1="%E3%81%9F%E3%81%8C%E3%82%84%E3%81%99" n2="%E9%95%B7%E5%B2%A1" n3="%52%42%31%30" dan="17,16,16,17" rate="2117.51,2144.81,2088.28,2158.87" sx="M,M,M,M"/><TAIKYOKU oya="0"/><INIT seed="0,0,0,5,5,127" ten="250,250,250,250" oya="0" hai0="78,117,80,79,33,102,16,39,129,125,46,113,49" hai1="29,51,15,30,53,107,81,26,0,94,77,114,88" hai2="112,90,34,61,66,91,131,6,97,58,75,40,9" hai3="101,18,105,25,82,86,96,126,47,116,1,41,110"/><T135/><D113/><U89/><E0/><V27/><F112/><W52/><G110/><T54/><D117/><U28/><E107/><V55/><F75/><W122/><G116/><T7/><D125/><U130/><E114/><V119/><F119/><W68/><G1/><T83/><D135/><U132/><E132/><V31/><F40/><W98/><G68/><T121/><D121/><U84/><E130/><V64/><F131/><W99/><G122/><T74/><D33/><U57/><E15/><V20/><F34/><W14/><G25/><T73/><D7/><U37/><E37/><V19/><F31/><W62/><G41/><T35/><D35/><U10/><E10/><V71/><F71/><W123/><G126/><T67/><D129/><U115/><E115/><V124/><F124/><W108/><G108/><T22/><D102/><U24/><REACH who="1" step="1"/><E89/><REACH who="1" ten="250,240,250,250" step="2"/><V59/><F90/><W17/><G105/><T111/><D111/><U56/><E56/><V100/><F59/><N who="3" m="35175" /><G47/><T72/><D39/><U36/><E36/><V43/><F91/><N who="3" m="51671" /><G123/><T65/><REACH who="0" step="1"/><D74/><AGARI ba="0,1" hai="24,26,28,29,30,51,53,57,74,77,81,84,88,94" machi="74" ten="40,2600,0" yaku="1,1,54,1,53,0" doraHai="127" doraHaiUra="13" who="1" fromWho="0" sc="250,-26,240,36,250,0,250,0" /><INIT seed="1,0,0,3,2,111" ten="224,276,250,250" oya="1" hai0="103,25,14,116,23,40,70,1,35,71,52,19,74" hai1="65,18,73,63,51,4,110,20,81,39,134,59,37" hai2="54,87,119,56,128,53,78,98,28,64,86,89,29" hai3="76,47,127,72,99,11,117,2,97,32,133,44,45"/><U92/><E4/><V102/><F119/><W95/><G32/><T57/><D116/><U10/><E10/><V48/><F128/><W82/><G117/><T135/><D135/><U50/><E134/><V96/><F78/><W113/><G127/><T80/><D1/><U55/><E110/><V90/><F64/><W100/><G133/><T58/><D103/><U112/><E112/><V69/><F69/><W91/><G113/><T67/><D40/><U42/><E42/><V88/><F53/><W3/><REACH who="3" step="1"/><G11/><REACH who="3" ten="224,276,250,240" step="2"/><T93/><D35/><U22/><E39/><V7/><F7/><W123/><G123/><T114/><D114/><U8/><E37/><V130/><F130/><W9/><G9/><T6/><D6/><U75/><E8/><V94/><REACH who="2" step="1"/><F96/><REACH who="2" ten="224,276,240,240" step="2"/><W66/><G66/><T21/><D67/><U16/><E65/><V41/><F41/><W115/><G115/><T125/><D70/><U104/><E55/><V132/><F132/><W121/><G121/><T38/><D71/><U27/><E75/><V122/><F122/><W108/><G108/><T101/><D74/><U120/><E73/><V26/><F26/><W85/><G85/><AGARI ba="0,2" hai="28,29,48,54,56,85,86,87,88,89,90,94,98,102" machi="85" ten="40,5200,0" yaku="1,1,8,1,54,1,53,0" doraHai="111" doraHaiUra="61" who="2" fromWho="3" sc="224,0,276,0,240,72,240,-52" /><INIT seed="2,0,0,1,1,74" ten="224,276,312,188" oya="2" hai0="103,17,78,13,20,5,111,55,7,1,86,132,33" hai1="0,9,72,97,42,23,58,2,22,79,64,53,131" hai2="62,129,84,113,8,70,65,46,16,75,54,81,32" hai3="99,51,87,26,25,119,89,49,4,123,59,44,71"/><V128/><F113/><W98/><G123/><T130/><D111/><U106/><E64/><V117/><F32/><W10/><G119/><T110/><D110/><U95/><E106/><V12/><F75/><W82/><G71/><T68/><D130/><U31/><E42/><V29/><F29/><W41/><G98/><T92/><D132/><U34/><E34/><V104/><F104/><W77/><G59/><T67/><D33/><U69/><E69/><V30/><F30/><W28/><G51/><T76/><D55/><U11/><E131/><V102/><F102/><W21/><G26/><T105/><D105/><U18/><E31/><V127/><F127/><W115/><G115/><T39/><D39/><U96/><E96/><V90/><REACH who="2" step="1"/><F117/><REACH who="2" ten="224,276,302,188" step="2"/><W27/><G28/><T66/><D103/><U120/><E72/><V109/><F109/><W36/><G36/><T45/><D68/><U116/><E116/><V85/><F85/><W57/><G87/><T114/><D114/><U14/><E97/><V47/><F47/><W121/><G44/><T43/><D45/><U124/><E124/><V6/><F6/><W52/><G4/><T100/><D7/><U108/><E108/><V126/><F126/><W38/><G38/><T35/><D5/><U50/><E0/><V125/><F125/><W60/><G121/><T56/><D1/><U83/><E2/><V24/><F24/><W73/><G27/><T135/><D35/><U80/><E120/><V61/><F61/><W91/><G60/><T107/><D100/><U133/><E133/><V88/><F88/><N who="3" m="33867" /><G25/><T37/><D135/><RYUUKYOKU ba="0,1" sc="224,-10,276,-10,302,30,188,-10" hai2="8,12,16,46,54,62,65,70,81,84,90,128,129" /><INIT seed="2,1,1,4,2,101" ten="214,266,332,178" oya="2" hai0="86,57,129,42,7,68,24,117,122,72,125,85,29" hai1="123,60,79,18,25,63,19,55,116,110,11,14,118" hai2="93,130,6,89,47,102,1,108,74,98,100,132,81" hai3="135,49,30,36,64,96,111,87,48,84,91,90,40"/><V120/><F120/><W46/><G111/><T109/><D109/><U83/><E60/><V38/><F108/><W32/><G135/><T58/><D68/><U20/><E110/><V121/><F121/><W62/><G96/><T131/><D72/><U22/><E123/><V9/><F130/><N who="0" m="49674" /><D7/><U5/><E63/><V0/><F0/><W45/><G32/><T31/><D42/><U39/><E39/><V77/><REACH who="2" step="1"/><F132/><REACH who="2" ten="214,266,322,178" step="2"/><W119/><G119/><T56/><D122/><U37/><E37/><V127/><F127/><W8/><G36/><T115/><D125/><U51/><E118/><V66/><F66/><W134/><G134/><T50/><D117/><U128/><E116/><V2/><F2/><W88/><G30/><T113/><D50/><U15/><E128/><V78/><F78/><W80/><G80/><T76/><D76/><U43/><E79/><V17/><F17/><W27/><G49/><T97/><D31/><U10/><E83/><V67/><F67/><W35/><G64/><T107/><D113/><U71/><E51/><V124/><F124/><W34/><G46/><T112/><D112/><U41/><E5/><V23/><F23/><W106/><G35/><N who="0" m="20903" /><D115/><U44/><E44/><V28/><F28/><W94/><G34/><T59/><D59/><U104/><E71/><V21/><F21/><W54/><G45/><T61/><D61/><U73/><E25/><V52/><F52/><W69/><G27/><T126/><D126/><U16/><E19/><V4/><F4/><W70/><G69/><T82/><D82/><U114/><E114/><V65/><F65/><RYUUKYOKU ba="1,2" sc="214,15,266,-15,322,15,178,-15" hai0="56,57,58,85,86,97,107" hai2="1,6,9,38,47,74,77,81,89,93,98,100,102" /><INIT seed="2,2,2,2,1,1" ten="229,251,337,163" oya="2" hai0="103,51,8,100,13,108,47,74,119,81,77,6,62" hai1="4,65,88,109,79,95,132,83,131,5,122,117,110" hai2="113,46,27,38,31,98,52,49,2,102,25,130,57" hai3="69,64,92,70,14,118,44,45,55,7,76,53,61"/><V121/><F113/><W21/><G118/><T40/><D108/><N who="1" m="41579" /><E65/><V56/><F121/><W66/><G76/><T42/><D119/><U28/><E117/><V123/><F123/><W41/><G92/><T135/><D135/><U32/><E122/><V24/><F130/><W120/><G120/><T3/><D42/><U82/><E132/><V127/><F127/><W35/><G35/><T106/><D106/><U84/><E131/><V104/><F38/><N who="3" m="21559" /><G21/><T16/><REACH who="0" step="1"/><D62/><REACH who="0" ten="219,251,337,163" step="2"/><U71/><E71/><V33/><REACH who="2" step="1"/><F2/><REACH who="2" ten="219,251,327,163" step="2"/><W0/><G0/><T50/><D50/><U115/><E115/><V80/><F80/><N who="1" m="30761" /><E79/><V48/><F48/><W37/><G37/><T107/><D107/><U99/><E99/><V75/><F75/><W78/><G78/><T60/><D60/><U94/><E94/><V134/><F134/><W67/><G61/><T101/><D101/><U133/><E133/><V91/><F91/><W129/><G129/><T23/><AGARI ba="2,4" hai="3,6,8,13,16,23,40,47,51,74,77,81,100,103" machi="23" ten="20,12000,2" yaku="1,1,0,1,7,1,52,1,54,1,53,1" doraHai="1" doraHaiUra="10" who="0" fromWho="0" sc="219,166,251,-32,327,-62,163,-32" /><INIT seed="3,0,0,5,2,78" ten="385,219,265,131" oya="3" hai0="4,69,95,123,1,83,131,53,113,59,107,42,7" hai1="50,12,27,62,19,79,75,104,28,35,64,41,82" hai2="108,44,135,31,55,102,129,9,33,13,134,8,133" hai3="37,128,86,88,36,57,54,17,3,103,94,105,127"/><W34/><G34/><T20/><D107/><U26/><E104/><V115/><F102/><W118/><G118/><T29/><D123/><U63/><E27/><N who="2" m="18687" /><F55/><W100/><G3/><T90/><D69/><U97/><E97/><V11/><F44/><W47/><G128/><T67/><D131/><U58/><E63/><V73/><F129/><W61/><G127/><T51/><D113/><U114/><E114/><V45/><F45/><W111/><G111/><T85/><D67/><U119/><E119/><V38/><F38/><W112/><G112/><T66/><D66/><U2/><E2/><V56/><F56/><W40/><G105/><T89/><D1/><U91/><E91/><V43/><F43/><W74/><G37/><T65/><D65/><U23/><E50/><V96/><F115/><W124/><G124/><T93/><D42/><U5/><E5/><N who="2" m="3215" /><F108/><W101/><REACH who="3" step="1"/><G17/><REACH who="3" ten="385,219,265,121" step="2"/><T106/><D106/><U110/><E110/><V92/><F73/><AGARI ba="0,1" hai="36,40,47,54,57,61,73,74,86,88,94,100,101,103" machi="73" ten="40,12000,1" yaku="1,1,2,1,54,1,53,1" doraHai="78" doraHaiUra="81" who="3" fromWho="2" sc="385,0,219,0,265,-120,121,130" /><INIT seed="3,1,0,5,4,109" ten="385,219,145,251" oya="3" hai0="115,81,50,61,58,16,42,129,12,60,32,3,29" hai1="70,108,117,62,20,38,83,11,84,55,6,8,97" hai2="114,4,1,64,110,18,125,40,24,126,119,133,37" hai3="80,36,27,86,13,39,123,7,131,98,54,91,107"/><W19/><G131/><T87/><D3/><U99/><E38/><V112/><F64/><W132/><G132/><T51/><D129/><U89/><E108/><V102/><F110/><W95/><G123/><T30/><D61/><U124/><E124/><N who="2" m="47723" /><F102/><W46/><G107/><T41/><D115/><N who="2" m="44074" /><F119/><W122/><G7/><T31/><D42/><U57/><E117/><V56/><F133/><W53/><G27/><T74/><D41/><U111/><E111/><V66/><F66/><W92/><G39/><T130/><D74/><U52/><E70/><V49/><F37/><W121/><G36/><T68/><D32/><U21/><E55/><N who="2" m="31855" /><F40/><W106/><G122/><T105/><D68/><U35/><E52/><V0/><F4/><W75/><G54/><N who="0" m="33879" /><D130/><U5/><E5/><V43/><F43/><W73/><G121/><T79/><D105/><U14/><E6/><V28/><F18/><W96/><G19/><T23/><AGARI ba="1,0" hai="12,16,23,29,30,31,50,51,79,81,87" m="33879" machi="23" ten="30,2000,0" yaku="8,1,54,1" doraHai="109" who="0" fromWho="0" sc="385,23,219,-6,145,-6,251,-11" /><INIT seed="4,0,0,0,3,41" ten="408,213,139,240" oya="0" hai0="62,69,99,115,106,19,30,6,60,118,67,104,46" hai1="105,8,3,72,42,80,130,113,108,86,57,22,51" hai2="81,49,33,125,11,64,110,76,120,135,71,14,107" hai3="83,4,40,84,29,78,47,94,59,95,23,103,10"/><T77/><D118/><U48/><E105/><V114/><F49/><N who="3" m="26855" /><G103/><T126/><D115/><U122/><E122/><V63/><F120/><W5/><G59/><T13/><D126/><U21/><E72/><V24/><F110/><W50/><G50/><T56/><D30/><U102/><E102/><V0/><F125/><W132/><G132/><T52/><D77/><U96/><E96/><V58/><F135/><W61/><G61/><T89/><D6/><N who="3" m="2665" /><G10/><T66/><D66/><U82/><E8/><V90/><F114/><W133/><G133/><T101/><D89/><U43/><E57/><V128/><F128/><W100/><G100/><T54/><D54/><U97/><E130/><V117/><F117/><W39/><G39/><T93/><REACH who="0" step="1"/><D46/><REACH who="0" ten="398,213,139,240" step="2"/><U79/><E113/><V26/><F90/><W75/><G75/><T15/><D15/><U98/><E79/><V28/><F14/><W32/><G32/><T121/><D121/><U65/><E65/><V134/><F134/><W34/><G34/><T45/><D45/><U16/><E3/><V123/><F123/><W131/><G131/><T91/><D91/><U85/><E108/><V92/><F33/><W111/><G111/><T109/><D109/><U73/><E73/><V88/><F0/><W55/><G55/><T1/><D1/><U27/><E27/><AGARI ba="0,1" hai="23,27,29,78,83,84,94,95" m="2665,26855" machi="27" ten="30,2000,0" yaku="8,1,52,1" doraHai="41" who="3" fromWho="1" sc="398,0,213,-20,139,0,240,30" /><INIT seed="5,0,0,2,0,81" ten="398,193,139,270" oya="1" hai0="46,59,32,58,55,86,95,8,28,19,85,98,108" hai1="42,102,130,23,94,101,54,97,10,33,67,118,63" hai2="105,34,93,62,73,126,116,65,96,22,91,89,68" hai3="125,7,132,80,31,61,2,110,76,122,51,39,15"/><U128/><E33/><V56/><F116/><W13/><G39/><T104/><D108/><U92/><E118/><V133/><F133/><W69/><G122/><T112/><D104/><U90/><E42/><V44/><F126/><W48/><G31/><T66/><D112/><U120/><E120/><V71/><F34/><W114/><G2/><T78/><D32/><U37/><E37/><V127/><F127/><W64/><G110/><T29/><D78/><U107/><E54/><V129/><F129/><W72/><G114/><T75/><D46/><U18/><E10/><V49/><F73/><W36/><G36/><T106/><D75/><U52/><E94/><V0/><F0/><W74/><G132/><T47/><D47/><U135/><E135/><V50/><F105/><W11/><G125/><T134/><D59/><N who="1" m="35303" /><E67/><V87/><F22/><W57/><G74/><T113/><D66/><U16/><E18/><V124/><F124/><W111/><G111/><T79/><D106/><U12/><E107/><V41/><REACH who="2" step="1"/><F50/><REACH who="2" ten="398,193,129,270" step="2"/><W43/><G51/><N who="0" m="31103" /><D134/><U35/><E35/><V88/><F88/><W4/><G48/><T30/><D79/><U40/><E40/><V60/><F60/><W6/><G43/><T21/><D113/><U27/><E12/><V25/><F25/><W119/><G119/><T24/><D8/><U77/><E77/><V38/><F38/><W5/><G15/><T109/><D109/><U20/><E23/><V131/><F131/><AGARI ba="0,1" hai="16,20,27,90,92,97,101,102,128,130,131" m="35303" machi="131" ten="30,11600,0" yaku="25,1,19,1,54,2" doraHai="81" who="1" fromWho="2" sc="398,0,193,126,129,-116,270,0" /><INIT seed="5,1,0,2,2,7" ten="398,319,13,270" oya="1" hai0="126,69,131,133,59,100,44,46,26,68,110,108,79" hai1="101,132,107,116,91,99,41,75,86,9,83,97,134" hai2="119,120,114,95,109,55,53,84,106,56,38,17,73" hai3="76,64,13,92,40,12,31,5,118,14,121,11,88"/><U93/><E41/><V63/><F119/><W57/><G121/><T34/><D100/><U98/><E116/><V130/><F120/><W104/><G118/><T6/><D79/><N who="1" m="44543" /><E9/><V4/><F109/><W37/><G104/><T123/><D6/><U105/><E105/><V30/><F73/><W66/><G37/><T67/><D123/><U111/><E111/><V77/><F106/><W49/><G31/><T21/><D34/><U128/><E128/><V85/><F38/><W135/><G135/><AGARI ba="1,0" hai="86,91,93,97,98,99,101,107,132,134,135" m="44543" machi="135" ten="30,11600,0" yaku="24,1,20,1,34,2" doraHai="7" who="1" fromWho="3" sc="398,0,319,119,13,0,270,-119" /><INIT seed="5,2,0,2,5,98" ten="398,438,13,151" oya="1" hai0="101,56,40,18,117,118,112,106,5,69,44,41,113" hai1="67,34,135,80,95,55,15,35,130,1,24,131,64" hai2="3,104,120,96,73,74,99,133,91,75,22,60,29" hai3="8,107,20,116,128,45,49,66,54,83,14,122,16"/><U78/><E1/><V62/><F3/><W43/><G122/><T63/><D5/><U4/><E55/><V87/><F120/><W103/><G128/><N who="1" m="49194" /><E95/><V23/><F133/><W111/><G111/><T121/><D18/><U93/><E93/><V31/><F75/><W30/><G116/><N who="0" m="44651" /><D121/><U132/><E15/><V28/><F28/><W79/><G66/><N who="1" m="25130" /><E4/><V119/><F119/><W114/><G114/><N who="0" m="44139" /><D69/><U53/><E53/><V61/><F61/><W11/><G30/><T33/><D33/><N who="1" m="12299" /><E24/><V127/><F127/><W19/><G54/><N who="0" m="34199" /><D44/><U71/><E71/><V76/><F31/><W85/><G19/><T92/><D92/><U123/><E123/><V105/><F29/><W26/><G26/><T125/><D125/><U90/><E90/><V115/><F115/><W21/><G45/><T134/><D134/><U57/><E57/><V7/><F7/><W102/><G8/><T84/><D84/><AGARI ba="2,0" hai="78,80,84,132,135" m="12299,25130,49194" machi="84" ten="40,2000,0" yaku="19,1" doraHai="98" who="1" fromWho="0" sc="398,-26,438,26,13,0,151,0" /><INIT seed="5,3,0,0,1,6" ten="372,464,13,151" oya="1" hai0="68,58,61,93,52,32,94,113,81,55,95,37,56" hai1="109,73,129,72,98,110,57,75,128,65,97,114,27" hai2="96,19,107,105,24,87,104,59,90,88,111,28,35" hai3="112,16,38,12,124,17,8,125,103,42,135,48,78"/><U71/><E71/><V23/><F111/><N who="1" m="42505" /><E27/><V108/><F108/><W44/><G112/><T74/><D113/><U118/><E114/><V134/><F134/><W67/><G135/><T45/><D32/><U117/><E57/><V4/><F4/><W22/><G103/><T54/><D68/><U29/><E29/><V47/><F47/><W66/><G38/><T79/><REACH who="0" step="1"/><D61/><REACH who="0" ten="362,464,13,151" step="2"/><U60/><E60/><V83/><F59/><W126/><G78/><T91/><D91/><U77/><E77/><V116/><F116/><N who="1" m="44649" /><E65/><V14/><REACH who="2" step="1"/><F90/><REACH who="2" ten="362,464,3,151" step="2"/><W0/><G0/><T20/><D20/><U21/><E21/><V102/><AGARI ba="3,2" hai="14,19,23,24,28,35,83,87,88,96,102,104,105,107" machi="102" ten="30,8000,1" yaku="1,1,2,1,0,1,54,1,53,1" doraHai="6" doraHaiUra="86" who="2" fromWho="2" sc="362,-23,464,-43,3,109,151,-23" /><INIT seed="6,0,0,4,1,27" ten="339,421,112,128" oya="2" hai0="12,126,97,45,21,62,46,33,86,58,70,41,124" hai1="85,22,50,13,113,67,89,105,1,130,59,2,114" hai2="25,23,28,83,5,110,93,132,38,31,55,39,42" hai3="75,116,66,37,47,44,88,102,82,7,17,129,30"/><V19/><F132/><W98/><G116/><T64/><D33/><U74/><E74/><V24/><F110/><W84/><G129/><T69/><D86/><U11/><E105/><V36/><F42/><W16/><G75/><T118/><D97/><U6/><E130/><V40/><F40/><W117/><G117/><T53/><D21/><U78/><E78/><V34/><F5/><W94/><G66/><T15/><D15/><U76/><E76/><V133/><F133/><W87/><G37/><N who="0" m="21679" /><D12/><U81/><E22/><V80/><F55/><W95/><G7/><T71/><D118/><U91/><E91/><V57/><F57/><W52/><G30/><T32/><D32/><U119/><E119/><V123/><F123/><W79/><G44/><T73/><D73/><U108/><E108/><V18/><REACH who="2" step="1"/><F93/><REACH who="2" ten="339,421,102,128" step="2"/><W100/><G100/><T72/><D72/><U121/><E121/><V99/><F99/><W90/><G102/><T43/><D53/><N who="1" m="32183" /><E67/><V49/><F49/><AGARI ba="0,1" hai="16,17,47,49,52,79,82,84,87,88,90,94,95,98" machi="49" ten="40,8000,1" yaku="8,1,54,3" doraHai="27" who="3" fromWho="2" sc="339,0,421,0,102,-80,128,90" /><AGARI ba="0,0" hai="43,46,49,58,62,64,69,70,71,124,126" m="21679" machi="49" ten="30,2000,0" yaku="34,2" doraHai="27" who="0" fromWho="2" sc="339,20,421,0,22,-20,218,0" /><INIT seed="7,0,0,5,1,81" ten="359,421,2,218" oya="3" hai0="95,79,96,125,98,17,83,90,8,131,91,2,6" hai1="82,121,41,128,71,66,12,3,94,32,76,7,109" hai2="4,115,10,100,116,42,5,75,40,101,0,64,127" hai3="105,59,46,13,43,107,11,92,9,86,129,51,118"/><W117/><G129/><T57/><D131/><U97/><E32/><V69/><F64/><W104/><G9/><T23/><D125/><U1/><E128/><V35/><F10/><W19/><REACH who="3" step="1"/><G59/><REACH who="3" ten="359,421,2,208" step="2"/><T112/><D57/><U110/><E71/><V85/><F127/><W93/><G93/><T56/><D56/><U67/><E94/><V26/><F116/><W48/><G48/><T132/><D132/><U31/><E110/><V58/><F69/><W25/><G25/><T62/><D62/><U126/><E109/><V27/><F58/><W122/><G122/><T37/><D37/><U15/><E121/><V50/><F50/><W60/><G60/><T134/><D134/><U49/><E49/><V29/><F115/><W21/><G21/><T72/><D112/><U78/><E126/><V89/><F75/><W111/><G111/><T108/><D108/><U38/><E38/><V39/><F26/><W73/><G73/><T53/><D53/><U133/><E133/><V63/><F63/><W54/><G54/><T70/><D70/><U113/><E113/><V84/><F39/><W123/><G123/><T45/><D45/><U16/><E67/><V68/><F68/><W36/><G36/><T103/><REACH who="0" step="1"/><D96/><REACH who="0" ten="349,421,2,208" step="2"/><U99/><E99/><V34/><F34/><W33/><G33/><T87/><D87/><N who="2" m="33354" /><F89/><AGARI ba="0,2" hai="11,13,19,43,46,51,86,89,92,104,105,107,117,118" machi="89" ten="40,3900,0" yaku="1,1,52,1,53,0" doraHai="81" doraHaiUra="61" who="3" fromWho="2" sc="349,0,421,0,2,-39,208,59" owari="349,15.0,421,52.0,-37,-54.0,267,-13.0" /></mjloggm>