<mjloggm ver="2.3"><GO type="169" lobby="0"/><UN n0="%E3%82%BF%E3%83%9E%E3%83%8D%E3%82%AE" n1="%41%53%41%4B%41%57%41" n2="%E6%AF%94%E5%98%89%E6%84%9B%E6%9C%AA" n3="%CE%B3%E4%B9%85%E6%B5%B7%E8%8F%9C%E3%80%85%E7%BE%8E%CE%B3" dan="17,16,16,16" rate="2132.43,2154.72,2097.63,2050.20" sx="M,M,F,M"/><TAIKYOKU oya="0"/><INIT seed="0,0,0,0,0,125" ten="250,250,250,250" oya="0" hai0="16,130,135,109,74,72,42,108,122,77,80,59,96" hai1="61,5,43,78,93,62,56,102,47,73,87,54,103" hai2="48,116,58,17,83,60,76,3,24,134,128,129,120" hai3="35,131,71,68,89,133,23,121,49,1,127,113,100"/><T95/><D122/><U111/><E111/><N who="0" m="42569" /><D42/><U82/><E5/><V52/><F120/><W107/><G49/><T57/><D135/><U30/><E30/><V27/><F134/><W19/><G89/><N who="0" m="55407" /><D72/><U25/><E25/><V51/><F3/><W124/><G1/><T15/><D130/><N who="2" m="50282" /><F116/><W79/><G35/><T114/><D114/><U11/><E73/><N who="2" m="43407" /><F17/><W101/><G19/><T117/><D117/><U9/><E62/><V65/><F48/><W69/><G107/><T123/><D123/><U119/><E119/><V14/><F14/><W67/><G121/><T44/><D44/><AGARI ba="0,0" hai="24,27,44,51,52,58,60,65" m="43407,50282" machi="44" ten="30,8000,1" yaku="19,1,52,3,54,1" doraHai="125" who="2" fromWho="0" sc="250,-80,250,0,250,80,250,0" /><INIT seed="1,0,0,4,0,28" ten="170,250,330,250" oya="1" hai0="96,79,17,102,110,129,56,53,121,87,83,127,62" hai1="22,108,48,29,99,69,37,81,23,47,101,8,31" hai2="88,115,27,57,0,97,16,11,3,94,14,24,114" hai3="98,123,134,4,50,92,105,109,111,124,135,18,131"/><U73/><E69/><V68/><F68/><W32/><G123/><T30/><D110/><N who="3" m="41993" /><G105/><T39/><D127/><U116/><E108/><V112/><F57/><W74/><G74/><T21/><D129/><U130/><E37/><V61/><F61/><W6/><G131/><T55/><D121/><U72/><E116/><V65/><F65/><W107/><G107/><T104/><D30/><U118/><E118/><V86/><F86/><W75/><G75/><T84/><D39/><U63/><E8/><V36/><F36/><W54/><G18/><T42/><D42/><U34/><E29/><V15/><F15/><W128/><G32/><T71/><D71/><U1/><E31/><V133/><F133/><N who="3" m="50699" /><G124/><T122/><D122/><U26/><E34/><V106/><F106/><W20/><G20/><T13/><REACH who="0" step="1"/><D87/><REACH who="0" ten="160,250,330,250" step="2"/><U93/><E130/><V66/><F112/><W38/><G38/><T91/><D91/><U49/><E73/><V64/><F114/><W76/><G128/><T117/><D117/><U19/><E72/><V70/><F115/><W7/><G76/><T51/><D51/><U12/><E49/><V59/><F70/><W45/><G4/><T25/><D25/><U113/><E113/><V120/><F120/><W90/><AGARI ba="0,1" hai="6,7,45,50,54,90,92,98" m="50699,41993" machi="90" ten="30,2000,0" yaku="14,1,20,1" doraHai="28" who="3" fromWho="3" sc="160,-5,250,-10,330,-5,250,30" /><INIT seed="2,0,0,5,5,12" ten="155,240,325,280" oya="2" hai0="45,122,99,56,57,66,80,103,134,1,49,26,92" hai1="125,116,50,114,78,18,124,13,47,118,76,95,120" hai2="19,36,100,38,74,59,67,71,85,110,97,135,72" hai3="105,104,43,29,132,88,5,3,28,21,31,37,79"/><V25/><F71/><W90/><G132/><T82/><D134/><U123/><E95/><V130/><F135/><W131/><G131/><T55/><D1/><U64/><E64/><V60/><F130/><W91/><G79/><N who="1" m="30250" /><E114/><V68/><F85/><W94/><G94/><T77/><D122/><N who="1" m="46635" /><E47/><V40/><F68/><W112/><G112/><T9/><D9/><N who="1" m="6447" /><E50/><V121/><F67/><W7/><G21/><T4/><D4/><U73/><E73/><V32/><F74/><W70/><G70/><T65/><D65/><U22/><E22/><V51/><F72/><W69/><G69/><T52/><D77/><U23/><E23/><V53/><F51/><W41/><G37/><T75/><D75/><U24/><E24/><V10/><F38/><W6/><REACH who="3" step="1"/><G3/><REACH who="3" ten="155,240,325,270" step="2"/><T133/><D133/><U46/><E46/><V108/><F36/><W107/><AGARI ba="0,1" hai="5,6,7,28,29,31,41,43,88,90,91,104,105,107" machi="107" ten="50,32000,5" yakuman="40" doraHai="12" doraHaiUra="111" who="3" fromWho="3" sc="155,-80,240,-80,325,-160,270,330" /><INIT seed="3,0,0,4,4,41" ten="75,160,165,600" oya="3" hai0="54,67,114,86,89,99,116,132,24,120,92,112,119" hai1="25,101,94,29,83,1,126,33,53,128,74,62,58" hai2="46,15,9,102,50,134,52,49,115,44,135,32,106" hai3="123,18,103,87,12,110,109,30,121,40,27,23,4"/><W21/><G103/><T131/><D67/><U108/><E108/><N who="3" m="41578" /><G87/><T19/><D54/><U59/><E1/><V14/><F115/><N who="0" m="44074" /><D19/><U122/><E122/><N who="3" m="46602" /><G40/><T48/><D24/><U82/><E74/><V6/><F32/><W73/><G73/><T56/><D48/><U34/><E34/><V84/><F84/><W3/><G3/><T47/><D56/><U105/><E58/><V68/><F68/><W11/><G23/><T71/><D47/><U117/><E59/><V43/><F102/><W111/><N who="3" m="41586" /><W96/><DORA hai="10" /><G96/><T90/><D71/><U129/><E33/><V64/><F106/><W78/><G78/><T72/><D120/><U13/><E105/><V17/><REACH who="2" step="1"/><F64/><REACH who="2" ten="75,160,155,600" step="2"/><W16/><AGARI ba="0,1" hai="4,11,12,16,18,21,27,30" m="46602,41586" machi="16" ten="50,18000,2" yaku="14,1,10,1,34,2,52,1,54,1" doraHai="41,10" who="3" fromWho="3" sc="75,-60,160,-60,155,-60,600,190" /><INIT seed="3,1,0,1,2,117" ten="15,100,95,790" oya="3" hai0="88,64,127,72,61,18,76,75,63,36,3,132,123" hai1="50,87,4,67,5,118,115,99,108,93,68,66,43" hai2="111,23,62,107,42,120,84,94,65,74,125,15,69" hai3="17,56,119,129,38,41,83,28,86,97,20,29,80"/><W98/><G119/><T104/><D36/><U100/><E108/><V70/><F74/><W126/><G126/><T58/><D127/><U130/><E130/><V57/><F125/><W116/><G116/><T37/><D123/><U11/><E115/><V60/><F107/><W92/><G129/><T25/><D37/><U13/><E68/><V71/><F111/><W112/><G97/><T73/><D104/><U113/><E113/><V122/><F42/><W9/><G9/><T78/><D3/><U46/><E118/><V22/><F62/><W7/><G7/><T26/><D132/><U90/><REACH who="1" step="1"/><E4/><REACH who="1" ten="15,90,95,790" step="2"/><V47/><F70/><W121/><G112/><T33/><D33/><U10/><E10/><V1/><F69/><W54/><G20/><T51/><D61/><U8/><E8/><V105/><F23/><W91/><G29/><T6/><D6/><U81/><AGARI ba="1,1" hai="5,11,13,43,46,50,66,67,81,87,90,93,99,100" machi="81" ten="20,5200,0" yaku="1,1,0,1,7,1,8,1,53,0" doraHai="117" doraHaiUra="16" who="1" fromWho="1" sc="15,-14,90,65,95,-14,790,-27" /><INIT seed="4,0,0,5,4,31" ten="1,155,81,763" oya="0" hai0="0,73,124,55,60,89,116,81,64,50,5,23,117" hai1="79,16,129,39,38,26,106,21,96,29,132,131,78" hai2="46,61,12,30,83,72,82,25,3,52,34,56,112" hai3="14,115,109,7,92,68,33,13,123,53,98,130,11"/><T36/><D36/><N who="1" m="13867" /><E132/><V43/><F112/><W111/><G33/><T113/><D113/><U6/><E6/><V4/><F3/><W54/><G68/><T28/><D124/><U32/><E106/><V66/><F72/><W125/><G130/><N who="1" m="49674" /><E96/><V63/><F43/><W85/><G123/><T8/><D28/><U127/><E127/><V133/><F133/><W15/><G7/><T101/><D23/><U74/><E74/><V70/><REACH who="2" step="1"/><F46/><REACH who="2" ten="1,155,71,763" step="2"/><W108/><G125/><T41/><D41/><U76/><E76/><V40/><F40/><W110/><G110/><T67/><D73/><U122/><E122/><V19/><F19/><W62/><G109/><T49/><D116/><U93/><E93/><V86/><F86/><W97/><G108/><T103/><D117/><U37/><E37/><V18/><F18/><W9/><G111/><T91/><D81/><U87/><E87/><V118/><F118/><W48/><G115/><T120/><D120/><U100/><E100/><N who="0" m="38473" /><D91/><U20/><E32/><V59/><F59/><N who="3" m="35183" /><G85/><T71/><D89/><U22/><E22/><V80/><F80/><W121/><G121/><T65/><D71/><U77/><E21/><V119/><F119/><W75/><G75/><T27/><D27/><U104/><E104/><V88/><F88/><N who="3" m="55431" /><G98/><T126/><D126/><U10/><E10/><AGARI ba="0,1" hai="4,10,12,25,30,34,52,56,61,63,66,70,82,83" machi="10" ten="40,5200,0" yaku="1,1,52,1,54,1,53,0" doraHai="31" doraHaiUra="95" who="2" fromWho="1" sc="1,0,155,-52,71,62,763,0" /><INIT seed="5,0,0,1,1,99" ten="1,103,133,763" oya="1" hai0="108,41,82,106,94,19,51,9,95,21,18,135,57" hai1="44,113,67,71,88,93,134,131,97,5,65,7,85" hai2="102,109,2,129,33,28,70,46,73,78,32,130,22" hai3="42,48,110,6,89,117,87,59,62,126,81,37,60"/><U34/><E113/><V90/><F109/><W14/><G126/><T31/><D108/><U69/><E131/><N who="2" m="50187" /><F2/><W125/><G125/><T111/><D111/><U118/><E118/><V100/><F70/><W72/><G72/><T98/><D106/><U8/><E134/><V10/><F10/><W24/><G117/><T86/><D135/><U30/><E69/><V114/><F114/><W112/><G112/><T1/><D1/><U120/><E120/><V43/><F22/><W96/><G37/><T83/><D94/><N who="1" m="54543" /><E71/><V39/><F90/><W124/><G124/><T104/><D104/><U45/><E34/><N who="2" m="13419" /><F28/><W11/><G24/><N who="0" m="16783" /><D9/><U92/><E30/><V122/><F122/><W115/><G115/><T84/><D84/><U132/><E132/><V13/><F13/><W49/><G110/><T91/><D82/><AGARI ba="0,0" hai="39,43,46,73,78,82,100,102" m="13419,50187" machi="82" ten="30,3900,0" yaku="19,1,52,2" doraHai="99" who="2" fromWho="0" sc="1,-39,103,0,133,39,763,0" owari="-38,-54.0,103,-30.0,172,-3.0,763,87.0" /></mjloggm>