<mjloggm ver="2.3"><GO type="169" lobby="0"/><UN n0="%EF%BC%A9%EF%BC%A3%EF%BC%A8%EF%BC%A9" n1="%E3%83%97%E3%83%AC%E3%82%B9%E3%83%97" n2="%E3%81%8B%E3%81%A3%E9%A3%9B%E3%81%B0%E3%81%9B%E5%85%A8%E9%83%A8" n3="%E3%82%8F%E3%81%8B%E3%82%81%75%64%6E" dan="17,17,17,17" rate="2201.26,2194.43,2202.88,2247.65" sx="M,M,M,M"/><TAIKYOKU oya="0"/><INIT seed="0,0,0,4,4,123" ten="250,250,250,250" oya="0" hai0="72,94,87,0,88,49,25,57,29,14,56,120,83" hai1="34,67,121,69,117,43,110,24,4,101,9,84,53" hai2="74,23,33,52,114,7,75,30,50,42,18,124,108" hai3="96,28,1,133,115,99,54,55,44,2,20,71,47"/><T70/><D70/><U19/><E121/><V60/><F114/><W13/><G71/><T132/><D120/><U32/><E117/><V46/><F124/><W79/><G79/><T102/><D132/><U112/><E112/><V48/><F7/><W128/><G13/><T73/><D0/><U116/><E116/><V64/><F30/><W77/><G77/><T127/><D127/><U66/><E43/><V118/><F33/><W62/><G115/><T104/><D104/><U11/><E53/><V131/><F131/><W129/><G20/><T80/><D14/><U38/><E38/><V119/><F108/><W17/><G62/><T111/><D111/><U97/><E84/><V22/><F118/><W65/><G65/><T78/><D49/><U35/><E110/><V76/><F119/><W82/><G82/><T68/><D68/><U89/><E89/><V109/><F109/><W12/><G12/><T58/><D102/><U61/><E66/><V8/><F8/><W63/><G63/><T59/><N who="0" m="14336" /><DORA hai="31" /><T103/><D103/><U26/><E19/><V106/><F23/><W90/><G90/><T51/><D51/><U27/><REACH who="1" step="1"/><E4/><REACH who="1" ten="250,240,250,250" step="2"/><V37/><F37/><W98/><G17/><T130/><D130/><U39/><E39/><V5/><F5/><W41/><G41/><T16/><D16/><U135/><E135/><V125/><F18/><W95/><G133/><T10/><D87/><U45/><E45/><V93/><F46/><W122/><G122/><T6/><D6/><U100/><E100/><V85/><F85/><W15/><G129/><T40/><D40/><RYUUKYOKU ba="0,1" sc="250,-10,240,30,250,-10,250,-10" hai1="9,11,24,26,27,32,34,35,61,67,69,97,101" /><INIT seed="1,1,1,2,2,84" ten="240,270,240,240" oya="1" hai0="120,51,35,104,118,67,53,130,37,27,117,56,3" hai1="39,2,133,99,54,19,57,20,21,131,24,121,10" hai2="123,69,70,103,77,127,36,4,55,23,9,32,8" hai3="61,47,1,114,78,65,124,101,33,28,41,43,12"/><U93/><E121/><V97/><F123/><W102/><G114/><T26/><D120/><U79/><E131/><V75/><F32/><W111/><G111/><T25/><D35/><U128/><E128/><V38/><F127/><W132/><G124/><T60/><D130/><U58/><E133/><V31/><F77/><W46/><G1/><T95/><D104/><U112/><E112/><V63/><F75/><W13/><G78/><T0/><D37/><U59/><E39/><V92/><F69/><W89/><G132/><T135/><D135/><U45/><E79/><V81/><F81/><W126/><G126/><T108/><D108/><U116/><E116/><V134/><F134/><W17/><G28/><T72/><D72/><U125/><E125/><V14/><F8/><W64/><G33/><T90/><D118/><U74/><E74/><V85/><F85/><W129/><G129/><T50/><D50/><N who="1" m="29007" /><E2/><V73/><F73/><W42/><G42/><T76/><D76/><U88/><E21/><V6/><F6/><W122/><G122/><T49/><D49/><U119/><E119/><V29/><F23/><W94/><G61/><T34/><D34/><U100/><E10/><V52/><F38/><W22/><G22/><T5/><D117/><U113/><E113/><V91/><F36/><W18/><G94/><T86/><REACH who="0" step="1"/><D5/><REACH who="0" ten="230,270,240,240" step="2"/><U82/><E82/><V66/><REACH who="2" step="1"/><F103/><AGARI ba="1,2" hai="19,20,24,57,58,59,88,93,99,100,103" m="29007" machi="103" ten="30,5800,0" yaku="8,1,52,1,54,1" doraHai="84" who="1" fromWho="2" sc="230,0,270,81,240,-61,240,0" /><INIT seed="1,2,0,0,2,132" ten="230,351,179,240" oya="1" hai0="66,118,117,17,4,88,75,54,7,78,58,37,107" hai1="102,116,72,29,114,80,60,52,104,71,63,130,30" hai2="122,90,9,123,129,62,45,76,14,33,31,47,85" hai3="35,113,101,74,53,119,68,13,23,73,121,6,44"/><U97/><E116/><V128/><F76/><W57/><G113/><T10/><D107/><U95/><E114/><V32/><F62/><W48/><G119/><T25/><D37/><U20/><E130/><N who="2" m="50283" /><F122/><W110/><G68/><T135/><D135/><U112/><E112/><V22/><F22/><W0/><G121/><T19/><D66/><U120/><E120/><V69/><F69/><W40/><G110/><T83/><D7/><U5/><E5/><N who="2" m="3375" /><F123/><W133/><G133/><T16/><D25/><U109/><E109/><V99/><F99/><W94/><G35/><N who="2" m="13385" /><F31/><W91/><G101/><T50/><D4/><U59/><E104/><V27/><F27/><W131/><G131/><T11/><D118/><U111/><E111/><V2/><F2/><W82/><G0/><T124/><D117/><U77/><REACH who="1" step="1"/><E20/><REACH who="1" ten="230,341,179,240" step="2"/><V98/><F98/><W127/><G23/><T51/><D11/><U3/><E3/><V28/><F28/><W36/><G6/><T18/><D10/><U108/><E108/><V42/><F42/><W56/><G40/><T43/><D43/><U87/><E87/><V15/><F15/><W126/><G74/><T39/><D75/><U106/><E106/><V55/><F55/><W8/><G73/><T134/><D54/><U105/><E105/><V26/><F26/><W89/><G8/><T49/><D134/><U1/><E1/><V65/><F65/><AGARI ba="2,1" hai="29,30,52,59,60,63,65,71,72,77,80,95,97,102" machi="65" ten="40,3900,0" yaku="1,1,54,1,53,0" doraHai="132" doraHaiUra="21" who="1" fromWho="2" sc="230,0,341,55,179,-45,240,0" /><INIT seed="1,3,0,0,2,102" ten="230,396,134,240" oya="1" hai0="100,31,79,99,37,83,75,56,21,30,113,73,134" hai1="114,19,104,18,110,103,126,47,22,44,84,50,108" hai2="23,38,58,96,107,63,51,119,20,93,16,64,117" hai3="71,29,28,36,88,95,80,13,76,135,57,61,116"/><U0/><E114/><V120/><F120/><W70/><G135/><T53/><D134/><U60/><E0/><V25/><F38/><W81/><G36/><T121/><D121/><U129/><E129/><V62/><F107/><W89/><G116/><T94/><D37/><U9/><E126/><V78/><F78/><W123/><G123/><T39/><D39/><U92/><E60/><V27/><F51/><W14/><G95/><T6/><D113/><U90/><E9/><V33/><F33/><W128/><G57/><T77/><D6/><U15/><E19/><V49/><F49/><W98/><G98/><T131/><D131/><U41/><REACH who="1" step="1"/><E47/><REACH who="1" ten="230,386,134,240" step="2"/><V12/><F63/><W111/><G61/><T42/><D31/><U87/><E87/><V106/><F12/><W48/><G128/><T86/><D30/><U109/><E109/><V7/><F7/><W101/><G111/><T4/><D4/><U17/><E17/><V45/><F45/><W85/><G85/><T115/><D86/><U82/><E82/><V127/><F127/><W122/><G122/><T40/><D83/><U52/><E52/><V26/><F26/><W34/><G81/><T118/><D53/><U3/><E3/><V132/><F132/><W72/><G80/><T74/><D115/><U124/><E124/><V32/><F27/><W69/><G29/><T35/><D75/><U54/><E54/><V125/><F125/><W97/><G28/><T2/><D74/><U112/><E112/><V105/><F32/><W68/><G34/><T130/><D35/><U24/><E24/><V91/><F23/><RYUUKYOKU ba="3,1" sc="230,-15,386,15,134,15,240,-15" hai1="15,18,22,41,44,50,84,90,92,103,104,108,110" hai2="16,20,25,58,62,64,91,93,96,105,106,117,119" /><INIT seed="1,4,1,4,4,119" ten="215,401,149,225" oya="1" hai0="68,39,79,108,102,105,52,13,69,27,60,16,29" hai1="103,130,91,3,64,63,115,35,125,55,32,19,10" hai2="76,118,65,25,95,30,98,70,21,89,123,44,131" hai3="33,134,14,18,116,99,133,46,71,66,40,110,83"/><U17/><E115/><V11/><F118/><W128/><G116/><T135/><D39/><U127/><E130/><V22/><F131/><W74/><G128/><T15/><D15/><U43/><E43/><V78/><F11/><W120/><G110/><T114/><D114/><U117/><E117/><V77/><F44/><W80/><G33/><T38/><D38/><U88/><E103/><V59/><F70/><W104/><G74/><T4/><D4/><U111/><E55/><V9/><F9/><W51/><G66/><T107/><D79/><U23/><E111/><V94/><F94/><W20/><G71/><T106/><D102/><U75/><E75/><V101/><F123/><W81/><REACH who="3" step="1"/><G120/><REACH who="3" ten="215,401,149,215" step="2"/><T7/><D69/><U109/><E109/><V58/><F65/><W24/><G24/><T5/><D68/><U45/><E35/><V113/><F113/><W61/><G61/><T86/><D60/><U48/><E32/><V112/><F112/><W85/><G85/><T56/><D86/><U57/><E125/><V12/><REACH who="2" step="1"/><F101/><AGARI ba="4,2" hai="14,18,20,40,46,51,80,81,83,99,101,104,133,134" machi="101" ten="40,1300,0" yaku="1,1,53,0" doraHai="119" doraHaiUra="126" who="3" fromWho="2" sc="215,0,401,0,149,-25,215,45" /><INIT seed="2,0,0,3,0,93" ten="215,401,124,260" oya="2" hai0="7,40,29,98,84,8,117,71,42,0,53,27,36" hai1="121,62,74,10,133,92,63,41,66,116,86,4,9" hai2="118,20,91,110,22,65,90,108,94,50,61,14,113" hai3="77,35,87,60,135,85,25,127,67,54,46,59,30"/><V107/><F113/><W79/><G135/><T13/><D71/><U112/><E116/><V18/><F118/><W106/><G127/><T95/><D117/><U48/><E112/><V111/><F107/><W19/><G106/><T52/><D0/><U103/><E74/><V83/><F50/><W16/><G87/><T115/><D84/><U24/><E133/><V55/><F55/><W119/><G119/><T132/><D115/><U21/><E121/><V39/><F39/><W58/><G46/><T45/><D42/><U28/><E62/><V44/><F44/><W1/><G1/><T126/><D126/><U130/><E130/><V125/><F125/><W120/><G120/><T102/><REACH who="0" step="1"/><D132/><REACH who="0" ten="205,401,124,260" step="2"/><U129/><E86/><V72/><F72/><W47/><G77/><T122/><D122/><U49/><E41/><V81/><F90/><W37/><G85/><T2/><D2/><U100/><E129/><V105/><F81/><W68/><G79/><T12/><D12/><U78/><E78/><V56/><F83/><W33/><G68/><T134/><D134/><U75/><E75/><V101/><F101/><W128/><G128/><T69/><D69/><U31/><E100/><V23/><REACH who="2" step="1"/><F105/><REACH who="2" ten="205,401,114,260" step="2"/><W96/><G37/><T43/><D43/><U17/><E103/><V26/><F26/><W82/><G82/><T70/><D70/><U38/><E38/><V15/><F15/><W99/><G25/><T104/><D104/><U6/><E24/><V11/><F11/><W89/><G89/><T114/><D114/><U76/><E10/><V123/><F123/><W88/><G88/><RYUUKYOKU ba="0,2" sc="205,15,401,-15,114,15,260,-15" hai0="7,8,13,27,29,36,40,45,52,53,95,98,102" hai2="14,18,20,22,23,56,61,65,91,94,108,110,111" /><INIT seed="2,1,2,3,5,44" ten="220,386,129,245" oya="2" hai0="2,111,18,123,65,74,124,47,66,17,63,109,129" hai1="98,43,125,20,67,45,102,3,54,71,101,59,77" hai2="78,94,85,28,126,86,120,36,0,29,75,53,97" hai3="91,93,41,108,127,133,100,40,119,103,79,15,6"/><V26/><F120/><W42/><G108/><N who="0" m="41547" /><D123/><U27/><E125/><V92/><F0/><W48/><G127/><T61/><D124/><U106/><E3/><V118/><F126/><W70/><G119/><T57/><D129/><U62/><E77/><V83/><F118/><W38/><G38/><T81/><D2/><U131/><E131/><V113/><F113/><W110/><G110/><T96/><D47/><U112/><E112/><V107/><F36/><W51/><G70/><N who="0" m="42287" /><D96/><U8/><E8/><V4/><F4/><W14/><G133/><T35/><D35/><U117/><E117/><V90/><F53/><W39/><G79/><AGARI ba="1,2" hai="17,18,57,63,66,74,79,81" m="42287,41547" machi="79" ten="30,1000,0" yaku="14,1" doraHai="44" who="0" fromWho="3" sc="220,33,386,0,129,0,245,-13" /><INIT seed="3,0,0,0,5,13" ten="253,386,129,232" oya="3" hai0="123,53,34,85,69,12,97,80,133,67,29,3,114" hai1="134,45,55,41,84,135,26,0,127,66,59,129,52" hai2="50,43,18,111,120,131,8,112,88,38,109,132,28" hai3="99,22,76,104,58,39,96,35,78,73,61,30,42"/><W128/><G128/><T33/><D3/><U130/><E0/><V32/><F112/><W5/><G35/><T118/><D69/><U93/><E26/><V49/><F131/><N who="1" m="50185" /><E93/><V48/><F132/><N who="1" m="50729" /><E84/><V1/><F120/><W20/><G5/><T79/><D67/><U63/><E127/><V91/><F43/><W94/><G104/><T51/><D85/><U60/><E60/><V54/><F38/><AGARI ba="0,0" hai="38,41,45,52,55,59,63,66" m="50729,50185" machi="38" ten="30,8000,1" yaku="19,1,20,1,34,2,54,1" doraHai="13" who="1" fromWho="2" sc="253,0,386,80,129,-80,232,0" /><INIT seed="4,0,0,1,5,88" ten="253,466,49,232" oya="0" hai0="3,32,11,90,9,70,118,131,12,128,105,15,95" hai1="87,135,117,38,39,91,34,2,58,119,75,97,49" hai2="60,116,28,6,4,48,69,80,129,19,81,43,102" hai3="44,29,133,123,110,45,18,98,73,57,126,132,66"/><T76/><D118/><U82/><E2/><V20/><F116/><W114/><G73/><T27/><D105/><U93/><E34/><V46/><F129/><N who="0" m="49738" /><D70/><U79/><E135/><N who="3" m="51786" /><G29/><N who="0" m="19519" /><D76/><U74/><E117/><V36/><F28/><W35/><G35/><T94/><D3/><U109/><E109/><V33/><F33/><W84/><G110/><T16/><D90/><U22/><E119/><V71/><F102/><W37/><G18/><AGARI ba="0,0" hai="9,11,12,15,16,18,94,95" m="19519,49738" machi="18" ten="30,11600,0" yaku="19,1,52,2,54,1" doraHai="88" who="0" fromWho="3" sc="253,116,466,0,49,0,232,-116" /><INIT seed="4,1,0,1,2,118" ten="369,466,49,116" oya="0" hai0="7,36,77,82,99,129,2,52,51,53,122,39,31" hai1="98,9,133,61,109,24,71,102,4,92,75,79,120" hai2="96,12,124,43,100,20,32,105,62,30,16,33,97" hai3="119,47,28,21,1,134,5,69,112,121,110,10,64"/><T94/><D129/><U117/><E117/><V54/><F124/><W13/><G119/><T88/><D122/><U65/><E109/><V128/><F128/><W27/><G110/><T57/><D31/><U25/><E133/><V131/><F131/><W35/><G69/><T14/><D2/><U101/><E120/><V45/><F96/><W123/><G64/><T87/><D7/><U55/><E75/><V126/><F126/><W6/><G134/><T74/><D14/><U22/><E79/><V50/><F62/><W41/><G112/><T73/><D73/><U81/><E81/><V103/><F103/><W130/><G130/><T125/><D125/><U111/><E111/><V59/><REACH who="2" step="1"/><F30/><REACH who="2" ten="369,466,39,116" step="2"/><W23/><G5/><T76/><D76/><U60/><E101/><V132/><F132/><W29/><G29/><T86/><D74/><U63/><E61/><V49/><AGARI ba="1,1" hai="12,16,20,32,33,43,45,49,50,54,59,97,100,105" machi="49" ten="20,5200,0" yaku="1,1,0,1,7,1,54,1,53,0" doraHai="118" doraHaiUra="135" who="2" fromWho="2" sc="369,-27,466,-14,39,65,116,-14" /><INIT seed="5,0,0,2,2,81" ten="342,452,104,102" oya="1" hai0="93,11,7,23,35,6,103,39,63,45,111,3,102" hai1="88,55,43,133,9,60,97,105,128,20,118,13,2" hai2="126,113,114,18,73,38,86,135,25,87,49,62,94" hai3="51,56,32,99,129,0,64,109,134,74,22,77,53"/><U41/><E118/><V80/><F38/><W101/><G109/><T124/><D111/><U5/><E128/><V65/><F126/><W110/><G110/><T4/><D35/><U70/><E133/><V83/><F135/><W107/><G134/><T67/><D124/><U115/><E115/><N who="2" m="44043" /><F49/><W16/><G129/><T52/><D23/><U132/><E132/><V26/><F94/><W15/><G32/><T84/><D103/><U116/><E116/><V91/><F18/><W108/><G108/><T57/><D102/><U29/><E105/><V54/><F54/><W120/><G120/><T71/><D39/><U21/><E2/><V31/><F31/><W69/><G0/><T122/><D45/><U8/><E8/><V48/><F48/><W85/><G74/><T37/><D37/><U131/><E131/><V59/><F73/><W12/><G64/><T75/><D75/><U24/><E21/><V50/><F50/><W58/><G69/><T104/><D104/><U1/><E1/><V19/><F19/><W66/><G66/><T17/><D17/><U36/><E36/><V68/><F68/><W76/><G12/><T89/><REACH who="0" step="1"/><D122/><REACH who="0" ten="332,452,104,102" step="2"/><U130/><E130/><V119/><F119/><W34/><G34/><T78/><D78/><AGARI ba="0,1" hai="25,26,59,62,65,78,80,83,86,87,91" m="44043" machi="78" ten="30,7700,0" yaku="15,1,11,1,52,2" doraHai="81" who="2" fromWho="0" sc="332,-77,452,0,104,87,102,0" /><INIT seed="6,0,0,2,5,48" ten="255,452,191,102" oya="2" hai0="120,114,121,109,8,79,67,96,85,123,46,134,101" hai1="86,27,41,135,78,70,133,56,26,24,92,29,10" hai2="21,53,65,103,68,11,117,35,108,12,126,69,105" hai3="23,72,127,45,15,33,63,81,89,49,94,122,116"/><V18/><F117/><W19/><G127/><T66/><D109/><U9/><E70/><V25/><F126/><W55/><G116/><T90/><D8/><U113/><E41/><V99/><F108/><W88/><G122/><T0/><D0/><U47/><E47/><V130/><F130/><W115/><G33/><T106/><D46/><U13/><E113/><V98/><F35/><W20/><G115/><T62/><D114/><U93/><E29/><V57/><F98/><W128/><G128/><T32/><D32/><U39/><E39/><V54/><F65/><W60/><G23/><T34/><D34/><U100/><E56/><V61/><REACH who="2" step="1"/><F53/><REACH who="2" ten="255,452,181,102" step="2"/><W118/><G118/><T95/><D67/><U131/><E131/><V6/><AGARI ba="0,1" hai="6,11,12,18,21,25,54,57,61,68,69,99,103,105" machi="6" ten="20,12000,1" yaku="1,1,2,1,0,1,7,1,52,1,53,0" doraHai="48" doraHaiUra="125" who="2" fromWho="2" sc="255,-40,452,-40,181,130,102,-40" /><INIT seed="6,1,0,0,0,85" ten="215,412,311,62" oya="2" hai0="89,2,115,86,106,30,122,24,4,36,43,64,96" hai1="125,6,18,133,123,72,15,12,116,97,63,67,126" hai2="35,16,78,134,57,79,65,111,127,8,73,92,29" hai3="128,53,103,50,25,99,68,26,31,135,81,124,34"/><V22/><F127/><N who="1" m="48649" /><E116/><V100/><F134/><W117/><G135/><T9/><D115/><U19/><E133/><V94/><F111/><W101/><G124/><T10/><D122/><U66/><E123/><V3/><F35/><W42/><G128/><T109/><D109/><U14/><E72/><V13/><F92/><W11/><G117/><T104/><D64/><N who="1" m="24619" /><E6/><V113/><F73/><W52/><G68/><T83/><D10/><U61/><E97/><N who="2" m="59447" /><F3/><W76/><G25/><T98/><D106/><U32/><E32/><V87/><F87/><W80/><G11/><T45/><REACH who="0" step="1"/><D104/><REACH who="0" ten="205,412,311,62" step="2"/><U82/><E82/><V69/><F69/><W60/><G81/><T49/><D49/><U39/><E39/><V21/><F113/><W48/><G48/><T17/><D17/><AGARI ba="1,1" hai="12,14,15,17,18,19,61,63" m="24619,48649" machi="17" ten="40,5200,0" yaku="28,2,18,1" doraHai="85" who="1" fromWho="0" sc="205,-55,412,65,311,0,62,0" /><INIT seed="7,0,0,4,5,62" ten="150,477,311,62" oya="3" hai0="124,126,77,14,24,3,133,43,49,91,45,112,35" hai1="13,122,29,32,10,67,57,98,86,71,37,59,42" hai2="1,108,4,135,99,123,72,97,81,110,63,66,52" hai3="127,70,20,94,92,12,113,131,55,93,16,18,40"/><W17/><G113/><T120/><D3/><U31/><E122/><V82/><F1/><W95/><G131/><T85/><D120/><U78/><E71/><V103/><F4/><W104/><G127/><N who="0" m="48683" /><D112/><U80/><E32/><V7/><F7/><W109/><G104/><T65/><D133/><U128/><E37/><V61/><F72/><W21/><G109/><T115/><D115/><U19/><E42/><V26/><F26/><W121/><G121/><T9/><D65/><U28/><E128/><V39/><F39/><W76/><G70/><T56/><D56/><N who="1" m="21579" /><E67/><V69/><F69/><W88/><G76/><T89/><D77/><U54/><E54/><V48/><F103/><W58/><G40/><T47/><D47/><U132/><E132/><V111/><F66/><W11/><G11/><T34/><D24/><U107/><E107/><V83/><F135/><W79/><G79/><T125/><D125/><U116/><E116/><V22/><F22/><W0/><G0/><T2/><D2/><U51/><E51/><V30/><F30/><W114/><G21/><T130/><D130/><U38/><E38/><V117/><F123/><W33/><G33/><N who="0" m="12299" /><D85/><U27/><E27/><V100/><F48/><N who="3" m="31079" /><G114/><T73/><D73/><U101/><E101/><V60/><F100/><W84/><AGARI ba="0,0" hai="12,16,17,18,20,84,88,92,93,94,95" m="31079" machi="84" ten="30,11700,0" yaku="25,1,8,1,54,2" doraHai="62" who="3" fromWho="3" sc="150,-39,477,-39,311,-39,62,117" /><INIT seed="7,1,0,3,1,1" ten="111,438,272,179" oya="3" hai0="132,113,43,115,16,31,111,57,46,44,6,40,105" hai1="18,65,52,63,129,104,28,75,39,5,23,32,10" hai2="118,45,78,133,86,35,51,64,91,8,112,13,33" hai3="62,66,21,102,134,29,107,76,98,47,4,37,12"/><W72/><G134/><T69/><D105/><U11/><E39/><V116/><F112/><N who="0" m="43082" /><D31/><U93/><E104/><V59/><F78/><W17/><G29/><T24/><D24/><U103/><E75/><V127/><F59/><W38/><G47/><N who="0" m="17963" /><D16/><U34/><E129/><V120/><F64/><W128/><G128/><T121/><D132/><U85/><E11/><V19/><F19/><W56/><REACH who="3" step="1"/><G4/><REACH who="3" ten="111,438,272,169" step="2"/><T58/><D121/><U97/><E28/><V68/><F120/><W25/><G25/><T101/><D101/><U99/><E5/><V74/><F133/><W89/><G89/><T71/><D111/><U27/><E27/><V49/><F91/><W2/><G2/><T67/><D6/><U119/><E103/><V80/><F33/><W131/><G131/><T82/><D82/><AGARI ba="1,1" hai="12,17,21,37,38,56,62,66,72,76,82,98,102,107" machi="82" ten="40,3900,0" yaku="1,1,53,1" doraHai="1" doraHaiUra="94" who="3" fromWho="0" sc="111,-42,438,0,272,0,169,52" /><INIT seed="7,2,0,5,5,4" ten="69,438,272,221" oya="3" hai0="81,74,130,112,91,127,14,52,99,109,61,113,111" hai1="56,22,135,90,104,119,27,53,84,71,58,102,18" hai2="19,68,29,41,49,103,55,12,51,3,92,132,73" hai3="0,42,106,129,16,60,124,5,7,64,125,95,54"/><W126/><G106/><T89/><D14/><U134/><E71/><V30/><F3/><W94/><G129/><T21/><D21/><U118/><E102/><V34/><F68/><W105/><G105/><T97/><D61/><N who="1" m="35983" /><E58/><V110/><F73/><W17/><G54/><T62/><D52/><U1/><E1/><V120/><F34/><W45/><G7/><T35/><D62/><U6/><E6/><V117/><F117/><N who="1" m="44553" /><E104/><V82/><F82/><AGARI ba="2,0" hai="18,22,27,82,84,90,134,135" m="44553,35983" machi="82" ten="30,1000,0" yaku="12,1" doraHai="4" who="1" fromWho="2" sc="69,0,438,16,272,-16,221,0" owari="69,-43.0,454,55.0,256,6.0,221,-18.0" /></mjloggm>