<mjloggm ver="2.3"><GO type="169" lobby="0"/><UN n0="%E3%83%AC%E3%82%A4%E3%83%88%E3%83%B3%E5%87%86%E6%95%99%E6%8E%88" n1="%E3%82%AB%E3%83%83%E3%83%95%E3%82%A7" n2="%E3%82%B5%E3%82%A6%E3%83%8A%E5%B0%8F%E5%83%A7" n3="%74%2E%6F%2E%6F%2E%73" dan="17,16,17,18" rate="2151.46,2097.37,2153.90,2263.74" sx="M,M,M,M"/><TAIKYOKU oya="0"/><INIT seed="0,0,0,2,3,125" ten="250,250,250,250" oya="0" hai0="34,49,19,25,53,67,124,11,45,42,92,71,70" hai1="81,51,8,104,84,99,128,62,117,93,27,38,113" hai2="41,1,126,15,79,87,22,6,33,0,91,60,106" hai3="9,86,73,46,135,29,88,2,64,123,32,20,26"/><T80/><D124/><U98/><E38/><V130/><F33/><W108/><G73/><T102/><D67/><U107/><E117/><V66/><F106/><W69/><G108/><T118/><D118/><U131/><E62/><V52/><F41/><W39/><G135/><T35/><D80/><U5/><E27/><V132/><F79/><W96/><G123/><T55/><D102/><U105/><E51/><V21/><F126/><W54/><G96/><N who="1" m="36906" /><E8/><V103/><F103/><W30/><G64/><T77/><D77/><N who="1" m="46127" /><E5/><V133/><F22/><W101/><G101/><T72/><D11/><U18/><E18/><N who="2" m="10463" /><F6/><W17/><G69/><T7/><D7/><U97/><E113/><V95/><F52/><W31/><G2/><T85/><D70/><U122/><E122/><V14/><F14/><N who="3" m="7375" /><G39/><T4/><D71/><U24/><E24/><V40/><F40/><W3/><G3/><T63/><D25/><U127/><E127/><V12/><F12/><W47/><G32/><T129/><D35/><U111/><E111/><V28/><F28/><N who="3" m="10859" /><G54/><T44/><D55/><U57/><E57/><N who="2" m="37135" /><F0/><W75/><G75/><T94/><D34/><U89/><AGARI ba="0,0" hai="89,93,97,104,105,107,128,131" m="46127,36906" machi="89" ten="40,8000,1" yaku="34,2,52,2" doraHai="125" who="1" fromWho="1" sc="250,-40,250,80,250,-20,250,-20" /><INIT seed="1,0,0,2,3,71" ten="210,330,230,230" oya="1" hai0="0,80,11,7,116,36,133,103,24,96,70,134,131" hai1="128,89,53,60,20,91,113,41,73,54,45,111,51" hai2="123,2,102,50,30,33,90,78,135,130,93,62,125" hai3="8,43,22,9,34,3,58,107,100,79,57,92,124"/><U61/><E73/><V28/><F123/><W65/><G124/><T27/><D116/><U47/><E113/><V15/><F125/><W115/><G115/><T19/><D131/><U120/><E120/><V114/><F2/><W98/><G34/><T122/><D70/><U75/><E75/><V39/><F114/><W105/><G79/><T117/><D117/><U40/><E128/><V31/><F130/><W1/><G22/><T106/><D122/><U129/><E129/><V81/><F102/><W21/><G21/><T88/><D19/><U14/><E111/><V112/><F112/><W66/><G100/><T97/><D36/><U84/><E20/><V38/><F33/><W74/><G74/><T6/><D6/><U4/><E4/><V77/><F135/><N who="0" m="51722" /><D96/><U82/><E14/><V95/><F62/><W118/><G98/><T52/><D52/><U63/><REACH who="1" step="1"/><E89/><REACH who="1" ten="210,320,230,230" step="2"/><V127/><F15/><W72/><G72/><T48/><D24/><U68/><E68/><V25/><F25/><W121/><G121/><T18/><D27/><U85/><E85/><V5/><F5/><W87/><G87/><T59/><D88/><U37/><AGARI ba="0,1" hai="37,40,41,45,47,51,53,54,60,61,63,82,84,91" machi="37" ten="30,12000,1" yaku="1,1,0,1,52,1,53,2" doraHai="71" doraHaiUra="49" who="1" fromWho="1" sc="210,-40,320,130,230,-40,230,-40" /><INIT seed="1,1,0,1,2,31" ten="170,450,190,190" oya="1" hai0="15,24,125,5,42,13,107,52,135,78,47,50,131" hai1="100,18,92,9,19,101,0,29,121,106,89,33,35" hai2="114,90,86,40,122,37,10,95,21,130,41,103,62" hai3="59,102,113,126,70,69,64,48,134,128,25,20,14"/><U23/><E121/><V55/><F122/><W22/><G128/><T88/><D131/><U56/><E106/><V57/><F130/><W108/><G108/><T83/><D107/><U11/><E29/><V112/><F103/><W46/><G126/><T98/><D125/><U84/><E0/><V28/><F10/><W51/><G134/><T133/><D24/><U99/><E100/><V54/><F37/><W4/><G113/><N who="2" m="43625" /><F55/><W123/><G123/><T43/><D43/><U93/><E56/><V66/><F54/><W118/><G102/><T87/><D42/><U82/><E93/><V91/><F91/><W3/><G3/><T17/><D5/><U72/><E72/><V32/><F21/><W45/><G118/><T16/><D98/><U110/><E110/><V79/><F79/><W61/><G22/><T111/><D78/><U80/><E82/><V76/><F76/><W104/><G20/><N who="0" m="11279" /><D111/><U30/><E30/><V119/><F119/><W97/><G104/><T68/><D68/><U67/><E67/><V8/><F8/><AGARI ba="1,0" hai="8,15,17,47,50,52,83,87,88,133,135" m="11279" machi="8" ten="30,7700,0" yaku="25,1,54,3" doraHai="31" who="0" fromWho="2" sc="170,80,450,0,190,-80,190,0" /><INIT seed="2,0,0,5,1,64" ten="250,450,110,190" oya="2" hai0="30,121,34,89,38,50,0,43,17,62,134,72,11" hai1="16,5,23,112,87,9,31,41,70,124,115,14,67" hai2="125,2,133,127,106,10,63,44,3,65,98,12,27" hai3="68,110,58,51,130,48,26,99,54,4,105,76,111"/><V114/><F114/><W126/><G76/><T78/><D121/><U75/><E75/><V15/><F133/><W45/><G4/><N who="0" m="1415" /><D50/><U103/><E124/><N who="2" m="47691" /><F44/><W25/><G126/><T19/><D89/><U117/><E117/><V6/><F27/><W7/><G7/><T123/><D62/><U80/><E41/><V86/><F15/><W92/><G105/><T40/><D40/><U102/><E31/><V79/><F79/><W60/><G130/><T8/><D8/><U35/><E35/><V95/><F86/><W59/><G26/><N who="0" m="18775" /><D123/><U22/><E112/><V49/><F49/><W21/><G51/><T66/><D134/><U37/><E115/><V100/><F95/><W119/><G45/><N who="0" m="23799" /><D66/><U129/><E129/><V32/><F32/><W109/><G25/><T97/><D97/><U101/><E37/><V132/><F132/><W74/><G99/><T91/><D19/><U131/><E131/><V47/><F47/><W94/><G94/><T120/><D17/><U107/><E107/><V29/><F29/><W61/><G92/><T71/><D120/><U81/><E87/><V118/><F118/><W90/><G119/><T116/><D116/><U55/><E14/><V83/><F83/><W113/><G113/><T28/><D28/><U135/><E135/><V82/><F82/><W52/><G74/><T88/><D72/><U122/><E81/><V24/><F24/><W46/><G46/><T18/><D78/><U33/><E80/><V108/><F108/><W57/><G48/><T39/><D39/><U85/><E122/><V96/><F96/><W36/><G109/><RYUUKYOKU ba="0,0" sc="250,-10,450,-10,110,30,190,-10" hai2="2,3,6,10,12,63,65,98,100,106" /><INIT seed="2,1,0,0,2,124" ten="240,440,140,180" oya="2" hai0="128,101,115,3,74,20,46,40,96,98,32,64,52" hai1="11,68,29,104,85,79,47,49,73,82,8,111,67" hai2="42,78,28,72,50,70,24,51,132,66,97,81,36" hai3="61,16,12,19,4,90,58,95,17,5,129,69,120"/><V118/><F118/><W123/><G69/><T54/><D115/><U116/><E104/><V48/><F132/><W60/><G129/><T107/><D32/><U25/><E116/><V26/><F97/><W9/><G5/><T27/><D3/><U38/><E38/><V7/><F7/><W13/><G120/><T91/><D74/><U35/><E111/><V39/><F42/><W65/><G123/><T2/><D2/><U15/><E73/><V119/><F119/><W55/><G61/><T113/><D64/><U134/><E134/><V41/><F41/><W34/><G34/><T45/><D128/><U71/><E67/><V100/><F100/><W108/><G108/><T86/><D98/><U56/><E56/><V83/><F83/><W92/><G65/><T130/><D130/><U37/><E37/><V94/><F94/><W6/><REACH who="3" step="1"/><G90/><REACH who="3" ten="240,440,140,170" step="2"/><T89/><D91/><U112/><E68/><V93/><F66/><W75/><G75/><T131/><D131/><U21/><E71/><V44/><F70/><W126/><G126/><T80/><D113/><U43/><E112/><V62/><F62/><W33/><G33/><T0/><D0/><U121/><E121/><V30/><F72/><W133/><G133/><T63/><D63/><U135/><E135/><V57/><F78/><W14/><G14/><T1/><D1/><U117/><E117/><V59/><F26/><W88/><G88/><T77/><D89/><U53/><E35/><V84/><F24/><W31/><G31/><N who="0" m="17895" /><D45/><U122/><E122/><V110/><F44/><W23/><G23/><T105/><D105/><RYUUKYOKU ba="1,1" sc="240,15,440,-15,140,-15,170,15" hai0="40,46,52,54,77,80,86,96,101,107" hai3="4,6,9,12,13,16,17,19,55,58,60,92,95" /><INIT seed="3,2,1,5,3,32" ten="255,425,125,185" oya="3" hai0="20,29,3,48,100,83,127,7,42,45,11,46,33" hai1="77,89,60,80,132,10,34,6,40,9,5,128,107" hai2="57,70,114,124,24,2,47,103,55,113,12,26,17" hai3="23,22,95,72,101,69,15,1,109,134,133,90,93"/><W92/><G69/><T98/><D127/><U64/><E89/><V121/><F70/><W71/><G71/><T65/><D33/><U125/><E125/><V110/><F124/><W78/><G101/><T91/><D65/><U112/><E34/><V130/><F110/><W79/><G90/><T75/><D29/><U14/><E132/><N who="3" m="50794" /><G109/><T84/><D20/><N who="3" m="7721" /><G15/><T56/><D75/><U126/><E126/><V62/><F103/><W106/><G106/><T51/><D56/><U73/><E107/><V35/><F12/><W108/><G108/><T97/><REACH who="0" step="1"/><D100/><REACH who="0" ten="245,425,125,185" step="2"/><U25/><E64/><V59/><F59/><W105/><G72/><T16/><D16/><U8/><E73/><V66/><F57/><W41/><G41/><AGARI ba="2,2" hai="3,7,11,41,42,45,46,48,51,83,84,91,97,98" machi="41" ten="30,8000,1" yaku="1,1,7,1,9,1,52,1,53,1" doraHai="32" doraHaiUra="81" who="0" fromWho="3" sc="245,106,425,0,125,0,185,-86" /><INIT seed="4,0,0,4,3,12" ten="351,425,125,99" oya="0" hai0="95,17,59,21,72,91,94,131,135,19,129,84,108" hai1="69,111,74,23,22,105,122,8,9,82,128,10,25" hai2="132,114,7,38,46,66,57,55,28,81,62,70,112" hai3="52,119,16,134,126,73,109,61,41,48,44,86,5"/><T58/><D72/><U47/><E105/><V110/><F7/><W75/><G109/><T42/><D42/><U104/><E104/><V103/><F103/><W117/><G5/><T56/><D135/><U34/><E69/><V113/><F28/><W99/><G134/><T133/><D133/><U65/><E65/><V11/><F11/><W89/><G99/><T24/><D108/><U29/><E111/><V43/><F132/><W26/><G126/><T102/><D102/><U90/><E47/><V118/><F110/><W27/><G73/><T31/><REACH who="0" step="1"/><D94/><REACH who="0" ten="341,425,125,99" step="2"/><U14/><E74/><V116/><REACH who="2" step="1"/><F81/><REACH who="2" ten="341,425,115,99" step="2"/><W18/><G117/><T100/><D100/><U76/><E82/><V15/><F15/><W77/><G119/><T37/><D37/><U50/><E14/><V2/><F2/><W33/><G75/><T36/><D36/><U30/><E122/><V60/><AGARI ba="0,2" hai="38,43,46,55,57,60,62,66,70,112,113,114,116,118" machi="60" ten="40,12000,2" yaku="1,1,0,1,15,1,34,3,53,0" doraHai="12" doraHaiUra="83" who="2" fromWho="2" sc="341,-60,425,-30,115,140,99,-30" /><INIT seed="5,0,0,5,2,42" ten="281,395,255,69" oya="1" hai0="25,125,112,91,109,26,13,15,54,20,128,58,9" hai1="119,61,102,77,106,36,33,52,4,76,114,95,68" hai2="81,22,43,92,99,14,122,96,120,67,129,0,34" hai3="56,90,86,57,2,85,74,113,75,46,117,130,104"/><U17/><E33/><V8/><F34/><W121/><G2/><T5/><D109/><U115/><E119/><V124/><F129/><W1/><G1/><T134/><D112/><N who="1" m="43051" /><E4/><V62/><F124/><W60/><G113/><T3/><D125/><U53/><E106/><V84/><F22/><W23/><G104/><T28/><D128/><U59/><E68/><V118/><F118/><W105/><G105/><T116/><D116/><U55/><E36/><V82/><F99/><W7/><G117/><T48/><D134/><U66/><E17/><V80/><F84/><W65/><G7/><T12/><D91/><U44/><E102/><V94/><F43/><W123/><G130/><T87/><D87/><U64/><E95/><V40/><F94/><W133/><G23/><T18/><REACH who="0" step="1"/><D25/><REACH who="0" ten="271,395,255,69" step="2"/><U71/><E77/><V10/><F120/><W16/><G133/><T11/><AGARI ba="0,1" hai="3,5,9,11,12,13,15,18,20,26,28,48,54,58" machi="11" ten="20,8000,1" yaku="1,1,2,1,0,1,7,1,53,1" doraHai="42" doraHaiUra="21" who="0" fromWho="0" sc="271,90,395,-40,255,-20,69,-20" /><INIT seed="6,0,0,3,0,46" ten="361,355,235,49" oya="2" hai0="30,38,10,76,135,6,72,58,92,116,102,19,61" hai1="106,85,101,91,69,43,21,45,80,105,122,11,127" hai2="4,132,117,119,44,56,22,124,93,98,114,14,78" hai3="29,36,16,84,115,120,129,121,68,128,0,90,53"/><V103/><F114/><W41/><G68/><T25/><D116/><U123/><E69/><V104/><F124/><W55/><G0/><T70/><D38/><U126/><E21/><V96/><F132/><W32/><G29/><T109/><D109/><U27/><E11/><V63/><F78/><W71/><G71/><T39/><D39/><U7/><E27/><V42/><F4/><W108/><G32/><T60/><D72/><U40/><E7/><V2/><F2/><W50/><G84/><T118/><D76/><U110/><E40/><V15/><F15/><W88/><G108/><T57/><D19/><U95/><E110/><V47/><F47/><W26/><G36/><T99/><D118/><U97/><E43/><V82/><F82/><W8/><G41/><T20/><D135/><U134/><E45/><V73/><F73/><W113/><G55/><T83/><D83/><U81/><E81/><V31/><F98/><W130/><G120/><N who="1" m="46122" /><E134/><V49/><F104/><AGARI ba="0,0" hai="80,85,91,95,97,101,104,105,106,126,127" m="46122" machi="104" ten="30,3900,0" yaku="13,1,34,2" doraHai="46" who="1" fromWho="2" sc="361,0,355,39,235,-39,49,0" /><INIT seed="7,0,0,3,2,16" ten="361,394,196,49" oya="3" hai0="121,130,54,43,9,55,119,94,96,129,106,110,60" hai1="32,33,113,61,58,0,35,99,11,37,120,127,135" hai2="112,90,19,14,71,24,77,98,68,48,100,103,84" hai3="87,20,80,10,21,88,26,118,101,66,52,102,126"/><W116/><G66/><T76/><D110/><U69/><E37/><V117/><F112/><W128/><G116/><T34/><D119/><U13/><E135/><V91/><F117/><W51/><G118/><T111/><D111/><U95/><E127/><V27/><F77/><W6/><G126/><T39/><D34/><U79/><E0/><V47/><F71/><W23/><G128/><T72/><D106/><U50/><E79/><V15/><F91/><W73/><G73/><T131/><D121/><U3/><E3/><V93/><F15/><N who="3" m="5591" /><G26/><N who="2" m="9769" /><F98/><W49/><G49/><T12/><D39/><U53/><E113/><V70/><F70/><W89/><G89/><T62/><D43/><U25/><E120/><V7/><F7/><W59/><AGARI ba="0,0" hai="20,21,23,51,52,59,80,87,88,101,102" m="5591" machi="59" ten="30,18000,2" yaku="8,1,52,3,54,2" doraHai="16" who="3" fromWho="3" sc="361,-60,394,-60,196,-60,49,180" /><INIT seed="7,1,0,0,5,42" ten="301,334,136,229" oya="3" hai0="10,33,81,93,35,28,134,98,51,65,14,60,34" hai1="12,46,86,67,18,40,62,78,108,22,59,47,100" hai2="30,19,71,64,9,123,101,5,7,125,52,37,88" hai3="38,127,132,6,61,57,129,128,126,58,49,2,95"/><W70/><G95/><T117/><D117/><U23/><E108/><V53/><F37/><W84/><G84/><T79/><D134/><U122/><E122/><V11/><F125/><N who="3" m="47627" /><G6/><T135/><D135/><U50/><E100/><V48/><F101/><W131/><G2/><T25/><D51/><U43/><E47/><V118/><F118/><W77/><G77/><T109/><D109/><U92/><E43/><V107/><F107/><W97/><G97/><T130/><D130/><U74/><E74/><V115/><F115/><W66/><G38/><T104/><D104/><U56/><E56/><N who="3" m="21610" /><G49/><T39/><D39/><U29/><E29/><V105/><F30/><W32/><G32/><T0/><D0/><U80/><E92/><V21/><F105/><W1/><G1/><T27/><D28/><U63/><E63/><V103/><F103/><W69/><G132/><T119/><D119/><U16/><E18/><V44/><F123/><W124/><G124/><T55/><D93/><U99/><E99/><V133/><F133/><W36/><G36/><T110/><D98/><U75/><E75/><V112/><F112/><W24/><G24/><T15/><D110/><U121/><E121/><V90/><F53/><W87/><G87/><N who="0" m="48575" /><D55/><U120/><E120/><V73/><F73/><W106/><G106/><T116/><D116/><U91/><E78/><V72/><F72/><W114/><G70/><N who="0" m="42279" /><D14/><U4/><E4/><N who="2" m="1611" /><F71/><W20/><G20/><AGARI ba="1,0" hai="12,16,20,22,23,40,46,50,59,62,67,80,86,91" machi="20" ten="30,7700,0" yaku="7,1,8,1,52,1,54,1" doraHai="42" who="1" fromWho="3" sc="301,0,334,80,136,0,229,-80" owari="301,10.0,414,51.0,136,-36.0,149,-25.0" /></mjloggm>