<mjloggm ver="2.3"><GO type="185" lobby="0"/><UN n0="%50%42%33%2D%50" n1="%6E%6F%70%72%6F%70%73" n2="%77%61%77%61%33%30%33%30" n3="" dan="18,16,16,0" rate="2289.66,2178.18,2137.78,1500.00" sx="F,F,M,C"/><TAIKYOKU oya="0"/><INIT seed="0,0,0,3,0,93" ten="350,350,350,0" oya="0" hai0="115,128,40,101,112,117,34,36,38,50,68,99,60" hai1="42,61,105,53,100,33,120,116,79,78,124,131,49" hai2="102,55,121,126,1,108,113,98,54,86,84,74,95" hai3=""/><T51/><D34/><U132/><N who="1" m="30752" /><U75/><E33/><V92/><N who="2" m="31008" /><V97/><F113/><T72/><D72/><U39/><E116/><V125/><F74/><T135/><D117/><U85/><E131/><V94/><F108/><T111/><D111/><U62/><E132/><V107/><F107/><T65/><D135/><U58/><E124/><N who="2" m="47723" /><F1/><T41/><D128/><U110/><E110/><V129/><F129/><T71/><D101/><U103/><E75/><V83/><F86/><T66/><D99/><N who="2" m="37898" /><F102/><T46/><D46/><U0/><E105/><V87/><F87/><T45/><D45/><U118/><E85/><V89/><AGARI ba="0,0" hai="54,55,83,84,89,92,94,95" m="37898,47723,31008" machi="89" ten="40,6000,1" yaku="18,1,52,4" doraHai="93" who="2" fromWho="2" sc="350,-40,350,-20,350,60,0,0" /><INIT seed="1,0,0,1,2,135" ten="310,330,410,0" oya="1" hai0="61,48,114,46,72,109,54,118,110,113,41,43,57" hai1="73,78,81,98,126,84,105,129,88,104,56,69,47" hai2="95,75,124,115,59,52,90,45,127,3,85,92,123" hai3=""/><U33/><E33/><V103/><N who="2" m="31520" /><V96/><F3/><T106/><D106/><N who="1" m="41067" /><E69/><V97/><F75/><T77/><D77/><U44/><E44/><V112/><F45/><T125/><D125/><N who="2" m="48202" /><F97/><T102/><D102/><U82/><E56/><V111/><F111/><N who="0" m="42506" /><D118/><U42/><E42/><N who="0" m="15881" /><D72/><U108/><E47/><V132/><F132/><T58/><D58/><U74/><E108/><V67/><F67/><AGARI ba="0,0" hai="46,48,54,57,61,67,113,114" m="15881,42506" machi="67" ten="30,3900,0" yaku="14,1,34,2" doraHai="135" who="0" fromWho="2" sc="310,39,330,0,410,-39,0,0" /><INIT seed="2,0,0,4,3,86" ten="349,330,371,0" oya="2" hai0="2,107,41,122,98,80,61,123,125,118,50,48,95" hai1="58,134,114,36,32,53,127,108,57,35,120,51,89" hai2="106,97,62,93,110,115,124,112,104,38,73,65,79" hai3=""/><V129/><F38/><T113/><N who="0" m="31264" /><T100/><N who="0" m="31520" /><T92/><D2/><U87/><N who="1" m="30752" /><U56/><E114/><V130/><F124/><T121/><N who="0" m="31008" /><T90/><D113/><U77/><E127/><V84/><F112/><T0/><D0/><U69/><E108/><V116/><F116/><T44/><D125/><U67/><E134/><V60/><F115/><T34/><D34/><U78/><E36/><V74/><F62/><T135/><D118/><U42/><E42/><V126/><F126/><T82/><D135/><U81/><E69/><V132/><F132/><T39/><D107/><N who="2" m="41002" /><F60/><T105/><D105/><U46/><REACH who="1" step="1"/><E67/><REACH who="1" ten="349,320,371,0" step="2"/><V3/><F65/><T103/><D39/><U40/><E40/><V99/><F3/><T71/><D71/><U83/><E83/><V54/><F54/><T66/><D66/><U43/><E43/><V33/><F33/><AGARI ba="0,1" hai="32,33,35,46,51,53,56,57,58,77,78,81,87,89" m="30752" machi="33" ten="40,5200,0" yaku="1,1,52,2,53,0" doraHai="86" doraHaiUra="96" who="1" fromWho="2" sc="349,0,320,62,371,-52,0,0" /><INIT seed="4,0,0,1,5,62" ten="349,382,319,0" oya="0" hai0="89,92,135,77,95,39,63,71,114,67,43,66,133" hai1="81,69,59,109,37,116,99,131,82,108,85,123,36" hai2="84,112,129,132,57,122,48,102,80,107,113,111,90" hai3=""/><T61/><D114/><N who="2" m="44138" /><F57/><T105/><D105/><U47/><N who="1" m="31520" /><U0/><E0/><V119/><N who="2" m="31264" /><V1/><F48/><T97/><D77/><U51/><E69/><V125/><F1/><T33/><D33/><U50/><E116/><V126/><F111/><T74/><D74/><U35/><E35/><V98/><F119/><T88/><D43/><U94/><E131/><V124/><F132/><T104/><D104/><U86/><E94/><V46/><F46/><T117/><D39/><U68/><E99/><V110/><F110/><T76/><D76/><U45/><E68/><V53/><F53/><T106/><D106/><U64/><E59/><V58/><F58/><T127/><D117/><U54/><E54/><V83/><F83/><T2/><D2/><U70/><E70/><V120/><N who="2" m="30752" /><V121/><N who="2" m="31008" /><V3/><F3/><T40/><D71/><U130/><E108/><V78/><F78/><T42/><D135/><U103/><E109/><V91/><F91/><T34/><D133/><U87/><E36/><V44/><F44/><T115/><D115/><U93/><E37/><V96/><F96/><T52/><D52/><U100/><E82/><V128/><AGARI ba="0,0" hai="80,84,90,98,102,107,124,125,126,128,129" m="31008,30752,31264,44138" machi="128" ten="40,9000,2" yaku="18,1,15,1,34,2,52,3" doraHai="62" who="2" fromWho="2" sc="349,-60,382,-30,319,90,0,0" /><INIT seed="5,0,0,0,1,95" ten="289,352,409,0" oya="1" hai0="103,34,56,80,92,94,102,50,79,126,71,40,113" hai1="49,70,69,58,39,87,84,118,107,104,128,114,90" hai2="96,38,83,125,78,108,63,121,116,93,45,47,67" hai3=""/><U117/><E39/><V98/><N who="2" m="31008" /><V66/><F108/><T111/><D71/><U74/><E74/><V1/><F116/><T97/><D34/><U120/><N who="1" m="30752" /><U75/><E75/><V85/><F1/><T0/><D0/><U65/><E114/><V44/><F125/><T110/><D126/><U64/><E49/><V88/><F38/><T132/><D113/><U46/><E58/><V61/><F98/><T124/><D124/><U91/><REACH who="1" step="1"/><E128/><REACH who="1" ten="289,342,409,0" step="2"/><V52/><F63/><T106/><D111/><U3/><E3/><V112/><F112/><T57/><D110/><U86/><E86/><V32/><F32/><T41/><D50/><U109/><E109/><V100/><F78/><T123/><D79/><U127/><E127/><V89/><F89/><T48/><D48/><U101/><E101/><V72/><F72/><T62/><D103/><U53/><E53/><V36/><F36/><T68/><D102/><U76/><E76/><V35/><F35/><T130/><D62/><U105/><E105/><V59/><AGARI ba="0,1" hai="44,45,47,52,59,61,66,67,83,85,88,93,96,100" m="31008" machi="59" ten="30,9000,2" yaku="0,1,8,1,52,2,54,2" doraHai="95" who="2" fromWho="2" sc="289,-30,342,-60,409,100,0,0" /><INIT seed="6,0,0,1,3,52" ten="259,282,509,0" oya="2" hai0="121,125,122,105,42,81,75,107,88,130,92,76,115" hai1="100,60,61,83,65,71,45,120,101,84,51,2,41" hai2="123,40,94,111,56,110,113,47,64,131,135,89,85" hai3=""/><V99/><N who="2" m="31520" /><V34/><F34/><T35/><D35/><U62/><N who="1" m="30752" /><U82/><E2/><V86/><F131/><T32/><D32/><U128/><E128/><V108/><F113/><T39/><D130/><U50/><E50/><V126/><F135/><T54/><D115/><U77/><E61/><V118/><F126/><T3/><D3/><U109/><E109/><V129/><F118/><T112/><D112/><U102/><E102/><V78/><F78/><T55/><D125/><U58/><E83/><V72/><F72/><T117/><D117/><U33/><E33/><V119/><F119/><T44/><N who="0" m="31008" /><T49/><N who="0" m="31264" /><T133/><D133/><U57/><E71/><V74/><F74/><T67/><D67/><AGARI ba="0,0" hai="41,45,51,57,58,60,62,65,67,77,82,84,100,101" m="30752" machi="67" ten="30,12000,2" yaku="7,1,9,1,8,1,52,3" doraHai="52" who="1" fromWho="0" sc="259,-120,282,120,509,0,0,0" owari="139,-46.0,402,0.0,509,46.0,0,0.0" /></mjloggm>