<mjloggm ver="2.3"><GO type="169" lobby="0"/><UN n0="%E3%81%88%E3%81%8C%E3%82%8F%E3%82%8A%E3%81%8A" n1="%E5%90%89%E7%B1%B3%E8%80%81%E5%B8%AB" n2="%E3%81%AA%E3%82%8B%E3%81%9B%E3%81%A7%E3%81%99" n3="%E5%B1%B1%E8%B6%8A" dan="17,16,16,17" rate="2200.27,2059.70,2130.59,2157.17" sx="M,M,M,M"/><TAIKYOKU oya="0"/><INIT seed="0,0,0,5,3,70" ten="250,250,250,250" oya="0" hai0="106,69,107,46,103,110,105,74,36,53,61,89,73" hai1="123,19,109,17,13,98,16,84,12,8,34,49,135" hai2="93,55,92,30,27,112,59,50,87,44,26,20,111" hai3="79,51,72,101,114,133,118,71,0,60,29,4,116"/><T9/><D103/><U68/><E68/><V83/><F112/><W100/><G51/><T121/><D121/><U5/><E123/><V1/><F1/><W45/><G29/><T11/><D110/><U131/><E109/><V129/><F129/><W41/><G133/><T130/><D130/><U124/><E131/><V42/><F111/><W6/><G114/><T94/><D9/><U96/><E34/><V66/><F66/><N who="3" m="41415" /><G6/><T48/><D11/><U56/><E135/><V97/><F27/><W58/><G58/><T2/><D2/><U115/><E124/><V85/><F83/><N who="3" m="45543" /><G100/><T90/><D90/><U15/><E115/><V10/><F10/><N who="3" m="2311" /><G101/><T37/><D74/><U104/><E84/><N who="2" m="32331" /><F97/><N who="1" m="37481" /><E104/><V122/><F122/><W24/><G24/><T22/><D73/><U91/><E91/><V62/><AGARI ba="0,0" hai="20,26,30,42,44,50,55,59,62,92,93" m="32331" machi="62" ten="30,1100,0" yaku="8,1" doraHai="70" who="2" fromWho="2" sc="250,-5,250,-3,250,11,250,-3" /><INIT seed="1,0,0,1,1,105" ten="245,247,261,247" oya="1" hai0="32,57,46,17,112,72,47,59,14,74,51,132,73" hai1="109,70,126,93,42,89,92,21,96,131,45,98,103" hai2="75,61,0,29,91,85,28,20,79,35,95,26,118" hai3="101,40,4,129,113,65,19,18,135,43,134,63,124"/><U33/><E33/><V39/><F118/><W53/><G113/><T62/><D112/><U114/><E114/><V6/><F39/><W100/><G4/><T58/><D32/><U81/><E126/><V80/><F35/><W9/><G53/><T115/><D115/><U27/><E131/><V106/><F106/><W1/><G63/><T107/><D107/><U104/><E109/><V99/><F75/><W121/><G9/><T119/><D119/><U34/><E70/><V67/><F6/><W116/><G65/><T78/><D78/><U16/><E34/><V50/><F0/><W64/><G64/><T60/><D132/><U52/><E81/><V12/><F12/><W7/><G7/><T56/><N who="0" m="14336" /><DORA hai="68" /><T88/><D88/><U83/><E83/><V23/><F67/><W117/><G1/><T111/><D111/><U76/><E76/><V38/><F38/><W5/><G5/><T71/><D71/><U110/><E110/><V48/><REACH who="2" step="1"/><F61/><REACH who="2" ten="245,247,251,247" step="2"/><W13/><G13/><T49/><D49/><N who="1" m="28719" /><E104/><V41/><F41/><AGARI ba="0,1" hai="16,21,27,41,42,89,92,93,96,98,103" m="28719" machi="41" ten="30,5800,0" yaku="8,1,54,2" doraHai="105,68" who="1" fromWho="2" sc="245,0,247,68,251,-58,247,0" /><INIT seed="1,1,0,2,1,30" ten="245,315,193,247" oya="1" hai0="91,33,87,84,2,32,28,37,111,94,98,135,117" hai1="123,104,14,51,44,15,64,7,113,59,119,101,63" hai2="68,109,35,88,100,0,92,130,1,4,54,52,74" hai3="105,39,45,25,22,9,55,50,122,114,112,102,129"/><U124/><E123/><V67/><F74/><W41/><G129/><T93/><D117/><U66/><E119/><V121/><F121/><W56/><G122/><T18/><D28/><U20/><E113/><V6/><F130/><W5/><G102/><T95/><D2/><U106/><E124/><V34/><F100/><W89/><G89/><T19/><D37/><U115/><E115/><V133/><F133/><W131/><G105/><T77/><D135/><U57/><E101/><V120/><F120/><W127/><G127/><T49/><D111/><U110/><E110/><V81/><F81/><W53/><G53/><T78/><D49/><U80/><E80/><V10/><F109/><W16/><REACH who="3" step="1"/><G131/><REACH who="3" ten="245,315,193,237" step="2"/><T27/><D98/><U71/><E104/><V13/><F54/><W65/><G65/><T97/><D97/><U69/><E106/><V24/><F52/><W60/><G60/><T132/><D132/><U82/><E63/><V76/><F88/><W11/><G11/><T62/><D62/><U134/><E66/><V116/><F67/><W38/><G38/><T79/><D91/><U3/><E64/><V103/><F10/><W29/><G29/><T43/><D43/><U48/><E134/><V118/><F103/><W107/><G107/><T42/><D42/><U21/><E69/><V126/><F68/><W108/><G108/><T47/><D47/><U58/><E44/><V8/><F126/><W86/><G86/><N who="0" m="32811" /><D27/><U26/><E26/><V85/><F24/><W125/><G125/><T128/><D128/><U99/><E71/><V61/><F118/><W46/><G46/><RYUUKYOKU ba="1,1" sc="245,15,315,-15,193,-15,237,15" hai0="18,19,32,33,77,78,79,93,94,95" hai3="5,9,16,22,25,39,41,45,50,55,56,112,114" /><INIT seed="2,2,1,1,3,98" ten="260,300,178,252" oya="2" hai0="129,15,109,90,97,120,81,95,43,64,57,70,112" hai1="11,125,76,53,24,48,135,103,18,71,0,20,108" hai2="59,2,45,3,50,9,27,73,56,104,39,132,124" hai3="118,1,37,34,106,46,84,91,114,66,88,68,25"/><V54/><F73/><W128/><G128/><T10/><D112/><U32/><E108/><V6/><F132/><W22/><G118/><T126/><D109/><U133/><E71/><V36/><F124/><W100/><G1/><T42/><D129/><U58/><E125/><V134/><F134/><N who="1" m="51209" /><E76/><V33/><F3/><W29/><G114/><T117/><D117/><U19/><E32/><V8/><F8/><W40/><G22/><T72/><D120/><U55/><E55/><V127/><F127/><W86/><G86/><T65/><D70/><U75/><E75/><V23/><F104/><W26/><G26/><T92/><D92/><U79/><E79/><V35/><F56/><W51/><G37/><T67/><D72/><U83/><E83/><V105/><F105/><W41/><G41/><T82/><D57/><U130/><E103/><V123/><F123/><W14/><G14/><T47/><D126/><U74/><E130/><V49/><F39/><W121/><G84/><T116/><D116/><U87/><E87/><V110/><F36/><W94/><G94/><T69/><D69/><U30/><E74/><V7/><F7/><AGARI ba="2,1" hai="0,7,11,18,19,20,24,30,48,53,58" m="51209" machi="7" ten="30,1000,0" yaku="20,1" doraHai="98" who="1" fromWho="2" sc="260,0,300,26,178,-16,252,0" /><INIT seed="3,0,0,5,0,66" ten="260,326,162,252" oya="3" hai0="27,18,39,71,44,127,61,107,40,135,68,2,20" hai1="134,129,29,60,94,76,67,125,133,0,77,45,63" hai2="12,57,104,99,36,43,13,116,130,109,54,33,128" hai3="112,31,122,24,78,93,114,49,100,126,92,82,64"/><W89/><G126/><T84/><D127/><U38/><E0/><V113/><F33/><W105/><G122/><T117/><D117/><U6/><E6/><V132/><F116/><W48/><G105/><T22/><D2/><U87/><E125/><V121/><F121/><W80/><G64/><T115/><D107/><U42/><E29/><V73/><F73/><W53/><G100/><T120/><D120/><U4/><E4/><V11/><F132/><N who="1" m="50793" /><E63/><V124/><F124/><W111/><G111/><T86/><D135/><U1/><E1/><V58/><F109/><W75/><G80/><T34/><D34/><U131/><E94/><V19/><F113/><W23/><G93/><T47/><D115/><U69/><E87/><V37/><F99/><W21/><G21/><T106/><D106/><U50/><E50/><V52/><F104/><W46/><REACH who="3" step="1"/><G49/><REACH who="3" ten="260,326,162,242" step="2"/><T59/><D22/><U30/><E67/><V26/><F37/><W81/><G81/><T83/><D86/><AGARI ba="0,1" hai="23,24,31,46,48,53,75,78,82,86,89,92,112,114" machi="86" ten="30,2900,0" yaku="1,1,7,1,53,0" doraHai="66" doraHaiUra="28" who="3" fromWho="0" sc="260,-29,326,0,162,0,242,39" /><INIT seed="3,1,0,3,2,87" ten="231,326,162,281" oya="3" hai0="40,42,39,89,100,16,52,131,34,75,128,48,95" hai1="6,81,22,12,104,69,1,114,117,47,76,97,108" hai2="58,88,38,26,35,116,23,27,7,113,46,55,122" hai3="103,13,43,14,63,15,82,25,124,119,130,115,120"/><W79/><G120/><T135/><D75/><U11/><E114/><V32/><F113/><W36/><G119/><T105/><D34/><U19/><E69/><V56/><F116/><W84/><G130/><N who="0" m="49707" /><D135/><U33/><E117/><V125/><F125/><W3/><G124/><T57/><D39/><U68/><E68/><V74/><F74/><W50/><G115/><T18/><D105/><U101/><E108/><V17/><F122/><W91/><G3/><T121/><D100/><U66/><E66/><V96/><F7/><W111/><G36/><T41/><D121/><U60/><E60/><V28/><F32/><W93/><G111/><T98/><AGARI ba="1,0" hai="16,18,40,41,42,48,52,57,89,95,98" m="49707" machi="98" ten="30,7900,0" yaku="19,1,52,1,54,2" doraHai="87" who="0" fromWho="0" sc="231,82,326,-21,162,-21,281,-40" /><INIT seed="4,0,0,1,0,102" ten="313,305,141,241" oya="0" hai0="81,60,98,128,42,47,22,80,43,82,70,58,8" hai1="121,17,55,33,118,3,77,115,69,48,109,103,88" hai2="54,53,61,71,4,100,11,129,14,97,117,92,116" hai3="114,13,45,90,28,119,78,110,41,59,51,46,30"/><T75/><D128/><U31/><E109/><V111/><F129/><W9/><G114/><T52/><D75/><U127/><E118/><V5/><F111/><W79/><G119/><N who="2" m="45641" /><F5/><W96/><G110/><T86/><D70/><U12/><E121/><V29/><F29/><W72/><G59/><T21/><D86/><U23/><E3/><V68/><F68/><W64/><G64/><AGARI ba="0,0" hai="4,11,14,53,54,61,64,71,92,97,100" m="45641" machi="64" ten="30,1000,0" yaku="12,1" doraHai="102" who="2" fromWho="3" sc="313,0,305,0,141,10,241,-10" /><INIT seed="5,0,0,2,5,18" ten="313,305,151,231" oya="1" hai0="95,59,130,122,57,116,132,15,65,73,78,24,115" hai1="20,83,60,121,63,11,108,67,94,5,3,41,105" hai2="46,126,75,97,14,86,85,133,69,87,56,131,55" hai3="23,30,128,79,113,38,89,35,110,124,84,101,33"/><U82/><E105/><V29/><F69/><W1/><G113/><T43/><D95/><U50/><E121/><V36/><F75/><W71/><G128/><T80/><D116/><U127/><E127/><V31/><F131/><W8/><G110/><T51/><D130/><U6/><E108/><V91/><F133/><W74/><G38/><T37/><D132/><U45/><E63/><V28/><F126/><W53/><G71/><T48/><D115/><U119/><E119/><V125/><F125/><W123/><G123/><T117/><D117/><U62/><E62/><V92/><F36/><W106/><G1/><T112/><D112/><U68/><E5/><V104/><F46/><W7/><G35/><T103/><D103/><U49/><E49/><V47/><F47/><W21/><G33/><T72/><D37/><U81/><REACH who="1" step="1"/><E94/><REACH who="1" ten="313,295,151,231" step="2"/><V96/><F104/><W120/><G106/><T2/><D48/><U93/><E93/><V10/><F97/><W77/><G7/><T102/><D51/><U4/><E4/><N who="2" m="3399" /><F96/><W109/><G109/><T111/><D111/><U88/><E88/><V16/><F92/><W25/><G89/><T70/><D122/><U39/><E39/><V34/><F91/><W135/><G120/><T107/><D107/><U22/><AGARI ba="0,1" hai="3,6,11,20,22,41,45,50,60,67,68,81,82,83" machi="22" ten="30,12000,1" yaku="1,1,0,1,52,2,53,1" doraHai="18" doraHaiUra="0" who="1" fromWho="1" sc="313,-40,295,130,151,-40,231,-40" /><INIT seed="5,1,0,1,3,74" ten="273,425,111,191" oya="1" hai0="108,130,76,7,21,68,52,44,105,10,33,64,22" hai1="5,14,106,89,37,61,40,2,117,1,98,111,127" hai2="31,62,81,28,56,58,26,96,123,30,135,119,27" hai3="13,39,129,65,99,17,122,19,83,121,118,97,48"/><U53/><E117/><V133/><F119/><W9/><G39/><T100/><D108/><U8/><E111/><V116/><F116/><W82/><G118/><T63/><D33/><U18/><E127/><V70/><F123/><W103/><G129/><T110/><D110/><U92/><E106/><V132/><F96/><W93/><G65/><T54/><D130/><U25/><E40/><V125/><F125/><W75/><G48/><T84/><D100/><U23/><REACH who="1" step="1"/><E37/><REACH who="1" ten="273,415,111,191" step="2"/><V4/><F4/><W120/><G120/><T69/><D105/><U95/><E95/><V91/><F70/><W55/><G93/><T57/><D68/><U134/><E134/><V43/><F43/><W45/><G122/><T51/><D69/><U6/><E6/><V0/><F0/><W15/><G121/><T109/><D109/><U101/><E101/><V107/><F107/><W131/><G103/><T73/><D73/><U87/><E87/><N who="2" m="50671" /><F58/><AGARI ba="1,1" hai="1,2,5,8,14,18,23,25,53,58,61,89,92,98" machi="58" ten="40,7700,0" yaku="1,1,25,2,53,0" doraHai="74" doraHaiUra="128" who="1" fromWho="2" sc="273,0,415,90,111,-80,191,0" /><INIT seed="5,2,0,1,2,43" ten="273,505,31,191" oya="1" hai0="55,19,52,114,3,96,65,118,0,74,98,56,28" hai1="17,120,44,106,126,64,76,50,16,7,32,53,135" hai2="107,75,12,104,71,131,86,108,113,5,89,47,13" hai3="73,6,29,66,8,77,58,72,67,93,38,26,62"/><U116/><E120/><V85/><F71/><W115/><G115/><T15/><D114/><U91/><E116/><V88/><F113/><W122/><G122/><T48/><D118/><U121/><E106/><V1/><F75/><W123/><G123/><T11/><D74/><U103/><E103/><V40/><F108/><W129/><G129/><T35/><D65/><U57/><E32/><V80/><F131/><W39/><G67/><T82/><D82/><U25/><E135/><V42/><F1/><W95/><G73/><T105/><D55/><U21/><E126/><V23/><F23/><W70/><G58/><T112/><D112/><U92/><E76/><V24/><F24/><W79/><G95/><T97/><D105/><U119/><E7/><V20/><F20/><W78/><G93/><T102/><D102/><U128/><E128/><V127/><F5/><W133/><G133/><T134/><D134/><U130/><E130/><V117/><F117/><W34/><REACH who="3" step="1"/><G72/><REACH who="3" ten="273,505,31,181" step="2"/><T61/><D61/><N who="1" m="37935" /><E121/><V59/><F127/><W37/><G37/><T87/><D87/><U110/><E119/><V60/><F59/><W54/><G54/><T101/><D101/><U14/><E53/><V51/><F60/><W99/><G99/><T2/><D97/><U10/><E92/><V63/><F63/><W83/><G83/><T109/><D109/><U33/><E110/><V31/><F80/><W90/><G90/><T46/><D56/><U45/><E91/><V36/><F36/><W18/><G18/><T84/><D84/><U30/><E17/><V4/><F86/><W22/><G22/><RYUUKYOKU ba="2,1" sc="273,15,505,-15,31,-15,181,15" hai0="0,2,3,11,15,19,28,35,46,48,52,96,98" hai3="6,8,26,29,34,38,39,62,66,70,77,78,79" /><INIT seed="6,3,1,1,3,79" ten="288,490,16,196" oya="2" hai0="130,108,101,46,85,41,0,127,120,32,61,20,83" hai1="14,45,1,75,69,96,98,5,39,121,31,78,25" hai2="24,122,94,60,43,128,86,97,66,62,68,100,34" hai3="29,115,6,21,104,109,28,48,103,7,71,8,70"/><V119/><F119/><W77/><G109/><T38/><D32/><U116/><E69/><V40/><F128/><W9/><G48/><T52/><D108/><U16/><E116/><V72/><F72/><W36/><G36/><T88/><D120/><U44/><E121/><V76/><F122/><W3/><G115/><T55/><D0/><U91/><E5/><V57/><F34/><W89/><G77/><T17/><D127/><U50/><E1/><V11/><F11/><W106/><G89/><T135/><D135/><U117/><E39/><V51/><F51/><W27/><G28/><T37/><D37/><U132/><E45/><V87/><F24/><W111/><G111/><T82/><D101/><U112/><E112/><V12/><F12/><W126/><G126/><T65/><D83/><U80/><E91/><V73/><F73/><W67/><G67/><T26/><D130/><U2/><E2/><V110/><F110/><W47/><G47/><T90/><D90/><U81/><E81/><V124/><F124/><W33/><G33/><T54/><D54/><U35/><E132/><V113/><F113/><W129/><G129/><T10/><D10/><U105/><E105/><N who="3" m="40554" /><G103/><T19/><D19/><U92/><E92/><V49/><F49/><W59/><G59/><AGARI ba="3,1" hai="17,20,26,38,41,46,52,55,59,61,65,82,85,88" machi="59" ten="30,7700,0" yaku="7,1,52,1,54,2" doraHai="79" who="0" fromWho="3" sc="288,96,490,0,16,0,196,-86" /><INIT seed="7,0,0,3,1,131" ten="384,490,16,110" oya="3" hai0="132,19,42,53,84,90,91,30,67,116,14,13,119" hai1="68,38,127,21,80,83,130,15,95,106,97,98,11" hai2="62,99,135,129,69,123,12,102,8,128,37,16,124" hai3="65,36,110,86,31,111,51,117,39,26,126,79,61"/><W82/><G51/><T35/><D132/><U2/><E68/><V63/><F37/><W25/><G117/><T44/><D53/><U54/><E38/><N who="3" m="14378" /><G31/><T85/><D67/><U96/><E106/><V6/><F124/><W17/><G17/><T32/><D30/><U22/><E2/><V87/><F123/><W118/><G118/><T5/><D5/><N who="1" m="3567" /><E130/><V33/><F33/><W88/><G79/><T108/><D19/><U115/><E115/><V59/><F129/><W50/><G50/><T72/><D72/><U78/><E95/><V64/><F128/><W74/><G74/><T89/><D89/><U4/><E4/><V77/><F135/><W27/><G126/><T40/><D44/><U94/><E94/><V75/><F75/><W52/><G52/><T28/><D28/><U46/><E46/><V66/><F6/><W122/><G122/><T70/><D70/><U73/><E80/><V41/><F41/><W10/><G10/><T9/><D9/><U125/><E54/><V76/><REACH who="2" step="1"/><F87/><REACH who="2" ten="384,490,6,110" step="2"/><N who="3" m="50295" /><G111/><AGARI ba="0,1" hai="13,14,32,35,40,42,84,85,90,91,108,111,116,119" machi="111" ten="25,1600,0" yaku="22,2" doraHai="131" who="0" fromWho="3" sc="384,26,490,0,6,0,110,-16" owari="410,21.0,490,59.0,6,-49.0,94,-31.0" /></mjloggm>