<mjloggm ver="2.3"><GO type="185" lobby="0"/><UN n0="%E5%8C%97%E5%B0%8F%E8%B7%AF%3A%E9%9A%86%E5%A4%AA" n1="%E9%80%9F%E8%A6%8B%E5%B9%B8%E4%B8%80" n2="%E3%81%91%E3%82%93%E3%81%97%E3%82%8D%E3%83%BC%E3%83%BC%E3%82%8D" n3="" dan="16,17,16,0" rate="2210.34,2071.28,2039.77,1500.00" sx="M,M,M,C"/><TAIKYOKU oya="0"/><INIT seed="0,0,0,0,4,79" ten="350,350,350,0" oya="0" hai0="121,2,105,37,90,44,49,87,127,126,101,47,96" hai1="107,103,43,1,119,38,131,120,113,40,116,94,65" hai2="104,72,33,112,102,57,36,63,109,54,99,35,122" hai3=""/><T86/><N who="0" m="31008" /><T62/><D2/><U115/><N who="1" m="30752" /><U58/><E107/><V129/><N who="2" m="31264" /><V81/><F112/><T67/><D37/><U82/><E82/><V111/><F129/><T55/><D44/><U100/><E94/><V130/><F130/><T39/><D39/><U3/><E38/><V117/><F117/><T110/><D110/><N who="2" m="41994" /><F36/><T51/><D51/><U70/><E58/><V77/><AGARI ba="0,0" hai="33,35,54,57,63,72,77,81,99,102,104" m="41994,31264" machi="77" ten="30,3000,0" yaku="14,1,52,2" doraHai="79" who="2" fromWho="2" sc="350,-20,350,-10,350,30,0,0" /><INIT seed="1,0,0,0,0,112" ten="330,340,380,0" oya="1" hai0="121,68,40,53,88,46,134,42,41,75,51,126,104" hai1="128,98,64,35,39,113,38,34,95,118,127,119,37" hai2="96,89,84,3,125,110,58,78,43,1,73,59,47" hai3=""/><U45/><E113/><V93/><F125/><T50/><N who="0" m="31008" /><T81/><D126/><U67/><E127/><V101/><F110/><T116/><D104/><U71/><E45/><V115/><F115/><T74/><D68/><U131/><E71/><V65/><F73/><T102/><D134/><U32/><E95/><V129/><F129/><N who="1" m="49737" /><E98/><V87/><F87/><T72/><D102/><U54/><E54/><V62/><F59/><T117/><REACH who="0" step="1"/><D51/><REACH who="0" ten="320,340,380,0" step="2"/><U36/><E36/><V77/><F1/><T85/><AGARI ba="0,1" hai="40,41,42,46,50,53,72,74,75,81,85,88,116,117" m="31008" machi="85" ten="40,12000,3" yaku="1,1,2,1,0,1,52,3,54,1,53,3" doraHai="112" doraHaiUra="105" who="0" fromWho="0" sc="320,130,340,-80,380,-40,0,0" /><INIT seed="2,0,0,1,0,120" ten="450,260,340,0" oya="2" hai0="134,58,117,42,46,128,133,90,52,86,107,64,93" hai1="38,102,59,43,111,3,77,103,78,104,109,48,108" hai2="56,92,47,132,81,87,124,71,85,61,65,121,32" hai3=""/><V80/><N who="2" m="31008" /><V99/><F32/><T69/><D107/><U51/><E3/><V73/><F132/><N who="0" m="50794" /><D117/><U95/><E104/><V129/><F124/><T33/><D33/><U125/><E38/><V98/><F129/><T116/><D128/><U94/><E125/><V34/><F34/><T119/><D64/><U39/><E39/><V40/><F73/><T113/><D69/><U44/><E59/><V68/><F85/><T88/><D113/><U110/><N who="1" m="27648" /><DORA hai="79" /><U67/><E51/><V83/><F87/><T60/><D90/><U89/><E67/><V106/><F106/><T0/><D0/><U36/><E36/><AGARI ba="0,0" hai="36,42,46,52,58,60,86,88,93,116,119" m="50794" machi="36" ten="30,3900,0" yaku="20,1,54,2" doraHai="120,79" who="0" fromWho="1" sc="450,39,260,-39,340,0,0,0" /><INIT seed="4,0,0,3,3,117" ten="489,221,340,0" oya="0" hai0="104,85,119,133,78,41,38,130,131,96,1,44,89" hai1="90,46,125,56,81,42,91,72,62,88,63,123,2" hai2="58,49,47,87,127,79,102,37,0,48,108,109,128" hai3=""/><T74/><D1/><U103/><N who="1" m="31520" /><U95/><E2/><V100/><F0/><T111/><D119/><U57/><E125/><V69/><F128/><T76/><D133/><U93/><E103/><V83/><F127/><T101/><D111/><U36/><E57/><V82/><F69/><T115/><D115/><U80/><E63/><V122/><N who="2" m="31264" /><V105/><F105/><T43/><D43/><U84/><E72/><V126/><F126/><T92/><REACH who="0" step="1"/><D74/><REACH who="0" ten="479,221,340,0" step="2"/><U40/><E40/><V67/><F108/><T124/><D124/><U107/><E107/><V113/><F109/><T120/><N who="0" m="30752" /><T65/><D65/><U61/><E61/><V33/><F67/><T135/><D135/><U66/><REACH who="1" step="1"/><E80/><REACH who="1" ten="479,211,340,0" step="2"/><V98/><F83/><T99/><D99/><U64/><E64/><V32/><F82/><T118/><D118/><U55/><E55/><V53/><F98/><T97/><D97/><U121/><N who="1" m="31008" /><U3/><E3/><V116/><F53/><T129/><AGARI ba="0,2" hai="38,41,44,76,78,85,89,92,96,101,104,129,130,131" m="30752" machi="129" ten="30,8000,1" yaku="1,1,0,1,19,1,52,2,53,0" doraHai="117" doraHaiUra="114" who="0" fromWho="0" sc="479,100,211,-40,340,-40,0,0" /><INIT seed="4,1,0,3,5,65" ten="579,171,300,0" oya="0" hai0="90,98,107,116,96,133,115,109,76,118,48,45,120" hai1="104,43,53,82,129,2,58,33,42,68,51,80,105" hai2="55,92,62,94,73,103,75,41,113,108,86,37,119" hai3=""/><T64/><N who="0" m="30752" /><T126/><D109/><U39/><E33/><V102/><F119/><T91/><D133/><U3/><E129/><V93/><F113/><T122/><N who="0" m="31264" /><T50/><D126/><U60/><E43/><V85/><F108/><T32/><D32/><U84/><E80/><V100/><F37/><T35/><D35/><U81/><E81/><V99/><F41/><T44/><D76/><U88/><E39/><V71/><F55/><T132/><D64/><U66/><REACH who="1" step="1"/><E42/><REACH who="1" ten="579,161,300,0" step="2"/><V101/><F75/><T117/><D118/><U131/><E131/><V77/><F73/><T79/><D117/><U63/><E63/><V72/><F72/><T89/><D116/><U121/><N who="1" m="31008" /><U52/><E52/><V69/><F62/><T114/><D115/><U128/><E128/><V36/><F36/><T130/><D114/><U56/><E56/><V70/><REACH who="2" step="1"/><F77/><REACH who="2" ten="579,161,290,0" step="2"/><T74/><D79/><U59/><E59/><V0/><F0/><AGARI ba="1,2" hai="0,2,3,51,53,58,60,66,68,82,84,88,104,105" m="31008" machi="0" ten="40,8000,1" yaku="1,1,52,2,54,1,53,0" doraHai="65" doraHaiUra="124" who="1" fromWho="2" sc="579,0,161,102,290,-82,0,0" /><INIT seed="5,0,0,3,1,121" ten="579,263,208,0" oya="1" hai0="114,123,36,99,85,112,107,0,113,62,116,55,80" hai1="70,100,34,109,77,41,79,74,35,105,124,106,90" hai2="82,94,59,40,68,43,101,134,103,102,110,39,133" hai3=""/><U86/><E70/><V96/><F68/><T57/><N who="0" m="31520" /><T61/><D0/><U132/><E35/><V129/><F129/><T104/><D36/><U122/><N who="1" m="31264" /><U71/><E71/><V52/><F82/><T47/><D116/><U81/><E34/><V64/><F64/><T118/><D118/><U126/><E41/><V111/><F39/><T76/><D47/><U119/><E119/><V97/><F40/><T93/><D62/><U75/><E132/><N who="2" m="50795" /><F43/><T42/><D42/><U50/><E50/><V84/><F84/><T130/><D130/><U89/><E86/><V48/><F96/><T56/><D56/><U46/><E46/><V33/><F33/><T72/><D72/><U92/><E81/><V120/><N who="2" m="30752" /><V44/><F44/><T67/><D67/><U54/><E54/><V58/><F58/><T127/><D127/><U3/><E126/><V83/><F83/><T65/><D65/><U66/><E66/><V88/><AGARI ba="0,0" hai="48,52,59,88,94,97,101,102,103,110,111" m="30752,50795" machi="88" ten="30,9000,2" yaku="20,1,52,3,54,2" doraHai="121" who="2" fromWho="2" sc="579,-30,263,-60,208,90,0,0" /><INIT seed="6,0,0,0,4,99" ten="549,203,298,0" oya="2" hai0="86,45,118,120,38,1,94,91,70,124,65,46,42" hai1="33,109,89,122,104,48,79,105,40,72,59,71,113" hai2="49,95,80,106,110,37,36,61,102,60,87,100,83" hai3=""/><V121/><N who="2" m="31008" /><V130/><F130/><T131/><N who="0" m="30752" /><T3/><D124/><U52/><N who="1" m="31264" /><U55/><E109/><V128/><F128/><T125/><D125/><U107/><E33/><V117/><F117/><T112/><D131/><U123/><N who="1" m="31520" /><U132/><E71/><V76/><F110/><T119/><D112/><U78/><E113/><V64/><F106/><T56/><D70/><U92/><E40/><V68/><F60/><T84/><D84/><U82/><E79/><V85/><F49/><T73/><D73/><U126/><E126/><V69/><F69/><T35/><D35/><U39/><E39/><V32/><F32/><T75/><D75/><U96/><E132/><V43/><F95/><T103/><D94/><U51/><REACH who="1" step="1"/><E107/><REACH who="1" ten="549,193,298,0" step="2"/><V58/><F68/><T88/><D119/><U114/><E114/><V115/><F115/><T67/><D118/><U53/><E53/><V133/><F133/><T111/><D111/><U97/><E97/><V0/><F43/><T57/><D42/><U98/><E98/><V134/><F134/><T63/><D38/><U127/><E127/><V81/><F37/><T101/><D67/><U116/><E116/><V62/><F36/><T34/><D65/><U135/><E135/><RYUUKYOKU ba="0,1" sc="549,-10,193,20,298,-10,0,0" hai1="48,51,52,55,59,72,78,82,89,92,96,104,105" owari="549,50.0,213,-39.0,288,-11.0,0,0.0" /></mjloggm>