<mjloggm ver="2.3"><GO type="225" lobby="0"/><UN n0="%E6%98%93%E5%88%A9%E8%96%A9%E4%BC%AF" n1="%E5%85%AC%E5%8B%99%E5%93%A1%E3%81%8F%E3%82%93" n2="%6D%69%6C%64%31%39%34%39" n3="%53%74%65%69%6E%73" dan="16,17,16,16" rate="2150.24,2145.52,2030.59,2166.45" sx="F,F,M,M"/><TAIKYOKU oya="0"/><INIT seed="0,0,0,3,5,118" ten="250,250,250,250" oya="0" hai0="61,47,125,70,43,39,127,24,38,106,99,57,18" hai1="27,63,113,12,20,111,120,53,87,92,58,50,121" hai2="5,67,124,86,30,129,114,35,90,77,122,54,97" hai3="19,91,131,48,85,84,62,15,55,6,78,103,93"/><T29/><D18/><N who="1" m="10311" /><E111/><V134/><F114/><W105/><G131/><T79/><D79/><U60/><E27/><V45/><F129/><W37/><G37/><T59/><D99/><U3/><E3/><V123/><F5/><W117/><G117/><T108/><D106/><U76/><E76/><V80/><F67/><W73/><G73/><T107/><D107/><U14/><E14/><V49/><F124/><N who="0" m="47690" /><D24/><U52/><E113/><V36/><F36/><N who="0" m="13866" /><D29/><U9/><E9/><V95/><F30/><W42/><G6/><T13/><D13/><U66/><E53/><V10/><F35/><W32/><G32/><T26/><D26/><U0/><E0/><V132/><REACH who="2" step="1"/><F10/><REACH who="2" ten="250,250,240,250" step="2"/><W104/><G104/><T71/><D108/><U23/><E23/><V102/><F102/><W65/><G103/><T2/><D2/><U135/><E135/><AGARI ba="0,1" hai="45,49,54,77,80,86,90,95,97,122,123,132,134,135" machi="135" ten="40,8000,1" yaku="1,1,20,1,52,2,53,0" doraHai="118" doraHaiUra="56" who="2" fromWho="1" sc="250,0,250,-80,240,90,250,0" /><INIT seed="1,0,0,5,3,3" ten="250,170,330,250" oya="1" hai0="116,65,93,74,55,34,2,95,101,58,51,109,42" hai1="119,135,8,72,129,14,22,75,28,25,47,59,91" hai2="19,78,7,120,102,133,11,100,26,92,84,106,68" hai3="99,107,52,10,15,82,36,16,46,110,31,123,117"/><U66/><E119/><V122/><F68/><W70/><G123/><T54/><D34/><U134/><E47/><V97/><F133/><N who="1" m="50697" /><E91/><V4/><F106/><W127/><G70/><T103/><D74/><N who="1" m="28203" /><E59/><V35/><F102/><N who="0" m="38922" /><D2/><U98/><E98/><V115/><F115/><W6/><G107/><T62/><D109/><U21/><E66/><V105/><F122/><W83/><G110/><T53/><D116/><U128/><E22/><V30/><F120/><W27/><G117/><T71/><D71/><U104/><E104/><V38/><F38/><W39/><G39/><T90/><D90/><U108/><E108/><V80/><F105/><W32/><G99/><T64/><D64/><U43/><E43/><V96/><F96/><W113/><G113/><T20/><D20/><U125/><E125/><V81/><F81/><W114/><G127/><T33/><D33/><U85/><E85/><V23/><F11/><W9/><G114/><T12/><D95/><U48/><E48/><V50/><F50/><W94/><G94/><T0/><D93/><U79/><E79/><V57/><F57/><W56/><G46/><T45/><D65/><U77/><E77/><V86/><F84/><W89/><G89/><T131/><D62/><U67/><E67/><V69/><F69/><W24/><G36/><T63/><D63/><U118/><E118/><V13/><AGARI ba="0,0" hai="4,7,13,19,23,26,30,35,78,80,86,92,97,100" machi="13" ten="20,5200,0" yaku="0,1,7,1,52,2" doraHai="3" who="2" fromWho="2" sc="250,-13,170,-26,330,52,250,-13" /><INIT seed="2,0,0,3,2,51" ten="237,144,382,237" oya="2" hai0="45,99,121,38,23,94,27,40,122,5,124,114,108" hai1="105,55,2,88,132,134,117,50,44,128,28,7,35" hai2="112,36,95,19,54,79,60,103,78,80,65,100,52" hai3="72,85,135,69,49,57,106,116,17,75,70,43,127"/><V9/><F36/><W21/><G116/><T123/><D114/><U11/><E117/><V118/><F112/><W113/><G106/><T110/><D5/><U76/><E105/><V24/><F118/><W97/><G113/><T58/><D58/><U62/><E128/><V46/><F46/><W66/><G135/><T59/><D59/><U120/><E120/><V68/><F79/><W30/><G30/><T64/><D64/><U33/><E76/><V82/><F82/><W77/><G97/><T37/><D37/><U25/><E35/><V56/><F68/><W47/><G127/><T39/><D39/><U130/><E130/><V107/><F107/><W16/><G17/><T104/><D104/><U10/><E10/><V119/><F119/><W74/><G85/><T67/><D67/><U115/><E115/><V133/><F133/><W84/><G84/><T26/><D124/><U13/><E62/><V29/><F29/><W53/><G77/><T90/><REACH who="0" step="1"/><D23/><REACH who="0" ten="227,144,382,237" step="2"/><U86/><REACH who="1" step="1"/><E2/><REACH who="1" ten="227,134,382,237" step="2"/><V109/><F65/><W101/><G66/><T22/><D22/><U125/><E125/><V1/><F1/><W81/><G21/><T92/><D92/><AGARI ba="0,2" hai="7,11,13,25,28,33,44,50,55,86,88,92,132,134" machi="92" ten="40,8000,1" yaku="1,1,52,1,54,1,53,2" doraHai="51" doraHaiUra="129" who="1" fromWho="0" sc="227,-80,134,100,382,0,237,0" /><INIT seed="3,0,0,4,4,56" ten="147,234,382,237" oya="3" hai0="94,50,72,52,115,68,129,6,39,89,102,2,116" hai1="76,82,0,42,63,44,26,108,40,130,59,33,22" hai2="57,46,69,85,114,101,5,111,35,62,61,20,64" hai3="127,28,34,14,120,18,29,126,38,7,83,106,9"/><W8/><G38/><T67/><D129/><U86/><E108/><V79/><F35/><W118/><G106/><T122/><D122/><U128/><E0/><V11/><F114/><W97/><G97/><T112/><D116/><U73/><E73/><V66/><F101/><W98/><G98/><T87/><D39/><U132/><E33/><V15/><F111/><W30/><G83/><T109/><D109/><U27/><E132/><V58/><F46/><W88/><G88/><T19/><D72/><U37/><E42/><V74/><F74/><W21/><G120/><T53/><D102/><U125/><E125/><N who="3" m="47626" /><G118/><T3/><D19/><U70/><E70/><V13/><F85/><W91/><G91/><T32/><D32/><U81/><E81/><V60/><F79/><W24/><G9/><T49/><D50/><U31/><REACH who="1" step="1"/><E27/><AGARI ba="0,0" hai="7,8,14,18,21,24,27,28,29,30,34" m="47626" machi="27" ten="30,5800,0" yaku="18,1,34,2" doraHai="56" who="3" fromWho="1" sc="147,0,234,-58,382,0,237,58" /><INIT seed="3,1,0,4,5,26" ten="147,176,382,295" oya="3" hai0="60,40,69,32,56,45,50,1,111,100,117,30,61" hai1="25,86,73,8,82,42,94,85,134,55,124,133,107" hai2="114,68,80,20,49,115,90,24,110,75,84,33,51" hai3="72,15,125,18,81,36,126,103,23,4,12,27,37"/><W122/><G122/><T28/><D117/><U118/><E107/><V123/><F68/><W88/><G103/><T120/><D120/><U34/><E118/><V41/><F33/><W44/><G72/><T77/><D1/><U96/><E124/><N who="3" m="47722" /><G44/><T2/><D2/><U6/><E42/><V9/><F123/><W119/><G119/><T53/><D32/><U19/><E55/><V59/><F75/><W92/><G81/><T128/><D128/><U43/><E43/><V14/><F41/><W46/><G46/><T21/><D111/><U101/><E73/><V57/><F110/><W89/><G89/><T102/><D77/><U48/><E48/><N who="2" m="18507" /><F115/><W104/><G104/><T121/><D121/><U17/><E86/><V135/><F135/><N who="1" m="51721" /><E25/><V22/><F114/><W78/><G78/><T63/><D69/><U66/><E34/><V93/><F80/><W113/><G113/><T79/><D79/><N who="1" m="46303" /><E66/><V29/><F20/><N who="3" m="11335" /><G15/><AGARI ba="1,0" hai="6,8,15,17,19,94,96,101" m="46303,51721" machi="15" ten="30,1000,0" yaku="20,1" doraHai="26" who="1" fromWho="3" sc="147,0,176,13,382,0,295,-13" owari="147,-35.0,189,-21.0,382,48.0,282,8.0" /></mjloggm>