<mjloggm ver="2.3"><GO type="185" lobby="0"/><UN n0="%79%61%73%73%61%6E" n1="%69%6E%75%73%61%6E%34%31" n2="%74%2E%6F%2E%6F%2E%73" n3="" dan="16,16,17,0" rate="2188.44,2194.73,2206.35,1500.00" sx="M,M,M,C"/><TAIKYOKU oya="0"/><INIT seed="0,0,0,5,0,37" ten="350,350,350,0" oya="0" hai0="111,123,60,126,71,81,132,83,1,69,121,102,62" hai1="72,78,100,103,115,88,87,68,56,94,101,114,33" hai2="129,116,99,32,77,58,59,70,124,40,53,79,96" hai3=""/><T112/><N who="0" m="31008" /><T2/><N who="0" m="31520" /><T65/><D112/><N who="1" m="43051" /><E68/><V48/><F70/><T107/><D126/><U92/><E33/><V63/><F32/><T80/><D132/><U82/><E56/><V74/><F124/><T38/><D38/><U85/><E72/><V98/><F129/><T50/><D111/><U113/><N who="1" m="43059" /><U130/><DORA hai="128" /><E130/><V120/><N who="2" m="30752" /><V76/><F116/><T108/><D108/><U67/><E67/><V93/><F74/><T97/><REACH who="0" step="1"/><D50/><REACH who="0" ten="340,350,350,0" step="2"/><U134/><E134/><V91/><REACH who="2" step="1"/><F40/><REACH who="2" ten="340,350,340,0" step="2"/><T127/><D127/><U131/><E131/><V106/><F106/><T95/><D95/><AGARI ba="0,2" hai="78,82,85,87,88,92,94,95,100,101,103" m="43059" machi="95" ten="50,8000,1" yaku="11,1,34,2,54,1" doraHai="37,128" who="1" fromWho="0" sc="340,-80,350,100,340,0,0,0" /><INIT seed="1,0,0,5,2,124" ten="260,450,340,0" oya="1" hai0="115,91,43,131,38,68,92,56,134,126,116,106,113" hai1="83,114,89,98,104,0,72,53,52,71,79,41,49" hai2="102,51,54,58,81,46,74,87,130,78,40,69,66" hai3=""/><U64/><E0/><V3/><F3/><T133/><D43/><U123/><N who="1" m="31520" /><U128/><E114/><N who="0" m="43529" /><D56/><U122/><N who="1" m="31264" /><U117/><E117/><V107/><F74/><T100/><D68/><U75/><E75/><V96/><F66/><T132/><D38/><U84/><E41/><V119/><F119/><T70/><D70/><U112/><E112/><V101/><F101/><T63/><D63/><U73/><E73/><V135/><F135/><T118/><D100/><U36/><E36/><V99/><F69/><T44/><D44/><U59/><E71/><V32/><F32/><T125/><D106/><U80/><E64/><V90/><F102/><T39/><D39/><U129/><E53/><V121/><N who="2" m="31008" /><V45/><F107/><T37/><D37/><U109/><E109/><V127/><F45/><T105/><D105/><U2/><E2/><V60/><F40/><T111/><D111/><U86/><E104/><V67/><F46/><T34/><D34/><U95/><REACH who="1" step="1"/><E72/><REACH who="1" ten="260,440,340,0" step="2"/><V120/><N who="2" m="30752" /><V93/><F67/><T110/><D110/><U35/><E35/><V65/><F54/><T57/><D118/><U103/><AGARI ba="0,1" hai="49,52,59,79,80,83,84,86,89,95,98,103,128,129" m="31264,31520" machi="103" ten="30,16000,3" yaku="1,1,0,1,52,4,54,1,53,1" doraHai="124" doraHaiUra="50" who="1" fromWho="1" sc="260,-80,440,170,340,-80,0,0" /><INIT seed="1,1,0,4,5,114" ten="180,610,260,0" oya="1" hai0="86,80,121,134,130,70,135,48,67,44,53,52,126" hai1="89,58,102,92,47,37,46,69,66,78,131,128,84" hai2="132,110,111,82,0,108,83,99,96,117,33,122,100" hai3=""/><U98/><E69/><V113/><N who="2" m="31264" /><V51/><F0/><T90/><N who="0" m="31008" /><T127/><D70/><U120/><N who="1" m="30752" /><U72/><E37/><V41/><F33/><T81/><D67/><U63/><E78/><V55/><F41/><T3/><D3/><U106/><REACH who="1" step="1"/><E72/><REACH who="1" ten="180,600,260,0" step="2"/><V91/><F111/><T65/><D65/><U75/><E75/><V104/><F108/><T39/><D39/><U129/><AGARI ba="1,1" hai="46,47,58,63,66,84,89,92,98,102,106,128,129,131" m="30752" machi="129" ten="30,8000,1" yaku="1,1,0,1,19,1,52,1,53,1" doraHai="114" doraHaiUra="101" who="1" fromWho="1" sc="180,-41,600,92,260,-41,0,0" /><INIT seed="1,2,0,0,0,106" ten="139,692,219,0" oya="1" hai0="63,66,38,100,135,46,102,36,133,49,91,103,96" hai1="105,116,55,131,134,80,51,56,0,42,115,54,130" hai2="76,101,85,32,122,62,68,123,1,75,118,125,52" hai3=""/><U35/><E35/><V70/><N who="2" m="31264" /><V121/><N who="2" m="31008" /><V60/><N who="2" m="31520" /><V74/><F118/><T78/><D78/><U89/><E0/><V98/><F32/><T43/><D91/><U109/><E116/><V72/><F1/><T47/><D96/><U53/><E115/><V126/><F76/><T88/><D88/><U45/><E105/><V129/><F85/><T58/><REACH who="0" step="1"/><D38/><REACH who="0" ten="129,692,219,0" step="2"/><U104/><E89/><V82/><F82/><T97/><D97/><U127/><E80/><V110/><F98/><T114/><D114/><U61/><E104/><V108/><F101/><T39/><D39/><U81/><E81/><V59/><F108/><T99/><D99/><U107/><E107/><V94/><F110/><T73/><D73/><U44/><E109/><V34/><F94/><T50/><D50/><U112/><E112/><V3/><F3/><T113/><D113/><U83/><E83/><V119/><F34/><T128/><D128/><U48/><E131/><V65/><F129/><T71/><D71/><U79/><E130/><V84/><F84/><T77/><D77/><U57/><E79/><V120/><N who="2" m="30752" /><V69/><REACH who="2" step="1"/><F119/><REACH who="2" ten="129,692,209,0" step="2"/><T40/><AGARI ba="2,2" hai="36,40,43,46,47,49,58,63,66,100,102,103,133,135" machi="40" ten="30,1500,0" yaku="1,1,0,1,53,0" doraHai="106" doraHaiUra="93" who="0" fromWho="0" sc="129,39,692,-12,209,-7,0,0" /><INIT seed="2,0,0,2,1,63" ten="168,680,202,0" oya="2" hai0="98,44,122,43,50,59,91,123,99,103,127,58,84" hai1="71,105,70,34,118,33,72,135,131,111,124,133,81" hai2="78,129,95,45,88,52,134,85,130,92,106,42,3" hai3=""/><V69/><F3/><T62/><N who="0" m="31264" /><T73/><N who="0" m="31520" /><T36/><D73/><U65/><E81/><V80/><F134/><T60/><D127/><U89/><E89/><V97/><F69/><T126/><D126/><U35/><E65/><V57/><F106/><T54/><D103/><U67/><E67/><V48/><REACH who="2" step="1"/><F92/><REACH who="2" ten="168,680,192,0" step="2"/><T132/><D132/><U41/><E71/><V102/><F102/><T125/><D125/><U121/><E133/><V120/><N who="2" m="30752" /><V116/><F116/><T56/><D98/><U32/><E32/><V93/><F93/><T107/><D99/><U86/><E35/><V0/><F0/><T112/><D107/><U87/><E34/><V51/><AGARI ba="0,1" hai="42,45,48,51,52,57,78,80,85,88,95,97,129,130" m="30752" machi="51" ten="30,12000,2" yaku="1,1,0,1,52,1,54,2,53,1" doraHai="63" doraHaiUra="39" who="2" fromWho="2" sc="168,-60,680,-60,192,130,0,0" /><INIT seed="2,1,0,0,0,102" ten="108,620,322,0" oya="2" hai0="46,43,54,113,123,93,55,38,124,86,100,58,41" hai1="90,40,81,105,70,135,42,0,49,104,82,95,44" hai2="94,98,103,64,56,76,85,101,51,110,75,66,126" hai3=""/><V65/><F126/><T62/><N who="0" m="31520" /><T1/><D1/><U130/><E0/><V88/><F110/><T99/><D124/><U125/><E125/><V36/><F36/><T127/><D127/><U80/><E70/><V45/><F75/><T73/><D73/><U71/><E71/><V118/><F118/><T134/><D134/><U63/><E130/><V35/><F35/><T33/><D33/><U87/><E135/><V106/><F76/><T53/><D113/><U129/><E129/><V109/><F109/><T133/><D133/><U60/><E42/><V34/><F101/><T47/><REACH who="0" step="1"/><D86/><REACH who="0" ten="98,620,322,0" step="2"/><U131/><REACH who="1" step="1"/><E131/><REACH who="1" ten="98,610,322,0" step="2"/><V48/><F34/><T119/><D119/><U50/><E50/><AGARI ba="1,2" hai="38,41,43,46,47,50,53,54,55,58,62,93,99,100" m="31520" machi="50" ten="30,8000,1" yaku="1,1,7,1,52,1,53,2" doraHai="102" doraHaiUra="39" who="0" fromWho="1" sc="98,102,610,-82,322,0,0,0" /><INIT seed="4,0,0,0,3,100" ten="200,528,322,0" oya="0" hai0="55,43,62,85,64,104,38,36,134,127,107,120,122" hai1="99,119,74,89,88,66,82,0,52,47,118,71,2" hai2="37,76,132,72,51,60,113,98,81,57,133,93,105" hai3=""/><T131/><N who="0" m="30752" /><T63/><N who="0" m="31264" /><T94/><D131/><U91/><E71/><V87/><F37/><T34/><D34/><U41/><E66/><V128/><F113/><T106/><D127/><U44/><E99/><V32/><F32/><T95/><D134/><U78/><E47/><V109/><F109/><T124/><D124/><U46/><E46/><V117/><F128/><T61/><D64/><U125/><E125/><V108/><F108/><T69/><D69/><U102/><E102/><V70/><F70/><T45/><D38/><U114/><E114/><V121/><N who="2" m="31008" /><V42/><F105/><T86/><REACH who="0" step="1"/><D55/><REACH who="0" ten="190,528,322,0" step="2"/><U75/><E52/><V53/><F132/><T116/><D116/><U79/><E119/><V130/><F133/><T103/><D103/><U129/><E118/><V39/><F39/><T126/><D126/><U73/><E129/><V59/><F117/><T68/><D68/><U54/><E54/><V65/><F130/><T3/><D3/><U84/><E2/><V33/><F33/><T35/><D35/><U80/><E0/><V110/><F110/><T96/><D96/><U123/><E123/><V83/><F98/><T92/><AGARI ba="0,1" hai="36,43,45,61,62,63,85,86,92,94,95,104,106,107" m="31264,30752" machi="92" ten="40,16000,3" yaku="1,1,0,1,29,2,52,5,53,0" doraHai="100" doraHaiUra="112" who="0" fromWho="0" sc="190,170,528,-80,322,-80,0,0" /><INIT seed="4,1,0,5,1,89" ten="360,448,242,0" oya="0" hai0="54,35,126,43,135,80,56,37,78,41,50,110,74" hai1="102,112,91,73,34,94,49,33,38,109,90,45,88" hai2="101,99,69,3,119,100,124,96,98,39,131,66,62" hai3=""/><T44/><D35/><U65/><E109/><V81/><F3/><T113/><D110/><U128/><E38/><V111/><F111/><T122/><N who="0" m="31264" /><T116/><D116/><U84/><E73/><V57/><F39/><T105/><D113/><U127/><E112/><V118/><F131/><T133/><D126/><U114/><E114/><V46/><F124/><T106/><REACH who="0" step="1"/><D43/><REACH who="0" ten="350,448,242,0" step="2"/><U108/><E127/><V75/><F119/><T72/><D72/><U53/><E108/><V104/><F118/><T52/><D52/><U85/><E128/><V115/><F115/><T71/><D71/><U59/><E34/><V107/><F69/><T51/><D51/><U86/><E33/><V67/><F75/><T68/><D68/><U70/><E70/><V63/><F67/><T132/><AGARI ba="1,1" hai="37,41,44,50,54,56,74,78,80,105,106,132,133,135" m="31264" machi="132" ten="30,7800,0" yaku="1,1,0,1,20,1,52,1,53,0" doraHai="89" doraHaiUra="1" who="0" fromWho="0" sc="350,90,448,-40,242,-40,0,0" /><INIT seed="4,2,0,5,4,57" ten="440,408,202,0" oya="0" hai0="62,116,1,45,64,91,85,123,58,63,44,89,38" hai1="93,100,128,80,112,71,73,69,108,135,79,102,86" hai2="87,131,125,59,96,41,2,97,50,81,99,114,32" hai3=""/><T84/><N who="0" m="31520" /><T95/><D116/><U66/><E108/><V65/><F2/><T60/><D1/><U68/><E128/><V52/><F32/><T117/><D117/><U47/><E135/><V122/><N who="2" m="31264" /><V56/><F114/><T104/><D104/><U124/><E124/><V61/><F131/><T83/><D38/><U88/><E112/><V82/><F125/><T54/><D62/><U39/><E39/><V72/><F72/><T43/><D43/><U34/><E34/><V49/><F87/><T133/><D133/><U132/><E132/><V0/><F0/><T103/><D103/><U37/><REACH who="1" step="1"/><E66/><REACH who="1" ten="440,398,202,0" step="2"/><V120/><N who="2" m="30752" /><V74/><REACH who="2" step="1"/><F74/><REACH who="2" ten="440,398,192,0" step="2"/><T105/><REACH who="0" step="1"/><D105/><REACH who="0" ten="430,398,192,0" step="2"/><U101/><E101/><V119/><F119/><T70/><AGARI ba="2,3" hai="44,45,54,58,60,63,64,70,83,84,85,89,91,95" m="31520" machi="70" ten="20,12000,2" yaku="1,1,2,1,0,1,7,1,52,3,53,0" doraHai="57" doraHaiUra="94" who="0" fromWho="0" sc="430,154,398,-62,192,-62,0,0" /><INIT seed="4,3,0,2,0,109" ten="584,336,130,0" oya="0" hai0="54,125,72,1,55,82,62,48,41,36,113,64,85" hai1="43,2,92,69,126,95,58,61,70,130,84,71,49" hai2="90,127,38,83,89,80,75,101,117,100,123,59,135" hai3=""/><T35/><D35/><U45/><E2/><V108/><N who="2" m="31520" /><V3/><F3/><T65/><D72/><U112/><E126/><V86/><F38/><T119/><D119/><U97/><E130/><V66/><F108/><T63/><D125/><U67/><E84/><V79/><F127/><T47/><D1/><U110/><E110/><V99/><F135/><T134/><D134/><U53/><E95/><V46/><F46/><T129/><D129/><U78/><E78/><V73/><F59/><T131/><D131/><U60/><E112/><V132/><F66/><T76/><D113/><U88/><AGARI ba="3,0" hai="43,45,49,53,58,60,61,67,69,70,71,88,92,97" machi="88" ten="20,2000,0" yaku="0,1,7,1,54,1" doraHai="109" who="1" fromWho="1" sc="584,-16,336,26,130,-10,0,0" /><INIT seed="5,0,0,4,3,3" ten="568,362,120,0" oya="1" hai0="94,112,87,129,123,111,67,107,74,37,113,125,53" hai1="103,92,66,98,132,55,126,104,121,60,1,85,131" hai2="38,34,128,52,71,49,130,50,32,83,33,134,93" hai3=""/><U58/><N who="1" m="31008" /><U68/><E1/><V90/><F38/><T78/><N who="0" m="31520" /><T114/><D37/><U42/><E126/><V110/><F110/><T106/><D111/><U88/><E131/><N who="2" m="50219" /><F134/><T97/><D67/><U127/><E127/><V72/><F71/><T70/><D70/><U76/><E132/><V108/><F108/><T46/><D74/><U79/><REACH who="1" step="1"/><E42/><REACH who="1" ten="568,352,120,0" step="2"/><V96/><F52/><T86/><D125/><U102/><E102/><V116/><F116/><T80/><D129/><U117/><E117/><V100/><F100/><T105/><D53/><U89/><E89/><V135/><F135/><T120/><D120/><U61/><AGARI ba="0,1" hai="55,58,60,61,66,68,76,79,85,88,92,98,103,104" m="31008" machi="61" ten="20,12000,2" yaku="1,1,0,1,7,1,52,1,54,1,53,2" doraHai="3" doraHaiUra="59" who="1" fromWho="1" sc="568,-60,352,130,120,-60,0,0" /><INIT seed="5,1,0,0,5,123" ten="508,482,60,0" oya="1" hai0="52,103,36,0,106,49,58,134,50,67,38,74,63" hai1="102,39,119,2,59,108,132,105,95,120,99,124,47" hai2="62,126,73,115,40,92,89,117,44,118,77,86,129" hai3=""/><U130/><RYUUKYOKU type="yao9" ba="1,0" sc="508,0,482,0,60,0,0,0" hai1="2,39,47,59,95,99,102,105,108,119,120,124,130,132" /><INIT seed="5,2,0,4,2,51" ten="508,482,60,0" oya="1" hai0="2,44,114,135,129,76,88,126,116,62,45,102,34" hai1="99,87,108,83,78,47,113,84,60,112,71,65,43" hai2="38,59,124,118,57,66,52,105,72,35,64,82,128" hai3=""/><U89/><E108/><V107/><F118/><T48/><D116/><U100/><E100/><V74/><F128/><T81/><D129/><U109/><E109/><V92/><F124/><T97/><D126/><U68/><E68/><V3/><F3/><T130/><D2/><U42/><E99/><V110/><F35/><T56/><D34/><U95/><REACH who="1" step="1"/><E43/><REACH who="1" ten="508,472,60,0" step="2"/><V101/><F110/><T70/><D130/><U125/><E125/><V131/><F101/><T75/><D70/><U85/><E85/><V54/><F131/><T32/><D32/><U103/><E103/><V53/><F38/><AGARI ba="2,1" hai="38,42,47,60,65,71,78,83,84,87,89,95,112,113" machi="38" ten="40,2000,0" yaku="1,1,53,0" doraHai="51" doraHaiUra="132" who="1" fromWho="2" sc="508,0,472,34,60,-24,0,0" /><INIT seed="5,3,0,2,2,54" ten="508,506,36,0" oya="1" hai0="103,116,80,48,111,133,95,35,34,88,122,106,61" hai1="84,56,39,41,101,83,1,110,91,2,131,127,75" hai2="45,76,124,118,93,64,67,97,86,130,73,51,50" hai3=""/><U52/><E127/><V134/><F118/><T121/><N who="0" m="31008" /><T44/><N who="0" m="31264" /><T63/><D111/><U43/><E110/><V82/><F124/><T107/><D116/><U66/><E131/><V92/><F130/><T105/><D133/><U47/><E43/><V100/><F134/><T79/><D103/><U68/><E75/><V96/><F73/><T94/><D61/><U99/><E66/><V40/><REACH who="2" step="1"/><F51/><REACH who="2" ten="508,506,26,0" step="2"/><T46/><D35/><U3/><E3/><V117/><F117/><T36/><D34/><U108/><E108/><V74/><F74/><T62/><D36/><U32/><E32/><V58/><F58/><T90/><D48/><U0/><E68/><V49/><F49/><T87/><D44/><U42/><E2/><V125/><F125/><T113/><D46/><U102/><E41/><V98/><F98/><T135/><D135/><U33/><E33/><V53/><F53/><T89/><D62/><U119/><E119/><V78/><F78/><T77/><D63/><U55/><E55/><V126/><F126/><T115/><D77/><U69/><E69/><V71/><F71/><T81/><D79/><U59/><E59/><V120/><N who="2" m="30752" /><V128/><F128/><T114/><D87/><U85/><E85/><RYUUKYOKU ba="3,1" sc="508,10,506,-20,26,10,0,0" hai0="80,81,88,89,90,94,95,105,106,107,113,114,115" hai2="40,45,50,64,67,76,82,86,92,93,96,97,100" /><INIT seed="6,4,1,1,4,115" ten="518,486,36,0" oya="2" hai0="101,127,103,133,36,78,1,67,46,86,88,106,33" hai1="100,57,61,94,42,119,72,60,68,128,109,135,54" hai2="93,92,0,75,65,81,80,129,117,84,70,112,107" hai3=""/><V130/><F0/><T108/><D108/><U32/><E109/><V43/><F43/><T132/><D33/><U37/><E32/><V41/><F41/><T66/><D1/><U52/><E72/><V110/><F65/><N who="0" m="24586" /><D78/><U125/><E128/><N who="2" m="49259" /><F70/><T113/><D106/><U120/><N who="1" m="30752" /><U48/><E125/><V89/><F110/><T111/><D111/><U76/><E68/><V44/><F44/><T3/><D3/><U131/><E131/><V40/><F40/><T102/><D46/><U123/><N who="1" m="31520" /><U121/><N who="1" m="31008" /><U85/><E37/><V97/><F112/><T58/><D58/><U99/><E42/><V74/><F107/><T69/><D69/><U105/><E105/><V90/><F117/><T87/><D113/><U47/><E119/><V73/><AGARI ba="4,1" hai="73,74,75,80,81,84,89,90,92,93,97" m="49259" machi="73" ten="40,5200,0" yaku="19,1,34,2" doraHai="115" who="2" fromWho="2" sc="518,-30,486,-30,36,70,0,0" /><INIT seed="6,5,0,2,5,83" ten="488,456,106,0" oya="2" hai0="97,63,44,52,103,102,47,41,60,105,66,112,49" hai1="87,35,124,71,32,64,131,135,88,121,81,53,38" hai2="79,107,68,133,65,62,70,1,108,73,123,55,72" hai3=""/><V134/><N who="2" m="31520" /><V96/><F1/><T99/><D112/><U90/><N who="1" m="31008" /><U93/><E38/><V43/><F108/><T113/><D113/><U95/><E124/><V104/><F43/><T57/><D47/><U114/><E114/><V91/><F55/><T48/><D66/><U92/><E131/><V129/><F70/><T111/><D111/><U39/><E39/><V122/><N who="2" m="31264" /><V120/><N who="2" m="30752" /><V84/><F129/><T78/><D78/><U36/><E36/><V37/><F37/><T74/><D74/><N who="2" m="28778" /><F96/><T45/><D45/><U86/><E53/><V80/><F79/><T115/><D115/><U56/><E71/><V128/><F128/><T50/><D60/><U118/><E64/><V106/><F62/><T126/><D126/><U2/><E2/><V116/><F116/><T125/><D125/><U76/><E118/><V82/><F82/><T132/><D132/><N who="2" m="50794" /><F65/><T46/><D46/><U119/><E135/><V110/><F68/><T69/><D69/><U40/><E119/><V0/><F0/><T109/><D109/><U34/><E56/><V101/><F110/><T58/><D58/><U61/><E61/><V100/><AGARI ba="5,0" hai="80,84,91,100,101,104,106,107" m="50794,28778,30752,31264,31520" machi="100" ten="40,12000,2" yaku="20,1,34,2,52,4" doraHai="83" who="2" fromWho="2" sc="488,-65,456,-65,106,130,0,0" /><INIT seed="6,6,0,0,1,80" ten="423,391,236,0" oya="2" hai0="89,95,93,2,118,0,112,54,125,101,116,90,87" hai1="57,55,94,83,128,114,92,102,64,32,86,40,65" hai2="59,97,105,91,63,111,33,120,34,3,77,51,69" hai3=""/><V52/><N who="2" m="30752" /><V132/><F3/><T130/><D125/><U68/><E32/><V103/><F132/><T58/><D130/><U71/><E128/><V123/><N who="2" m="31520" /><V60/><F111/><T37/><D37/><U46/><E114/><V126/><F126/><T35/><D35/><U49/><E71/><V43/><F77/><T36/><D36/><U98/><E94/><V108/><F108/><T127/><D101/><U109/><E68/><V72/><F72/><T45/><D45/><U85/><E109/><V62/><F69/><T121/><N who="0" m="31008" /><T107/><D107/><U76/><REACH who="1" step="1"/><E86/><REACH who="1" ten="423,381,236,0" step="2"/><V44/><REACH who="2" step="1"/><F91/><REACH who="2" ten="423,381,226,0" step="2"/><T99/><D112/><U79/><E79/><V96/><F96/><T48/><D127/><U70/><E70/><V38/><AGARI ba="6,2" hai="33,34,38,43,44,51,52,59,60,62,63,97,103,105" m="31520,30752" machi="38" ten="30,12000,2" yaku="1,1,0,1,52,2,54,1,53,1" doraHai="80" doraHaiUra="50" who="2" fromWho="2" sc="423,-66,381,-66,226,152,0,0" /><INIT seed="6,7,0,3,4,45" ten="357,315,378,0" oya="2" hai0="60,135,97,33,58,63,98,0,93,32,125,44,119" hai1="62,110,82,114,116,73,55,41,121,86,102,47,71" hai2="87,3,90,91,96,72,53,126,69,83,52,113,77" hai3=""/><V131/><F3/><T95/><D0/><U46/><N who="1" m="31008" /><U109/><E73/><V107/><F69/><T38/><D119/><U129/><E116/><V103/><F113/><T78/><D78/><U117/><E117/><V108/><F131/><T42/><D125/><U61/><E114/><V111/><F126/><T123/><N who="0" m="31520" /><T67/><D135/><U48/><E129/><V39/><F39/><T37/><D37/><U34/><E34/><V59/><F91/><T81/><D81/><U106/><E106/><V130/><F130/><T79/><D79/><U105/><E105/><V57/><F57/><T100/><REACH who="0" step="1"/><D63/><REACH who="0" ten="347,315,378,0" step="2"/><U92/><E110/><N who="2" m="42027" /><F59/><T85/><D85/><U84/><E109/><V65/><F65/><T134/><D134/><U99/><E86/><V118/><F118/><T76/><D76/><U66/><E62/><V94/><AGARI ba="7,1" hai="52,53,72,77,83,87,90,94,96,103,107" m="42027" machi="94" ten="30,4000,0" yaku="24,1,10,1,54,1" doraHai="45" who="2" fromWho="2" sc="347,-27,315,-27,378,64,0,0" owari="320,-8.0,288,-31.0,442,39.0,0,0.0" /></mjloggm>