<mjloggm ver="2.3"><GO type="169" lobby="0"/><UN n0="%69%70%73%E6%88%A6%E5%A3%AB" n1="%EF%BC%A9%EF%BC%A3%EF%BC%A8%EF%BC%A9" n2="%E3%81%8B%E3%81%A3%E9%A3%9B%E3%81%B0%E3%81%9B%E5%85%A8%E9%83%A8" n3="%E3%82%B8%E3%83%A7%E3%83%8B%E3%83%B2" dan="16,17,17,16" rate="2113.22,2205.79,2205.56,2049.22" sx="M,M,M,M"/><TAIKYOKU oya="0"/><INIT seed="0,0,0,2,2,98" ten="250,250,250,250" oya="0" hai0="109,134,113,133,78,46,43,10,61,120,23,114,86" hai1="5,21,73,127,72,36,108,30,112,79,60,100,12" hai2="111,81,115,25,27,18,9,49,33,64,51,6,96" hai3="93,104,48,8,121,59,71,80,20,92,47,76,32"/><T39/><D120/><U122/><E36/><V28/><F115/><W14/><G32/><T131/><D10/><U132/><E60/><V22/><F111/><W135/><G71/><T19/><D109/><U0/><E79/><V103/><F64/><W52/><G135/><N who="0" m="51723" /><D131/><U1/><E73/><V97/><F81/><W84/><G104/><T117/><D117/><U110/><E72/><V34/><F34/><W55/><G20/><T91/><D61/><U116/><E100/><V105/><REACH who="2" step="1"/><F97/><REACH who="2" ten="250,250,240,250" step="2"/><W44/><G121/><T24/><D78/><U16/><E112/><V130/><F130/><W70/><G70/><T87/><D87/><U45/><E122/><V11/><F11/><W40/><G55/><T2/><D2/><AGARI ba="0,1" hai="2,6,9,18,22,25,27,28,33,49,51,96,103,105" machi="2" ten="30,3900,0" yaku="1,1,7,1,52,1,53,0" doraHai="98" doraHaiUra="125" who="2" fromWho="0" sc="250,-39,250,0,240,49,250,0" /><INIT seed="1,0,0,1,4,12" ten="211,250,289,250" oya="1" hai0="100,124,73,13,14,6,58,48,44,10,45,25,108" hai1="9,110,20,114,82,115,40,95,111,97,113,53,55" hai2="99,21,76,132,128,71,117,41,5,122,46,81,77" hai3="7,28,52,134,31,15,18,103,120,1,43,109,8"/><U36/><E36/><V64/><F117/><W104/><G120/><T34/><D108/><N who="1" m="41515" /><E40/><V83/><F122/><W68/><G109/><T4/><D73/><U119/><E119/><V127/><F127/><W30/><G68/><T84/><D124/><U42/><E42/><V91/><F132/><W78/><G43/><T86/><D100/><U24/><E9/><V56/><F71/><W61/><G134/><T87/><D34/><U39/><E82/><V90/><F41/><W49/><G78/><T123/><D25/><U112/><N who="1" m="28672" /><DORA hai="19" /><U27/><E27/><V50/><F81/><W38/><G38/><T135/><D135/><U96/><E96/><V54/><F99/><W62/><G103/><T75/><D75/><U57/><E57/><V59/><F83/><W101/><G101/><T70/><D70/><U125/><E39/><V33/><F56/><W79/><G79/><T23/><D123/><U133/><E133/><V107/><F59/><W2/><G104/><T92/><D58/><U93/><E125/><V29/><F107/><W130/><G2/><T72/><D72/><U65/><E65/><V102/><F64/><W89/><G1/><T129/><D44/><U69/><E69/><V67/><F67/><W94/><G7/><T3/><D3/><U47/><E47/><V37/><F46/><N who="3" m="27703" /><G130/><T88/><D129/><U26/><E55/><V131/><F54/><W11/><G11/><T66/><D66/><U118/><E118/><V63/><F128/><W22/><G8/><T16/><D4/><U116/><E116/><V60/><F131/><W106/><G106/><RYUUKYOKU ba="0,0" sc="211,15,250,-15,289,-15,250,15" hai0="6,10,13,14,16,23,45,48,84,86,87,88,92" hai3="15,18,22,28,30,31,61,62,89,94" /><INIT seed="2,1,0,2,3,86" ten="226,235,274,265" oya="2" hai0="5,34,134,71,33,110,37,82,28,29,59,38,20" hai1="104,50,108,92,36,80,78,98,31,122,25,107,18" hai2="30,124,115,58,103,105,1,15,133,68,52,0,6" hai3="101,75,41,132,60,17,97,85,131,87,70,24,39"/><V42/><F115/><W49/><G75/><T69/><D110/><U83/><E108/><V46/><F124/><W84/><G39/><T45/><D134/><U23/><E36/><V129/><F133/><W79/><G132/><T67/><D59/><U13/><E122/><V53/><F129/><W7/><G7/><T26/><D5/><U106/><E50/><V66/><F68/><W9/><G131/><T56/><D56/><U32/><REACH who="1" step="1"/><E78/><REACH who="1" ten="226,225,274,265" step="2"/><V93/><F0/><W2/><G79/><T113/><D37/><U11/><E11/><V116/><F1/><W99/><G2/><T51/><D38/><U61/><E61/><V114/><F114/><W76/><G49/><T119/><D113/><U125/><E125/><V27/><F116/><W12/><G76/><T90/><D119/><U100/><AGARI ba="1,1" hai="13,18,23,25,31,32,80,83,92,98,100,104,106,107" machi="100" ten="30,2000,0" yaku="1,1,0,1,53,0" doraHai="86" doraHaiUra="47" who="1" fromWho="1" sc="226,-6,225,33,274,-11,265,-6" /><INIT seed="3,0,0,3,2,80" ten="220,258,263,259" oya="3" hai0="126,74,71,63,128,104,101,102,68,106,60,64,110" hai1="90,119,129,103,29,17,13,53,109,9,113,46,120" hai2="55,28,1,22,86,82,94,48,84,47,54,96,18" hai3="118,11,15,21,14,108,89,49,23,91,25,99,24"/><W114/><G118/><T50/><D74/><U121/><E109/><V88/><F1/><W62/><G114/><T7/><D110/><U59/><E113/><V117/><F117/><W105/><G108/><T57/><D126/><U58/><E119/><V127/><F127/><W130/><G130/><T73/><D73/><U69/><E69/><V97/><F28/><W52/><G62/><T70/><D128/><U134/><E129/><V107/><F54/><W76/><G76/><T2/><D50/><N who="1" m="28887" /><E103/><V44/><F44/><W111/><G111/><T87/><D63/><U36/><E36/><V56/><F47/><W122/><G122/><T112/><D112/><U51/><E29/><V31/><F31/><N who="3" m="17807" /><G105/><T75/><D75/><U43/><E43/><V30/><F30/><N who="3" m="17727" /><G99/><T67/><D67/><U125/><E125/><V33/><F33/><W93/><G93/><T8/><D104/><U135/><E121/><V95/><F107/><W40/><G40/><T3/><D106/><U116/><E120/><V6/><F6/><N who="3" m="3447" /><G15/><T78/><REACH who="0" step="1"/><D3/><REACH who="0" ten="210,258,263,259" step="2"/><U132/><E116/><V85/><F82/><AGARI ba="0,1" hai="2,7,8,57,60,64,68,70,71,78,82,87,101,102" machi="82" ten="40,5200,0" yaku="1,1,2,1,52,1,53,0" doraHai="80" doraHaiUra="133" who="0" fromWho="2" sc="210,62,258,0,263,-52,259,0" /><INIT seed="4,0,0,1,4,128" ten="272,258,211,259" oya="0" hai0="36,80,107,75,52,31,94,40,133,118,68,121,62" hai1="79,45,124,10,127,30,59,3,120,103,50,4,99" hai2="113,70,125,28,44,2,71,66,129,37,7,32,55" hai3="29,77,112,27,42,73,69,19,60,43,1,83,91"/><T132/><D121/><U18/><E120/><V51/><F129/><W35/><G112/><T85/><D107/><U38/><E30/><V115/><F125/><N who="1" m="48201" /><E79/><V101/><F101/><W95/><G1/><T21/><D118/><U74/><E74/><V100/><F100/><W72/><G72/><T54/><D94/><N who="1" m="58871" /><E18/><V64/><F32/><W114/><G114/><N who="2" m="43529" /><F28/><W104/><G104/><T22/><D75/><U61/><E38/><V17/><F17/><W135/><G19/><T56/><D68/><N who="2" m="26154" /><F37/><W48/><G35/><T89/><D31/><U53/><E61/><V20/><F20/><W86/><G29/><T23/><REACH who="0" step="1"/><D54/><REACH who="0" ten="262,258,211,259" step="2"/><U98/><E98/><V8/><AGARI ba="0,1" hai="2,7,8,44,51,55,64,66" m="26154,43529" machi="8" ten="40,1500,0" yaku="15,1" doraHai="128" who="2" fromWho="2" sc="262,-7,258,-4,211,25,259,-4" /><INIT seed="5,0,0,0,1,68" ten="255,254,236,255" oya="1" hai0="1,111,129,50,25,46,83,121,7,120,60,27,4" hai1="51,34,88,39,11,12,58,42,130,57,135,37,26" hai2="109,69,62,124,2,76,70,30,44,19,79,55,33" hai3="77,21,67,108,6,99,82,74,72,80,32,48,133"/><U23/><E34/><V28/><F109/><W13/><G32/><T115/><D111/><U114/><E114/><V116/><F116/><W47/><G67/><T49/><D115/><U94/><E135/><V43/><F2/><W128/><G108/><T127/><D127/><U45/><E130/><V10/><F124/><W100/><G133/><T117/><D117/><U73/><E73/><V52/><F33/><W103/><G99/><T40/><D129/><U92/><E92/><V59/><F10/><W118/><G118/><T36/><D60/><U93/><E93/><V31/><F19/><W54/><G128/><T125/><D83/><U95/><E95/><V113/><F113/><W98/><G98/><T134/><D134/><U75/><E75/><V35/><F35/><W71/><G71/><T5/><D1/><U91/><E91/><V3/><F3/><W18/><REACH who="3" step="1"/><G6/><REACH who="3" ten="255,254,236,245" step="2"/><T97/><D125/><U20/><E39/><V17/><F69/><W78/><AGARI ba="0,1" hai="13,18,21,47,48,54,72,74,77,78,80,82,100,103" machi="78" ten="30,12000,2" yaku="1,1,2,1,0,1,9,1,53,2" doraHai="68" doraHaiUra="107" who="3" fromWho="3" sc="255,-30,254,-60,236,-30,245,130" /><INIT seed="6,0,0,4,0,23" ten="225,194,206,375" oya="2" hai0="14,98,27,114,1,130,55,117,69,118,70,46,44" hai1="7,42,19,81,53,33,122,43,116,71,65,76,73" hai2="20,66,113,11,15,62,94,47,74,34,29,84,93" hai3="0,120,10,104,95,17,72,36,128,9,13,124,3"/><V26/><F113/><W8/><G104/><T86/><D1/><U111/><E116/><N who="0" m="44649" /><D130/><U89/><E111/><V54/><F74/><W82/><G36/><T129/><D129/><U22/><E33/><V12/><F34/><W110/><G95/><T83/><D114/><U100/><E100/><V97/><F84/><W107/><G107/><T109/><D109/><U119/><E119/><V133/><F133/><W99/><G99/><T102/><D14/><U132/><E53/><V49/><F11/><W92/><G92/><N who="0" m="58695" /><D27/><U85/><E7/><V108/><F93/><W48/><G48/><N who="0" m="29063" /><D46/><U25/><E132/><V79/><F79/><AGARI ba="0,0" hai="69,70,79,83,86" m="29063,58695,44649" machi="79" ten="30,1000,0" yaku="12,1" doraHai="23" who="0" fromWho="2" sc="225,10,194,0,206,-10,375,0" /><INIT seed="7,0,0,3,3,62" ten="235,194,196,375" oya="3" hai0="46,83,123,55,121,20,126,122,53,134,75,41,58" hai1="28,106,82,81,52,6,36,5,87,16,103,89,40" hai2="115,125,29,114,2,12,130,61,22,110,63,116,74" hai3="56,42,86,0,99,124,15,91,104,100,128,88,69"/><W18/><G69/><T45/><D20/><U60/><E36/><V107/><F116/><W117/><G0/><T127/><D83/><U79/><E40/><V133/><F125/><N who="0" m="47626" /><D75/><U50/><E60/><V32/><F133/><W93/><G42/><T108/><D108/><U129/><E129/><V1/><F130/><W68/><G68/><T43/><D134/><U92/><E28/><V118/><F118/><W26/><G26/><T4/><D4/><N who="1" m="1643" /><E106/><V72/><F107/><W135/><G135/><T51/><D58/><N who="1" m="33047" /><E79/><V49/><F110/><W3/><G3/><T33/><D33/><U66/><E66/><V47/><F32/><W35/><G35/><T7/><D7/><U25/><E103/><V95/><F1/><W109/><G109/><T14/><D14/><U94/><E82/><V10/><F2/><W73/><G73/><N who="2" m="28265" /><F63/><W77/><G128/><T105/><D105/><U19/><E25/><N who="2" m="16567" /><F61/><W120/><G124/><T84/><D43/><U23/><E23/><V102/><F102/><W78/><G117/><T54/><D45/><U44/><E44/><V111/><F111/><W119/><G119/><T8/><D122/><U11/><E11/><V67/><F67/><W37/><G120/><T131/><D8/><U96/><E96/><V113/><F10/><W59/><G104/><T21/><D131/><U39/><E39/><V31/><F31/><W101/><G37/><T76/><D21/><U57/><E57/><V85/><F12/><W65/><G15/><T90/><D123/><U97/><E97/><V9/><F9/><W112/><G99/><T24/><D121/><RYUUKYOKU ba="0,0" sc="235,-10,194,30,196,-10,375,-10" hai1="16,19,81,87,89,92,94" owari="225,3.0,224,-18.0,186,-31.0,365,46.0" /></mjloggm>