<mjloggm ver="2.3"><GO type="185" lobby="0"/><UN n0="%65%6C%75%6C%75" n1="%E5%8C%97%E5%B0%8F%E8%B7%AF%3A%E9%9A%86%E5%A4%AA" n2="%4D%41%54%59%55%49%E2%98%86" n3="" dan="17,16,16,0" rate="2272.09,2206.98,2117.09,1500.00" sx="M,M,M,C"/><TAIKYOKU oya="0"/><INIT seed="0,0,0,3,4,67" ten="350,350,350,0" oya="0" hai0="109,41,40,114,110,101,2,126,128,73,35,68,3" hai1="79,118,71,125,97,83,1,103,89,64,108,92,45" hai2="66,119,133,47,57,102,127,51,123,90,63,105,81" hai3=""/><T115/><D73/><U53/><E1/><V69/><N who="2" m="31520" /><V107/><F133/><T55/><D35/><U86/><E118/><V131/><F127/><T0/><D126/><U104/><E125/><V38/><F131/><T85/><D128/><U84/><E108/><N who="0" m="41577" /><D101/><U74/><E53/><V43/><F102/><T111/><N who="0" m="41585" /><T39/><DORA hai="42" /><D39/><U60/><REACH who="1" step="1"/><E45/><REACH who="1" ten="350,340,350,0" step="2"/><V106/><F119/><T32/><D32/><U88/><E88/><V116/><F116/><T122/><N who="0" m="31264" /><T135/><D135/><U65/><E65/><V72/><F90/><T87/><D55/><U44/><E44/><V36/><F47/><T113/><D68/><U46/><E46/><V98/><F69/><T58/><D58/><U34/><E34/><V132/><F132/><T59/><D59/><U37/><E37/><V75/><F36/><T124/><D124/><U112/><E112/><V96/><F38/><T82/><D40/><U56/><E56/><V78/><F43/><T130/><D41/><U94/><E94/><V76/><F51/><T61/><D130/><U52/><E52/><V129/><F129/><T100/><D0/><U134/><E134/><V48/><F48/><T33/><D2/><U121/><N who="1" m="31008" /><U93/><E93/><RYUUKYOKU ba="0,1" sc="350,-20,340,10,350,10,0,0" hai1="60,64,71,74,79,83,84,86,89,92,97,103,104" hai2="57,63,66,72,75,76,78,81,96,98,105,106,107" /><INIT seed="1,1,1,0,0,115" ten="330,350,360,0" oya="1" hai0="121,2,65,74,135,45,63,113,80,86,44,112,70" hai1="99,97,78,129,123,131,41,46,61,72,130,93,134" hai2="0,67,58,107,32,90,76,124,101,103,104,3,102" hai3=""/><U114/><N who="1" m="31520" /><U53/><E114/><V116/><F76/><T118/><N who="0" m="31008" /><T59/><D2/><U126/><E134/><V87/><F32/><T39/><D135/><U106/><E126/><V128/><F67/><T122/><N who="0" m="31264" /><T62/><D74/><U33/><E33/><V133/><F58/><T66/><D118/><U43/><E106/><V69/><F69/><T83/><D83/><U38/><E41/><V56/><F56/><T117/><D117/><U91/><E53/><V98/><F133/><T81/><D81/><U71/><E72/><V50/><F124/><T52/><D44/><U89/><E78/><V127/><F107/><T42/><D66/><U60/><REACH who="1" step="1"/><E71/><REACH who="1" ten="330,340,360,0" step="2"/><V68/><F68/><T36/><D36/><U119/><E119/><V96/><F127/><T64/><D64/><U48/><E48/><V111/><F50/><T92/><D113/><U51/><E51/><V49/><F116/><T79/><D112/><U94/><AGARI ba="1,2" hai="38,43,46,60,61,89,91,93,94,97,99,129,130,131" m="31520" machi="94" ten="40,8000,1" yaku="1,1,0,1,9,1,19,1,52,1,53,0" doraHai="115" doraHaiUra="55" who="1" fromWho="1" sc="330,-41,340,102,360,-41,0,0" /><INIT seed="1,2,0,3,1,64" ten="289,442,319,0" oya="1" hai0="44,88,52,0,128,54,113,58,106,78,103,100,121" hai1="120,84,129,60,42,56,81,68,135,43,55,90,133" hai2="65,41,47,70,73,59,91,95,119,118,37,115,124" hai3=""/><U62/><N who="1" m="30752" /><U50/><E129/><V111/><F73/><T46/><N who="0" m="31008" /><T33/><D33/><U39/><E60/><V82/><F82/><T102/><D0/><U76/><E76/><V49/><F111/><T75/><D106/><U89/><E89/><V71/><F124/><T117/><D128/><U132/><REACH who="1" step="1"/><E39/><REACH who="1" ten="289,432,319,0" step="2"/><V32/><F32/><T126/><D88/><U98/><E98/><V127/><F91/><T67/><D78/><U134/><N who="1" m="33792" /><DORA hai="110" /><U79/><E79/><V80/><F37/><T125/><D125/><U101/><E101/><V86/><F127/><T131/><D131/><U48/><E48/><V99/><F49/><T66/><D126/><U87/><E87/><V114/><F99/><T116/><D103/><U63/><E63/><V108/><F86/><T104/><D102/><U38/><E38/><V45/><F108/><T96/><D100/><U61/><E61/><V69/><F118/><T36/><D36/><U1/><E1/><V93/><F119/><T57/><D96/><U3/><E3/><V85/><F85/><T83/><D117/><U35/><E35/><V130/><F130/><T107/><D116/><U112/><E112/><V94/><F114/><T53/><D113/><U77/><E77/><RYUUKYOKU ba="2,1" sc="289,-10,432,20,319,-10,0,0" hai1="42,43,50,55,56,62,68,81,84,90" /><INIT seed="1,3,1,1,1,48" ten="279,452,309,0" oya="1" hai0="109,132,74,79,41,3,45,116,69,53,65,73,34" hai1="122,83,135,127,71,124,55,63,113,60,80,61,46" hai2="121,87,70,54,75,111,102,97,120,40,39,134,89" hai3=""/><U108/><N who="1" m="31264" /><U76/><E113/><V131/><N who="2" m="30752" /><V119/><N who="2" m="31008" /><V133/><F119/><T123/><N who="0" m="31520" /><T67/><D3/><U103/><E135/><N who="2" m="51723" /><F75/><T32/><D132/><U68/><E108/><V59/><F70/><N who="1" m="26665" /><E103/><V78/><F78/><T92/><D109/><U94/><E94/><V107/><F111/><T44/><D69/><U56/><E46/><V91/><F131/><T104/><D92/><U93/><E93/><V85/><F40/><T33/><D41/><U101/><E101/><V37/><F89/><T38/><D33/><U2/><E2/><V51/><F87/><T105/><D116/><U130/><E130/><V118/><F118/><T117/><D117/><U99/><E99/><V84/><F84/><T81/><D79/><U90/><E90/><V125/><F125/><N who="1" m="48201" /><E76/><V86/><F86/><T106/><D32/><U66/><E66/><V52/><F54/><T82/><D53/><U100/><E100/><V58/><F58/><T95/><D34/><U72/><E72/><V64/><F64/><T98/><D74/><U114/><E114/><V88/><F91/><T43/><D73/><U96/><E96/><V35/><F35/><T50/><D67/><U36/><E80/><AGARI ba="3,1" hai="37,39,51,52,59,80,85,88,97,102,107" m="51723,31008,30752" machi="80" ten="30,12000,2" yaku="20,1,52,3,54,2" doraHai="48" who="2" fromWho="1" sc="279,0,452,-126,309,136,0,0" /><INIT seed="2,0,0,4,0,130" ten="279,326,445,0" oya="2" hai0="92,67,83,91,33,52,96,55,90,78,118,1,65" hai1="124,108,80,35,37,121,109,75,102,2,71,100,40" hai2="129,95,64,85,74,99,105,56,76,134,43,89,127" hai3=""/><V111/><F43/><T62/><D1/><U0/><N who="1" m="31008" /><U122/><N who="1" m="31264" /><U98/><E35/><V60/><F129/><T39/><D33/><U70/><E124/><V54/><F127/><T116/><D39/><U123/><N who="1" m="31520" /><U41/><E75/><V66/><F111/><N who="1" m="42569" /><E80/><V88/><F134/><T107/><D107/><U36/><E102/><V34/><F34/><T3/><D3/><N who="1" m="1067" /><E40/><V45/><F74/><T53/><D91/><U119/><E119/><V101/><F76/><T42/><D42/><U57/><E57/><V86/><F45/><T82/><D82/><AGARI ba="0,0" hai="54,56,60,64,66,82,85,86,88,89,95,99,101,105" machi="82" ten="30,2900,0" yaku="7,1,54,1" doraHai="130" who="2" fromWho="0" sc="279,-29,326,0,445,29,0,0" /><INIT seed="2,1,0,3,4,46" ten="250,326,474,0" oya="2" hai0="76,87,44,108,73,75,80,43,66,35,101,42,133" hai1="36,106,74,121,103,58,91,70,125,50,97,38,61" hai2="113,122,1,0,48,59,32,56,34,60,135,129,3" hai3=""/><V83/><N who="2" m="31264" /><V45/><F113/><T114/><D35/><U96/><N who="1" m="31008" /><U68/><E74/><V69/><F69/><T127/><D114/><U94/><E125/><V79/><F135/><T81/><D133/><U37/><REACH who="1" step="1"/><E50/><REACH who="1" ten="250,316,474,0" step="2"/><V64/><F34/><T54/><D127/><U33/><E33/><V88/><F32/><T120/><N who="0" m="30752" /><T117/><D73/><U123/><N who="1" m="31520" /><U90/><E90/><V40/><F88/><T52/><D75/><U55/><AGARI ba="1,1" hai="36,37,38,55,58,61,68,70,91,94,96,97,103,106" m="31520,31008" machi="55" ten="30,5900,0" yaku="1,1,0,1,52,2,53,0" doraHai="46" doraHaiUra="47" who="1" fromWho="1" sc="250,-21,316,71,474,-40,0,0" /><INIT seed="4,0,0,4,2,70" ten="229,387,434,0" oya="0" hai0="98,60,75,105,127,101,74,69,79,90,100,49,121" hai1="58,86,76,125,133,71,37,109,47,72,34,95,85" hai2="43,103,108,116,53,51,130,38,39,131,113,73,102" hai3=""/><T35/><N who="0" m="31008" /><T112/><D35/><U80/><E34/><V56/><F108/><T1/><D1/><U67/><E109/><V55/><F113/><T128/><D112/><U63/><E133/><V44/><F73/><T104/><D49/><U3/><E3/><V106/><F116/><T77/><D60/><U82/><E125/><V2/><F2/><T111/><D69/><U134/><E134/><V52/><F106/><N who="0" m="41066" /><D111/><U66/><E66/><V64/><F103/><N who="0" m="39498" /><D127/><U88/><E71/><V110/><F102/><T78/><D128/><N who="2" m="49194" /><F110/><T120/><N who="0" m="30752" /><T33/><D33/><U91/><REACH who="1" step="1"/><E47/><REACH who="1" ten="229,377,434,0" step="2"/><V107/><F107/><T129/><D129/><U57/><E57/><V83/><F64/><T99/><D90/><U132/><E132/><V123/><F56/><T97/><AGARI ba="0,1" hai="74,75,77,78,79,97,98,99" m="30752,39498,41066,31008" machi="97" ten="40,16000,3" yaku="28,2,35,5,52,2" doraHai="70" who="0" fromWho="0" sc="229,170,377,-80,434,-80,0,0" /><INIT seed="4,1,0,1,2,113" ten="399,297,354,0" oya="0" hai0="101,60,38,129,108,135,2,63,126,79,57,66,59" hai1="99,132,128,0,100,34,35,53,131,41,84,48,118" hai2="51,116,65,119,61,114,107,117,70,103,105,124,109" hai3=""/><T76/><D2/><U46/><E0/><V120/><N who="2" m="30752" /><V91/><F109/><T110/><D101/><U77/><E132/><V87/><F114/><T98/><D98/><U111/><E111/><N who="0" m="42537" /><D135/><U92/><E118/><V112/><F112/><T3/><D3/><U36/><E77/><N who="0" m="29769" /><D38/><U104/><E84/><V32/><F32/><T82/><D82/><U52/><E53/><V74/><F74/><T115/><D115/><U96/><E34/><V50/><F124/><T122/><N who="0" m="31264" /><T1/><D1/><U121/><N who="1" m="31008" /><U39/><E35/><V68/><F68/><T44/><D44/><U81/><E81/><V72/><F72/><T49/><D49/><N who="2" m="18442" /><F103/><T33/><D33/><U89/><REACH who="1" step="1"/><E36/><REACH who="1" ten="399,287,354,0" step="2"/><V45/><F45/><AGARI ba="1,1" hai="39,41,45,46,48,52,89,92,96,99,100,104,128,131" m="31008" machi="45" ten="40,12000,2" yaku="1,1,2,1,52,1,54,1,53,2" doraHai="113" doraHaiUra="42" who="1" fromWho="2" sc="399,0,287,132,354,-122,0,0" /><INIT seed="5,0,0,3,4,134" ten="399,419,232,0" oya="1" hai0="57,42,117,72,53,55,65,112,75,107,135,58,32" hai1="35,61,131,114,85,44,108,119,109,89,50,34,77" hai2="88,128,74,71,123,48,86,36,64,118,79,87,99" hai3=""/><U90/><E119/><V81/><N who="2" m="31520" /><V121/><N who="2" m="31008" /><V54/><F118/><T95/><D117/><U133/><E114/><V2/><F2/><T122/><N who="0" m="31264" /><T127/><D107/><U66/><E133/><V3/><F3/><T46/><D32/><U33/><E131/><V129/><F36/><T69/><D135/><U96/><E96/><V104/><F64/><T120/><N who="0" m="30752" /><T70/><D112/><U47/><E77/><V43/><F43/><T102/><D65/><U111/><E85/><V1/><F71/><T62/><D75/><U60/><E60/><V45/><F1/><T91/><D72/><U73/><E73/><V83/><REACH who="2" step="1"/><F74/><REACH who="2" ten="399,419,222,0" step="2"/><T94/><D70/><U113/><E113/><V0/><F0/><T115/><D69/><U41/><E41/><V80/><F80/><T82/><D82/><U103/><E34/><V67/><F67/><T39/><D115/><U100/><E35/><V98/><F98/><T92/><D39/><U125/><E109/><V51/><F51/><T126/><D42/><U78/><E111/><V93/><F93/><T52/><D94/><U59/><E108/><V116/><F116/><T63/><D92/><U101/><E33/><V49/><F49/><T68/><D95/><RYUUKYOKU ba="0,1" sc="399,-10,419,-10,222,20,0,0" hai2="45,48,54,79,81,83,86,87,88,99,104,128,129" /><INIT seed="6,1,1,2,2,123" ten="389,409,242,0" oya="2" hai0="33,105,121,2,132,65,67,122,133,48,42,37,111" hai1="64,72,58,89,61,116,59,127,129,82,128,1,114" hai2="76,124,75,32,95,103,3,108,106,34,119,52,43" hai3=""/><V87/><F119/><T79/><N who="0" m="31008" /><T71/><N who="0" m="31264" /><T44/><D111/><U47/><E116/><V107/><F3/><T91/><D2/><U118/><E118/><V77/><F75/><T88/><D33/><U45/><E1/><V38/><F124/><T113/><D105/><U36/><E127/><V55/><F43/><T117/><D117/><U135/><E114/><V73/><F38/><T49/><D79/><U120/><N who="1" m="30752" /><U92/><E135/><N who="0" m="51785" /><D113/><U125/><E125/><V90/><F108/><T46/><D49/><U60/><E82/><V0/><F0/><T109/><D109/><U101/><E101/><V115/><F115/><T54/><D71/><U94/><E72/><V51/><F55/><T84/><D91/><U62/><E36/><V39/><F39/><T96/><D96/><U68/><E68/><V63/><F63/><T85/><D85/><U86/><E94/><AGARI ba="1,1" hai="37,42,44,46,48,54,65,67,84,88,94" m="51785,31264,31008" machi="94" ten="30,7700,0" yaku="20,1,52,2,54,1" doraHai="123" who="0" fromWho="1" sc="389,89,409,-79,242,0,0,0" owari="478,43.0,330,-7.0,242,-36.0,0,0.0" /></mjloggm>