<mjloggm ver="2.3"><GO type="185" lobby="0"/><UN n0="%E3%81%91%E3%82%93%E3%81%97%E3%82%8D%E3%83%BC%E3%83%BC%E3%82%8D" n1="%E9%9B%AA%E6%9D%91%E5%8D%83%E7%B5%B5%E8%8E%89" n2="%E9%B4%A8%E6%90%8D" n3="" dan="16,17,16,0" rate="2045.98,2272.10,2120.67,1500.00" sx="M,F,M,C"/><TAIKYOKU oya="0"/><INIT seed="0,0,0,0,2,99" ten="350,350,350,0" oya="0" hai0="112,84,89,60,78,100,86,35,44,110,46,131,90" hai1="73,91,117,72,96,133,64,55,124,94,58,34,68" hai2="106,50,126,51,66,87,74,119,135,40,49,83,54" hai3=""/><T102/><D131/><U32/><E117/><V113/><F113/><T3/><D112/><U121/><N who="1" m="31008" /><U36/><E36/><V56/><F119/><T53/><D3/><U105/><E133/><V123/><N who="2" m="31520" /><V38/><F135/><T62/><D78/><U75/><E124/><V47/><F126/><T130/><D130/><U128/><E128/><V77/><F106/><T82/><D110/><U79/><E105/><V125/><F125/><T111/><D111/><U95/><E95/><V48/><REACH who="2" step="1"/><F66/><REACH who="2" ten="350,350,340,0" step="2"/><T108/><D108/><U1/><E1/><V59/><F59/><T118/><D118/><U127/><E127/><V69/><F69/><T57/><D35/><U103/><E64/><V61/><F61/><T33/><D33/><U107/><E68/><V98/><F98/><T63/><D63/><U81/><E34/><V41/><F41/><T43/><D62/><U129/><E129/><V115/><F115/><T80/><REACH who="0" step="1"/><D46/><REACH who="0" ten="340,350,340,0" step="2"/><U2/><E2/><V76/><F76/><T114/><D114/><U52/><E32/><V70/><F70/><T134/><D134/><U104/><E58/><V39/><F39/><AGARI ba="0,2" hai="39,43,44,53,57,60,80,82,84,86,89,90,100,102" machi="39" ten="30,18000,2" yaku="1,1,7,1,9,1,52,2,53,1" doraHai="99" doraHaiUra="37" who="0" fromWho="2" sc="340,200,350,0,340,-180,0,0" /><INIT seed="0,1,0,1,2,0" ten="540,350,160,0" oya="0" hai0="65,39,101,108,131,111,113,45,3,59,50,82,105" hai1="64,123,40,118,58,90,1,135,98,61,106,38,124" hai2="104,41,119,77,95,76,92,69,43,97,67,81,32" hai3=""/><T114/><D3/><U54/><N who="1" m="31520" /><U133/><E118/><V94/><F69/><T49/><D131/><U117/><E1/><V33/><F119/><T47/><D105/><U35/><E35/><V115/><F104/><T125/><D101/><U102/><E117/><V116/><F116/><T88/><D39/><U2/><E2/><V46/><F115/><T80/><D125/><U62/><E124/><V120/><N who="2" m="30752" /><V100/><F67/><T127/><D127/><U84/><E40/><N who="2" m="15435" /><F100/><T70/><D70/><U121/><N who="1" m="31008" /><U132/><E38/><V130/><F46/><T86/><D65/><U42/><E42/><V110/><F81/><T72/><D59/><U126/><E126/><V44/><F44/><T129/><D129/><U55/><REACH who="1" step="1"/><E62/><REACH who="1" ten="540,340,160,0" step="2"/><V83/><F130/><T107/><D113/><U60/><E60/><V91/><F110/><T52/><D114/><U128/><E128/><V73/><F32/><T37/><D111/><U48/><E48/><V66/><F33/><T87/><D108/><U74/><E74/><V68/><F73/><T93/><D72/><U56/><E56/><V103/><F68/><T53/><D37/><U89/><E89/><V122/><N who="2" m="31264" /><V134/><F91/><T57/><D57/><RYUUKYOKU ba="1,1" sc="540,-10,340,20,160,-10,0,0" hai1="54,55,58,61,64,84,90,98,102,106,132,133,135" /><INIT seed="1,2,1,1,0,60" ten="530,360,150,0" oya="1" hai0="88,117,57,131,111,128,66,114,40,80,46,113,119" hai1="42,33,121,36,58,64,49,59,83,77,91,50,41" hai2="85,112,109,120,99,43,2,108,51,90,62,106,32" hai3=""/><U81/><N who="1" m="31008" /><U118/><E33/><V84/><N who="2" m="30752" /><V89/><F2/><T48/><D111/><U38/><E77/><V125/><F32/><T54/><D80/><U132/><E118/><N who="0" m="45065" /><D66/><U73/><E73/><V44/><F112/><N who="0" m="43114" /><D88/><U123/><N who="1" m="31520" /><U126/><E91/><V79/><F125/><T130/><D130/><U0/><E0/><V115/><F115/><T68/><D68/><U67/><E132/><V78/><F106/><T74/><D74/><U72/><REACH who="1" step="1"/><E72/><REACH who="1" ten="530,350,150,0" step="2"/><V95/><F78/><T129/><D129/><U92/><E92/><V93/><F79/><T105/><D105/><U103/><E103/><V47/><F99/><T122/><N who="0" m="31264" /><T124/><D124/><AGARI ba="2,2" hai="36,38,41,42,49,50,58,59,64,67,81,83,124,126" m="31520,31008" machi="124" ten="25,24000,3" yaku="1,1,22,2,52,4,53,2" doraHai="60" doraHaiUra="71" who="1" fromWho="0" sc="530,-244,350,264,150,0,0,0" /><INIT seed="1,3,0,5,0,57" ten="286,614,150,0" oya="1" hai0="83,81,133,118,99,42,50,53,126,59,89,132,100" hai1="120,86,47,75,49,134,55,82,117,91,123,46,51" hai2="92,127,41,74,40,97,85,71,36,64,65,129,67" hai3=""/><U108/><N who="1" m="30752" /><U102/><N who="1" m="31520" /><U58/><E117/><V35/><F74/><T80/><D118/><U103/><E108/><V96/><F35/><T45/><D126/><U101/><E134/><V105/><F127/><T32/><D89/><U48/><REACH who="1" step="1"/><E75/><REACH who="1" ten="286,604,150,0" step="2"/><V116/><F116/><T33/><D32/><U69/><E69/><V44/><F71/><T124/><D33/><U1/><E1/><V78/><F129/><T84/><D124/><U62/><AGARI ba="3,1" hai="46,47,48,49,51,55,58,62,82,86,91,101,102,103" m="31520,30752" machi="62" ten="30,12000,2" yaku="1,1,0,1,8,1,52,3,53,0" doraHai="57" doraHaiUra="104" who="1" fromWho="1" sc="286,-63,604,136,150,-63,0,0" /><INIT seed="1,4,0,2,5,68" ten="223,740,87,0" oya="1" hai0="83,34,2,115,126,102,0,96,62,64,99,130,43" hai1="89,107,41,74,58,90,92,104,78,95,109,91,117" hai2="79,118,72,35,100,84,55,125,39,93,33,82,116" hai3=""/><U119/><E41/><V66/><F125/><T73/><D115/><U85/><E58/><V131/><F66/><T52/><D126/><U94/><E109/><V49/><F131/><T37/><D130/><U124/><E124/><V75/><F39/><T133/><D34/><U120/><N who="1" m="30752" /><U40/><E40/><V86/><F100/><T32/><D32/><U113/><E113/><V101/><F101/><T97/><D133/><U134/><E134/><V121/><N who="2" m="31008" /><V63/><F63/><T51/><D102/><U105/><E74/><V44/><F33/><T65/><D43/><U56/><E56/><V59/><F35/><T81/><D37/><U69/><E69/><V114/><F114/><T110/><D110/><U60/><E60/><V129/><F129/><T106/><D106/><U57/><E57/><V98/><F75/><T61/><D73/><U3/><E3/><V45/><F72/><T77/><D77/><U80/><AGARI ba="4,0" hai="78,80,85,89,90,91,92,94,95,104,105,107,117,119" m="30752" machi="80" ten="40,12000,2" yaku="0,1,29,2,34,3,52,1" doraHai="68" who="1" fromWho="1" sc="223,-64,740,128,87,-64,0,0" /><INIT seed="1,5,0,4,5,92" ten="159,868,23,0" oya="1" hai0="55,50,106,126,75,91,47,96,85,76,95,66,39" hai1="100,57,70,83,72,104,108,114,2,93,128,97,78" hai2="122,116,74,117,77,58,33,0,80,40,84,105,68" hai3=""/><U134/><E114/><V59/><N who="2" m="31264" /><V60/><F0/><T43/><D126/><U52/><E2/><V101/><F33/><T65/><D75/><U110/><E128/><V132/><F132/><T64/><D76/><U123/><N who="1" m="31520" /><U3/><E3/><V124/><F124/><T102/><D66/><U34/><E34/><V89/><F40/><T135/><D135/><U87/><E134/><V36/><F36/><T51/><D39/><U41/><E70/><V94/><F68/><T107/><REACH who="0" step="1"/><D107/><REACH who="0" ten="149,868,23,0" step="2"/><U46/><E104/><V49/><F49/><T133/><D133/><U129/><E129/><V1/><F1/><T82/><D82/><U38/><REACH who="1" step="1"/><E72/><REACH who="1" ten="149,858,23,0" step="2"/><V67/><F60/><AGARI ba="5,2" hai="38,41,46,52,57,60,78,83,87,93,97,100,108,110" m="31520" machi="60" ten="40,18000,2" yaku="1,1,2,1,52,2,54,1,53,1" doraHai="92" doraHaiUra="81" who="1" fromWho="2" sc="149,0,858,210,23,-190,0,0" owari="149,-25.0,1068,102.0,-167,-77.0,0,0.0" /></mjloggm>