<mjloggm ver="2.3"><GO type="185" lobby="0"/><UN n0="%E9%9B%AA%E6%9D%91%E5%8D%83%E7%B5%B5%E8%8E%89" n1="%70%61%77%61%66%75%31" n2="%28%C2%B4%E3%81%B8%CE%B5%E3%81%B8%60%29" n3="" dan="17,19,20,0" rate="2248.36,2395.23,2240.42,1500.00" sx="F,M,M,C"/><TAIKYOKU oya="0"/><INIT seed="0,0,0,0,0,42" ten="350,350,350,0" oya="0" hai0="87,91,54,104,105,56,88,95,97,0,73,122,134" hai1="101,133,106,76,132,126,49,94,128,52,102,100,51" hai2="103,124,93,79,3,86,59,68,55,114,98,80,81" hai3=""/><T63/><N who="0" m="31264" /><T38/><D0/><U115/><E115/><V110/><F114/><T116/><D116/><U85/><E106/><V45/><F3/><T53/><D134/><N who="1" m="51819" /><E126/><V41/><F68/><T32/><D32/><U113/><E113/><V44/><F124/><T78/><D38/><U118/><E128/><V125/><F125/><T108/><D108/><U92/><E49/><V36/><F110/><T109/><D109/><U77/><E118/><V40/><F80/><T119/><D119/><U83/><E77/><V64/><F64/><T39/><D39/><U120/><N who="1" m="30752" /><U37/><E37/><V135/><F135/><T75/><D78/><U82/><E83/><V127/><F127/><T34/><D34/><U89/><E76/><V72/><F72/><T35/><D35/><U58/><AGARI ba="0,0" hai="51,52,58,82,85,89,92,94,100,101,102" m="30752,51819" machi="58" ten="30,3000,0" yaku="20,1,52,1,54,1" doraHai="42" who="1" fromWho="1" sc="350,-20,350,30,350,-10,0,0" /><INIT seed="1,0,0,0,5,119" ten="330,380,340,0" oya="1" hai0="87,1,42,103,58,123,127,52,102,73,53,88,68" hai1="56,50,100,54,43,125,2,117,118,77,39,61,47" hai2="79,132,80,35,65,95,105,108,111,64,36,93,92" hai3=""/><U32/><E32/><V49/><F36/><T63/><N who="0" m="31520" /><T131/><D1/><U90/><E2/><V72/><F35/><T129/><D127/><U78/><E125/><V41/><F105/><T57/><D42/><U38/><E100/><V128/><F128/><N who="0" m="49226" /><D68/><U112/><E90/><V97/><F97/><T94/><D73/><U85/><E112/><V40/><F132/><T48/><AGARI ba="0,0" hai="48,52,53,57,58,63,87,88,94,102,103" m="49226,31520" machi="48" ten="30,6000,1" yaku="19,1,52,2,54,2" doraHai="119" who="0" fromWho="0" sc="330,60,380,-40,340,-20,0,0" /><INIT seed="2,0,0,5,5,135" ten="390,340,320,0" oya="2" hai0="133,94,125,37,74,62,39,99,46,54,119,110,42" hai1="60,80,127,118,71,69,77,97,96,83,66,130,53" hai2="122,36,0,89,101,114,56,40,85,72,129,33,76" hai3=""/><V92/><N who="2" m="31264" /><V57/><F114/><T123/><N who="0" m="31520" /><T86/><D133/><U109/><E130/><V82/><F0/><T98/><D119/><U81/><E109/><V112/><F112/><T126/><D110/><U67/><E77/><V50/><F33/><T51/><D74/><U73/><E73/><V131/><F36/><T52/><D39/><U79/><E79/><V116/><F116/><T38/><D38/><U134/><E134/><V128/><REACH who="2" step="1"/><F101/><REACH who="2" ten="390,340,310,0" step="2"/><T75/><D37/><U95/><E118/><V41/><F41/><T48/><D75/><U91/><E69/><V43/><F43/><T106/><D42/><U124/><E71/><V105/><F105/><T88/><D106/><U61/><E97/><V117/><F117/><T58/><D99/><U107/><E107/><V49/><F49/><T100/><D48/><U78/><E96/><V84/><F84/><T87/><D87/><U35/><E35/><V93/><F93/><T1/><D1/><U3/><E95/><V121/><N who="2" m="31008" /><V111/><F111/><T104/><AGARI ba="0,1" hai="46,51,52,54,58,62,86,88,94,98,100,104,125,126" m="31520" machi="104" ten="30,9000,2" yaku="0,1,52,3,54,2" doraHai="135" who="0" fromWho="0" sc="390,100,340,-30,310,-60,0,0" /><INIT seed="4,0,0,3,5,94" ten="490,310,250,0" oya="0" hai0="3,113,70,73,48,47,85,114,108,74,109,63,83" hai1="62,100,123,69,53,58,49,81,102,112,46,60,66" hai2="35,42,105,86,107,130,88,2,54,124,133,32,75" hai3=""/><T87/><D3/><U76/><N who="1" m="31520" /><U132/><E132/><V131/><F2/><T93/><D70/><U67/><REACH who="1" step="1"/><E112/><REACH who="1" ten="490,300,250,0" step="2"/><V77/><F133/><T106/><D114/><U1/><E1/><V65/><F35/><T92/><D113/><U91/><E91/><V101/><F32/><T50/><D108/><U97/><E97/><V36/><F88/><T72/><D109/><U45/><E45/><V115/><F115/><T90/><D47/><U61/><E61/><V84/><F130/><T104/><D63/><U57/><E57/><V95/><F131/><T111/><D111/><U64/><E64/><V79/><F65/><T120/><N who="0" m="30752" /><T56/><D56/><U129/><E129/><V116/><F116/><T99/><D50/><U41/><E41/><V34/><F42/><T98/><D48/><U110/><E110/><V80/><F34/><T121/><N who="0" m="31008" /><T127/><D99/><U40/><E40/><V128/><F128/><T37/><D98/><U119/><E119/><V44/><F44/><T59/><D59/><U134/><E134/><V68/><F68/><T118/><D118/><U33/><E33/><V71/><F71/><T55/><D90/><U89/><E89/><V51/><F51/><T125/><D55/><RYUUKYOKU ba="0,1" sc="490,-10,300,20,250,-10,0,0" hai1="46,49,53,58,60,62,66,67,69,76,81,100,102" /><INIT seed="5,1,1,0,4,81" ten="480,320,240,0" oya="1" hai0="106,134,42,86,35,125,128,44,55,80,90,119,92" hai1="76,95,0,103,33,71,62,63,108,118,111,101,38" hai2="67,40,50,126,88,122,69,43,120,36,94,1,113" hai3=""/><U68/><E33/><V64/><N who="2" m="30752" /><V123/><N who="2" m="31264" /><V115/><N who="2" m="31520" /><V52/><F1/><T97/><D35/><U104/><E0/><V100/><F100/><N who="1" m="38473" /><E104/><V54/><F126/><T57/><D119/><U41/><E118/><V74/><F74/><T37/><D125/><U85/><E41/><V114/><F36/><T91/><D134/><U84/><E38/><V87/><F54/><T79/><D128/><U121/><N who="1" m="31008" /><U110/><E95/><V105/><F105/><T49/><D106/><U78/><E78/><V65/><F69/><N who="1" m="26697" /><E76/><V58/><AGARI ba="1,1" hai="40,43,50,52,58,64,65,67,87,88,94,113,114,115" m="31520,31264,30752" machi="58" ten="40,12000,3" yaku="0,1,15,1,11,1,52,4,54,2" doraHai="81" who="2" fromWho="2" sc="480,-41,320,-81,240,132,0,0" /><INIT seed="6,0,0,2,2,86" ten="439,239,372,0" oya="2" hai0="75,69,84,100,67,125,70,61,108,96,122,62,99" hai1="111,131,79,94,49,32,72,109,135,1,126,47,57" hai2="66,50,51,95,82,105,102,130,106,113,34,36,116" hai3=""/><V78/><F116/><T83/><N who="0" m="31264" /><T41/><D108/><U110/><E32/><V98/><F34/><T40/><D125/><U46/><E1/><V118/><F118/><T55/><D75/><U120/><N who="1" m="30752" /><U58/><E79/><V114/><F36/><T48/><D48/><U39/><E72/><V92/><F66/><T127/><D127/><U3/><E3/><V56/><F130/><T76/><D96/><U121/><N who="1" m="31008" /><U60/><E131/><V64/><F64/><T107/><D55/><U128/><E128/><V81/><F56/><T45/><D45/><U124/><E94/><V38/><F38/><T73/><D73/><U71/><E135/><V87/><F51/><T43/><D62/><U103/><E103/><V52/><F50/><T97/><D97/><U112/><E112/><N who="2" m="43115" /><F52/><T88/><REACH who="0" step="1"/><D70/><REACH who="0" ten="429,239,372,0" step="2"/><U77/><E71/><V89/><F78/><AGARI ba="0,1" hai="40,41,43,61,67,69,76,78,83,84,88,99,100,107" m="31264" machi="78" ten="40,16000,3" yaku="1,1,2,1,52,2,54,1,53,3" doraHai="86" doraHaiUra="37" who="0" fromWho="2" sc="429,170,239,0,372,-160,0,0" owari="599,55.0,239,-16.0,212,-39.0,0,0.0" /></mjloggm>