<mjloggm ver="2.3"><GO type="169" lobby="0"/><UN n0="%E6%94%BE%E9%8A%83%E7%8E%8B%EF%BC%94" n1="%E3%83%8F%E3%83%BC%E3%83%AD%E3%83%83%E3%83%88" n2="%E3%81%AF%E3%82%8B%E3%81%AB%E3%82%83%E3%82%80" n3="%E3%81%8A%E3%81%98%E3%81%95%E3%82%93" dan="17,16,17,17" rate="2208.21,2077.47,2198.40,2223.57" sx="F,M,F,M"/><TAIKYOKU oya="0"/><INIT seed="0,0,0,1,1,98" ten="250,250,250,250" oya="0" hai0="6,120,114,125,80,46,2,40,108,106,129,100,26" hai1="67,75,27,110,95,8,69,20,5,128,119,74,43" hai2="28,12,23,58,96,134,54,25,47,116,121,101,16" hai3="72,89,102,126,9,18,68,55,81,21,65,83,59"/><T36/><D120/><U22/><E119/><V31/><F121/><W92/><G126/><T82/><D114/><U41/><E110/><V105/><F134/><W61/><G9/><T17/><D125/><U66/><E128/><V7/><F116/><W84/><G72/><T70/><D70/><U42/><E69/><V132/><F132/><W45/><G45/><T99/><D129/><U13/><E75/><V62/><F7/><W64/><G64/><T111/><D17/><U50/><E74/><V118/><F118/><W35/><G35/><T135/><D135/><U57/><E95/><V90/><F90/><W107/><G107/><T34/><D82/><U29/><E22/><V133/><F133/><W0/><G0/><T49/><D49/><U130/><E130/><V51/><REACH who="2" step="1"/><F25/><REACH who="2" ten="250,250,240,250" step="2"/><W104/><G102/><T86/><D6/><U124/><E124/><V37/><F37/><W87/><G89/><T38/><D36/><U48/><E67/><AGARI ba="0,1" hai="12,16,23,28,31,47,51,54,58,62,67,96,101,105" machi="67" ten="30,8000,1" yaku="1,1,7,1,52,1,54,1,53,1" doraHai="98" doraHaiUra="52" who="2" fromWho="1" sc="250,0,250,-80,240,90,250,0" /><INIT seed="1,0,0,4,1,18" ten="250,170,330,250" oya="1" hai0="61,118,75,97,130,105,11,60,106,68,28,62,20" hai1="96,12,112,71,8,83,69,121,34,55,27,49,85" hai2="29,100,98,127,66,19,3,81,39,102,86,104,72" hai3="77,103,56,36,129,132,0,131,47,117,59,48,9"/><U44/><E112/><V91/><F39/><W88/><G77/><T87/><D75/><U6/><E121/><V45/><F3/><W64/><G103/><T42/><D118/><U84/><E96/><V2/><F2/><W40/><G0/><T33/><D130/><N who="3" m="49673" /><G9/><T52/><D33/><U4/><E4/><V79/><F127/><W107/><G107/><T67/><D42/><U128/><E128/><V38/><F29/><W135/><G88/><T116/><D116/><U82/><E85/><V35/><F35/><W125/><G117/><T111/><D111/><U99/><E99/><V78/><F102/><W53/><G125/><T120/><D120/><U94/><E94/><N who="2" m="54647" /><F78/><W25/><G25/><T90/><D11/><U30/><REACH who="1" step="1"/><E84/><REACH who="1" ten="250,160,330,250" step="2"/><V7/><F7/><W57/><G64/><T13/><D97/><U124/><E124/><V46/><F66/><W93/><G93/><T76/><D106/><U70/><AGARI ba="0,1" hai="6,8,12,27,30,34,44,49,55,69,70,71,82,83" machi="70" ten="30,3000,0" yaku="1,1,0,1,53,0" doraHai="18" doraHaiUra="108" who="1" fromWho="1" sc="250,-10,160,40,330,-10,250,-10" /><INIT seed="1,1,0,0,0,24" ten="240,200,320,240" oya="1" hai0="124,82,64,95,61,31,32,117,90,42,37,101,51" hai1="9,122,49,126,93,111,100,19,131,71,2,56,76" hai2="58,57,36,127,94,26,21,12,89,102,99,129,68" hai3="65,22,118,123,43,5,114,4,3,106,91,69,34"/><U1/><E122/><V17/><F68/><W105/><G34/><T128/><D117/><U88/><E71/><V104/><F127/><W107/><G123/><T55/><D124/><U83/><E126/><V125/><F125/><W0/><G69/><T30/><D32/><U23/><E131/><V18/><F36/><W38/><G38/><T54/><D128/><U28/><E100/><V86/><REACH who="2" step="1"/><F129/><REACH who="2" ten="240,200,310,240" step="2"/><W67/><G118/><T41/><D37/><U79/><E111/><V115/><F115/><W112/><G112/><T133/><D133/><U8/><E1/><V50/><F50/><W97/><G114/><T77/><D51/><U120/><E120/><V48/><F48/><W70/><G70/><T10/><D42/><U35/><E2/><V39/><F39/><W73/><G0/><T80/><D41/><U14/><E49/><V96/><F96/><W7/><G3/><T72/><D61/><U6/><E56/><V92/><F92/><W44/><G107/><T13/><D95/><U132/><E132/><V63/><F63/><W20/><G106/><T60/><D60/><U15/><E83/><V81/><F81/><W25/><G105/><T78/><D82/><U33/><E79/><V110/><F110/><W109/><G109/><T130/><D78/><U45/><E76/><V98/><F98/><W40/><G40/><T29/><D130/><U84/><REACH who="1" step="1"/><E45/><REACH who="1" ten="240,190,310,240" step="2"/><V113/><F113/><W74/><G44/><T16/><D77/><U27/><AGARI ba="1,2" hai="6,8,9,14,15,19,23,27,28,33,35,84,88,93" machi="27" ten="30,12000,1" yaku="1,1,2,1,0,1,52,1,54,1,53,0" doraHai="24" doraHaiUra="59" who="1" fromWho="1" sc="240,-41,190,143,310,-41,240,-41" /><INIT seed="1,2,0,0,0,107" ten="199,333,269,199" oya="1" hai0="55,98,135,54,79,85,69,86,31,122,109,102,95" hai1="9,46,36,73,52,133,92,83,30,117,38,4,72" hai2="16,58,93,44,104,115,123,21,134,65,53,2,32" hai3="14,132,10,0,60,67,94,6,77,89,1,49,96"/><U124/><E117/><V11/><F123/><W63/><G132/><T125/><D135/><U121/><E121/><V106/><F134/><W80/><G49/><T27/><D122/><U88/><E30/><V37/><F32/><W87/><REACH who="3" step="1"/><G63/><REACH who="3" ten="199,333,269,189" step="2"/><T127/><D127/><U103/><E133/><V13/><F115/><W12/><G12/><T75/><D125/><U82/><E124/><V99/><F2/><W112/><G112/><T18/><D109/><U105/><E38/><V131/><F37/><W22/><G22/><T130/><D130/><U42/><E36/><V28/><F131/><W113/><G113/><T66/><D66/><U91/><E42/><V126/><F65/><W62/><G62/><T15/><D15/><U128/><E128/><V111/><F126/><W25/><G25/><T5/><D55/><U59/><E52/><V23/><F111/><W50/><G50/><T20/><D54/><U64/><E64/><V78/><F23/><W97/><G97/><T41/><D41/><U26/><E26/><V101/><F44/><W34/><G34/><T8/><D31/><U47/><E46/><V70/><F53/><W68/><AGARI ba="2,1" hai="0,1,6,10,14,60,67,68,77,80,87,89,94,96" machi="68" ten="20,2700,0" yaku="1,1,0,1,7,1,53,0" doraHai="107" doraHaiUra="48" who="3" fromWho="3" sc="199,-9,333,-15,269,-9,189,43" /><INIT seed="2,0,0,4,0,14" ten="190,318,260,232" oya="2" hai0="72,38,87,12,119,109,11,113,59,89,0,79,3" hai1="120,97,24,74,112,53,32,102,48,91,42,75,6" hai2="13,1,18,106,67,56,21,78,114,31,70,57,58" hai3="69,62,127,35,122,54,90,93,116,15,33,88,39"/><V17/><F114/><W77/><G116/><T82/><D113/><U103/><E112/><V92/><F106/><W107/><G107/><T121/><D121/><U66/><E66/><V133/><F1/><W8/><G122/><T83/><D38/><U131/><E42/><V52/><F133/><W86/><G39/><T20/><D119/><U45/><E131/><V29/><F78/><W68/><G127/><T10/><D109/><U104/><E103/><V50/><F70/><W118/><G118/><T105/><D105/><U65/><E6/><V80/><F80/><W23/><G23/><T123/><D123/><U115/><E115/><V7/><F7/><W19/><G77/><T135/><D135/><U16/><E120/><V84/><F18/><W129/><G129/><T28/><D59/><N who="2" m="22602" /><F67/><W111/><G111/><T46/><D46/><U126/><E126/><V100/><F100/><W81/><G54/><T43/><D43/><U36/><E36/><V134/><F134/><W61/><G61/><T124/><D124/><U2/><E2/><V9/><F9/><W64/><REACH who="3" step="1"/><G69/><REACH who="3" ten="190,318,260,222" step="2"/><T22/><D11/><U25/><E104/><V71/><F71/><W98/><AGARI ba="0,1" hai="8,15,19,33,35,62,64,68,81,86,88,90,93,98" machi="98" ten="20,12000,2" yaku="1,1,2,1,0,1,7,1,52,1,54,1,53,0" doraHai="14" doraHaiUra="34" who="3" fromWho="3" sc="190,-30,318,-30,260,-60,222,130" /><INIT seed="3,0,0,5,4,21" ten="160,288,200,352" oya="3" hai0="103,69,46,96,115,75,28,31,20,66,100,105,81" hai1="131,132,16,134,56,36,50,110,55,80,58,116,45" hai2="99,38,15,34,11,18,91,24,90,26,30,102,135" hai3="6,112,74,13,8,17,48,88,130,89,97,10,79"/><W51/><G112/><T32/><D115/><U126/><E110/><V3/><F135/><N who="1" m="51753" /><E126/><V41/><F38/><W54/><G130/><T40/><D103/><U120/><E120/><V101/><F41/><W61/><G61/><N who="0" m="40143" /><D20/><U118/><E131/><V127/><F127/><W109/><G109/><T52/><D52/><N who="1" m="29775" /><E36/><V71/><F71/><W57/><G51/><T133/><D28/><U122/><E122/><V124/><F124/><W62/><G62/><T70/><D70/><U53/><E80/><V1/><F102/><W5/><G97/><T60/><D60/><N who="1" m="35855" /><E16/><V72/><F72/><W119/><G17/><T4/><D4/><U107/><E107/><V29/><F1/><W73/><G73/><T92/><D92/><U85/><E85/><V35/><F3/><W113/><G113/><T37/><D133/><U86/><E86/><V83/><F83/><W9/><G74/><T111/><D111/><U33/><E33/><V94/><AGARI ba="0,0" hai="11,15,18,24,26,29,30,34,35,90,91,94,99,101" machi="94" ten="20,8000,1" yaku="0,1,7,1,9,1,52,2" doraHai="21" who="2" fromWho="2" sc="160,-20,288,-20,200,80,352,-40" /><INIT seed="4,0,0,4,5,73" ten="140,268,280,312" oya="0" hai0="121,91,68,26,4,7,100,65,129,89,123,103,80" hai1="90,105,93,135,88,30,49,69,112,38,39,107,1" hai2="110,41,60,12,27,62,51,108,97,32,86,124,5" hai3="18,122,19,56,20,75,8,31,24,118,131,15,53"/><T21/><D121/><U58/><E69/><V70/><F124/><W117/><G131/><T79/><D123/><U84/><E1/><V33/><F97/><W94/><G122/><T23/><D129/><U36/><E135/><V14/><F70/><W85/><G75/><T113/><D113/><U66/><E112/><V45/><F108/><W47/><G47/><T133/><D133/><U11/><E11/><V43/><F110/><W74/><G74/><T37/><D37/><U13/><E13/><V96/><F96/><W106/><G106/><T81/><D68/><U132/><E132/><V42/><F32/><W61/><G94/><T127/><D65/><U59/><E30/><V0/><F0/><W29/><REACH who="3" step="1"/><G85/><REACH who="3" ten="140,268,280,302" step="2"/><T125/><REACH who="0" step="1"/><D26/><REACH who="0" ten="130,268,280,302" step="2"/><U82/><E66/><V52/><F27/><W77/><G77/><AGARI ba="0,2" hai="4,7,21,23,77,79,80,81,89,91,100,103,125,127" machi="77" ten="25,24000,3" yaku="1,1,2,1,22,2,52,2,53,2" doraHai="73" doraHaiUra="16" who="0" fromWho="3" sc="130,260,268,0,280,0,302,-240" /><INIT seed="4,1,0,5,3,15" ten="390,268,280,62" oya="0" hai0="125,59,70,135,34,119,130,51,127,18,32,96,4" hai1="22,10,44,99,123,91,118,11,120,117,17,54,66" hai2="8,92,128,68,63,12,67,64,33,122,110,14,81" hai3="75,95,58,106,43,24,42,86,78,85,37,19,121"/><T52/><D119/><N who="1" m="45579" /><E91/><V105/><F122/><N who="1" m="46633" /><E66/><V102/><F110/><W47/><G121/><T71/><D130/><U13/><E54/><V79/><F128/><W104/><G75/><T90/><D135/><U101/><E44/><V35/><F105/><W100/><G43/><T73/><D73/><U62/><E62/><V107/><F107/><W84/><G78/><T134/><D134/><U7/><E99/><V38/><F38/><W115/><G115/><T6/><D90/><U30/><E101/><V41/><F14/><W0/><G0/><T109/><D96/><U97/><E97/><V29/><F29/><W89/><G100/><T132/><D109/><U5/><E30/><V39/><F64/><W23/><G106/><T129/><D129/><U16/><E17/><V61/><F61/><W48/><REACH who="3" step="1"/><G104/><REACH who="3" ten="390,268,280,52" step="2"/><T83/><D132/><U56/><E56/><V21/><F102/><W26/><G26/><T25/><D25/><U46/><E46/><V98/><F41/><W36/><G36/><T131/><D59/><U3/><E3/><V31/><F39/><W40/><G40/><T111/><D131/><U126/><E126/><V103/><F79/><W1/><G1/><T49/><D127/><U113/><E113/><V88/><F103/><W60/><G60/><T50/><D125/><U53/><E53/><AGARI ba="1,1" hai="19,23,24,37,42,47,48,53,58,84,85,86,89,95" machi="53" ten="40,2600,0" yaku="1,1,52,1,53,0" doraHai="15" doraHaiUra="76" who="3" fromWho="1" sc="390,0,268,-29,280,0,52,39" /><INIT seed="5,0,0,1,2,19" ten="390,239,280,91" oya="1" hai0="101,61,97,25,30,130,109,132,40,117,5,15,87" hai1="38,33,108,60,13,74,94,50,68,52,98,10,75" hai2="63,89,65,11,91,110,21,36,18,8,28,1,133" hai3="125,48,119,79,44,120,39,113,2,124,22,106,32"/><U24/><E108/><V123/><F123/><W66/><G120/><T114/><D117/><U67/><E38/><V122/><F110/><W78/><G2/><T0/><D109/><U3/><E3/><V34/><F36/><W129/><G32/><T46/><D130/><U115/><E115/><V26/><F122/><W45/><G106/><T100/><D114/><U99/><E24/><V20/><F133/><W23/><G113/><T6/><D0/><U84/><E84/><V126/><F126/><N who="3" m="48747" /><G66/><T105/><D101/><U43/><E43/><V17/><F34/><W90/><G90/><N who="2" m="34313" /><F1/><W42/><G129/><T112/><D15/><U116/><E33/><V95/><F95/><W16/><G119/><T56/><D87/><U104/><E104/><V121/><F121/><W7/><G7/><T107/><D132/><U51/><E51/><V88/><F88/><W82/><G16/><N who="2" m="6249" /><F21/><N who="3" m="7691" /><G82/><T80/><D107/><U62/><E116/><V103/><F103/><W57/><G57/><AGARI ba="0,0" hai="8,11,20,26,28,57,63,65" m="6249,34313" machi="57" ten="30,3900,0" yaku="8,1,52,1,54,1" doraHai="19" who="2" fromWho="3" sc="390,0,239,0,280,39,91,-39" /><INIT seed="6,0,0,3,2,47" ten="390,239,319,52" oya="2" hai0="114,19,48,76,31,106,83,49,28,118,68,128,77" hai1="8,134,2,53,96,104,35,115,39,20,32,88,84" hai2="86,121,15,22,135,113,58,7,33,43,9,0,103" hai3="37,17,109,12,125,30,29,126,91,61,112,42,129"/><V92/><F121/><W34/><G109/><T120/><D120/><U52/><E115/><V131/><F113/><W100/><G112/><T132/><D114/><U117/><E134/><V21/><F135/><W63/><G100/><T64/><D132/><U85/><E39/><V123/><F123/><W41/><G91/><T36/><D36/><U27/><E117/><V122/><F131/><W11/><G37/><T66/><D106/><U65/><E65/><V67/><F122/><W82/><G82/><T72/><D128/><U13/><E2/><V74/><F74/><W56/><G129/><T38/><D38/><U10/><E84/><V105/><F33/><W62/><G56/><T94/><D77/><U54/><E96/><V4/><F105/><W26/><REACH who="3" step="1"/><G30/><REACH who="3" ten="390,239,319,42" step="2"/><T79/><D31/><U93/><E104/><V80/><F103/><W119/><G119/><T78/><D28/><U71/><E71/><V24/><F80/><W57/><G57/><T44/><D68/><U101/><E101/><V55/><F58/><W23/><G23/><T133/><D133/><U59/><E59/><V18/><F21/><W108/><G108/><T50/><D118/><U116/><E116/><V40/><F22/><W45/><G45/><T75/><D44/><U89/><E89/><V46/><F46/><W81/><G81/><N who="0" m="45191" /><D78/><U69/><E69/><V99/><F67/><N who="0" m="25642" /><D94/><U6/><REACH who="1" step="1"/><E10/><REACH who="1" ten="390,229,319,42" step="2"/><V16/><F9/><W90/><G90/><T130/><D130/><U98/><E98/><V110/><F99/><W95/><G95/><T3/><D79/><U5/><E5/><V127/><F7/><RYUUKYOKU ba="0,2" sc="390,-15,229,15,319,-15,42,15" hai1="6,8,13,20,27,32,35,52,53,54,85,88,93" hai3="11,12,17,26,29,34,41,42,61,62,63,125,126" /><INIT seed="7,1,2,1,0,24" ten="375,244,304,57" oya="3" hai0="22,65,62,8,40,101,19,0,135,88,60,10,110" hai1="76,112,39,54,50,43,127,82,113,49,27,28,72" hai2="14,81,115,99,15,84,114,104,100,71,46,26,107" hai3="17,66,6,124,30,69,125,105,98,11,67,119,129"/><W64/><G119/><T86/><D110/><U106/><E127/><N who="3" m="48714" /><G129/><T29/><D135/><U132/><E132/><V70/><F107/><W92/><G17/><T78/><D0/><U18/><E106/><V61/><F46/><W41/><G105/><T47/><D78/><U94/><E18/><V5/><F5/><W20/><G41/><T102/><D29/><U53/><E94/><V103/><F103/><N who="0" m="39434" /><D47/><U2/><E2/><V87/><F26/><N who="3" m="16711" /><G69/><T108/><D108/><U9/><E9/><N who="0" m="3689" /><D65/><N who="3" m="16641" /><W58/><DORA hai="118" /><G58/><T111/><D40/><U73/><E43/><V79/><F71/><W116/><G116/><T90/><D111/><U12/><E12/><V130/><F70/><W21/><G21/><T32/><D32/><U83/><E50/><V120/><F130/><W33/><G33/><T1/><D1/><U42/><E49/><V44/><F15/><N who="3" m="5623" /><G92/><T55/><D55/><U59/><E42/><V96/><F104/><W63/><G98/><T75/><D75/><U91/><E59/><V38/><F99/><W23/><G23/><T121/><D62/><AGARI ba="1,2" hai="62,63" m="5623,16641,16711,48714" machi="62" ten="40,3900,0" yaku="18,1,52,1" doraHai="24,118" who="3" fromWho="0" sc="375,-42,244,0,304,0,57,62" /><INIT seed="7,2,0,1,3,17" ten="333,244,304,119" oya="3" hai0="42,123,52,120,100,47,21,121,97,68,2,99,31" hai1="112,96,76,83,134,8,122,114,94,106,29,135,37" hai2="125,5,93,89,130,91,131,50,104,13,110,46,3" hai3="119,57,87,102,132,11,32,95,79,7,105,59,48"/><W84/><G32/><T128/><D2/><U71/><E29/><V64/><F110/><W63/><G119/><T133/><D68/><U66/><E8/><N who="2" m="4239" /><F104/><W51/><G132/><N who="1" m="50730" /><E37/><V77/><F3/><W67/><G105/><T1/><D1/><U115/><E66/><V41/><F77/><W80/><G59/><T113/><D133/><U30/><E30/><V45/><F64/><W72/><G72/><T82/><D100/><N who="1" m="60439" /><E71/><V81/><F81/><W22/><G22/><T53/><D82/><U109/><E106/><V107/><F107/><W108/><G108/><T90/><D53/><U75/><E109/><V56/><F93/><W24/><G24/><T43/><D90/><U101/><E101/><V26/><F56/><W36/><G36/><T0/><D0/><U117/><E117/><V18/><F46/><W44/><G44/><T39/><D47/><U118/><E118/><V54/><F54/><W92/><G92/><T74/><D52/><U38/><E38/><V85/><F45/><W88/><REACH who="3" step="1"/><G102/><REACH who="3" ten="333,244,304,109" step="2"/><T73/><D39/><U9/><E9/><V61/><F26/><W127/><G127/><T70/><D70/><U60/><E60/><V12/><F61/><W15/><AGARI ba="2,1" hai="7,11,15,48,51,57,63,67,79,80,84,87,88,95" machi="15" ten="20,12000,1" yaku="1,1,0,1,7,1,8,1,54,1,53,0" doraHai="17" doraHaiUra="27" who="3" fromWho="3" sc="333,-42,244,-42,304,-42,109,136" /><INIT seed="7,3,0,5,5,115" ten="291,202,262,245" oya="3" hai0="28,50,32,73,131,17,3,9,34,66,102,33,10" hai1="41,80,103,86,84,117,56,114,46,5,74,59,24" hai2="30,40,79,8,67,53,69,100,98,93,63,19,61" hai3="51,128,26,119,60,21,88,6,106,45,108,121,107"/><W130/><G121/><T44/><D73/><U27/><E114/><V126/><F126/><W52/><G119/><T77/><D66/><U12/><E103/><V101/><F30/><N who="3" m="17743" /><G6/><T11/><D77/><U31/><E74/><V135/><F135/><W47/><G47/><T124/><D102/><U35/><E117/><V96/><F40/><W85/><G60/><T54/><D124/><U89/><E27/><V25/><F79/><W29/><G29/><T68/><D68/><U83/><E12/><V57/><F8/><W75/><G75/><T132/><D132/><U43/><E5/><V95/><F25/><W91/><G108/><T55/><D131/><N who="3" m="50217" /><G91/><T81/><D3/><U87/><E41/><V13/><F13/><W99/><G99/><T15/><D28/><U122/><E122/><V112/><F112/><W97/><G97/><T7/><D7/><U72/><E72/><V4/><F4/><W23/><G23/><T64/><D64/><U38/><REACH who="1" step="1"/><E86/><REACH who="1" ten="291,192,262,245" step="2"/><V70/><F19/><W116/><G116/><T82/><D17/><U37/><E37/><V36/><F36/><W58/><G45/><T127/><D127/><U133/><E133/><V105/><F105/><W110/><G110/><T129/><D129/><U14/><E14/><V18/><F18/><W0/><G0/><T1/><D15/><U65/><E65/><V104/><F104/><W39/><G39/><T2/><D2/><U62/><E62/><V49/><F63/><W134/><G134/><T76/><D1/><U78/><AGARI ba="3,1" hai="24,31,35,38,43,46,56,59,78,80,83,84,87,89" machi="78" ten="20,2700,0" yaku="1,1,0,1,7,1,53,0" doraHai="115" doraHaiUra="118" who="1" fromWho="1" sc="291,-10,192,46,262,-10,245,-16" /><INIT seed="8,0,0,1,1,127" ten="281,238,252,229" oya="0" hai0="18,117,80,71,94,53,109,35,119,115,30,69,57" hai1="51,21,48,104,46,11,40,3,49,86,68,58,22" hai2="15,120,54,59,2,107,106,73,100,75,116,122,45" hai3="128,101,9,37,83,125,5,25,87,41,91,29,8"/><T78/><D115/><U28/><E104/><V47/><F2/><W23/><G125/><T0/><D0/><U103/><E68/><V26/><F15/><W82/><G101/><T114/><D114/><U131/><E131/><V32/><F26/><W56/><G128/><T113/><D113/><U76/><E103/><V112/><F112/><W17/><G37/><T123/><D123/><U60/><E28/><V19/><F19/><W20/><G41/><T85/><D109/><U90/><E76/><V42/><F32/><W79/><G56/><T16/><D71/><U24/><E11/><V43/><F100/><W121/><G121/><T31/><D69/><U99/><E99/><V62/><F59/><W92/><G5/><T98/><D117/><U6/><E6/><V64/><F54/><W67/><G67/><T55/><D55/><U95/><E3/><V111/><F64/><W97/><REACH who="3" step="1"/><G83/><REACH who="3" ten="281,238,252,219" step="2"/><T14/><D119/><U4/><E4/><V33/><F116/><W50/><G50/><N who="1" m="19562" /><E24/><AGARI ba="0,1" hai="8,9,17,20,23,24,25,29,79,82,87,91,92,97" machi="24" ten="30,3900,0" yaku="1,1,7,1,8,1,53,0" doraHai="127" doraHaiUra="126" who="3" fromWho="1" sc="281,0,238,-39,252,0,219,49" /><INIT seed="9,0,0,2,0,73" ten="281,199,252,268" oya="1" hai0="30,49,37,104,36,20,31,135,13,41,91,39,57" hai1="44,68,94,134,52,38,118,80,25,124,122,85,66" hai2="17,1,123,103,83,19,9,75,2,28,47,108,116" hai3="100,64,88,5,115,95,67,98,113,105,111,18,110"/><U117/><E122/><V71/><F123/><W63/><G5/><T84/><D104/><U96/><E134/><V93/><F108/><W33/><G33/><T81/><D135/><U72/><E124/><V112/><F71/><W128/><G67/><T53/><D41/><N who="1" m="22583" /><E72/><V65/><F65/><W11/><G11/><T69/><D69/><U131/><E131/><V21/><F28/><W46/><G46/><T79/><REACH who="0" step="1"/><D91/><REACH who="0" ten="271,199,252,268" step="2"/><N who="1" m="55391" /><E25/><V74/><F112/><W129/><G113/><T99/><D99/><U10/><E10/><V101/><F9/><W51/><G115/><T106/><D106/><U70/><E66/><V59/><F103/><W0/><G110/><T114/><D114/><U77/><E52/><V86/><F101/><W60/><G111/><T45/><D45/><U14/><E14/><V23/><F47/><W97/><G64/><T90/><D90/><U54/><E54/><V48/><F2/><W27/><G0/><T102/><D102/><U12/><E12/><V32/><F1/><W4/><G105/><T34/><D34/><U121/><E121/><V3/><F32/><W119/><G100/><T56/><D56/><U82/><E82/><V120/><F83/><W109/><G88/><T7/><D7/><U29/><E29/><V15/><F3/><W26/><G4/><T125/><D125/><U78/><E78/><V43/><F120/><W132/><G109/><T92/><D92/><U89/><E89/><N who="2" m="53431" /><F43/><W126/><G132/><T42/><D42/><U87/><E87/><V8/><F15/><W55/><G126/><T76/><D76/><U61/><E61/><RYUUKYOKU ba="0,1" sc="271,15,199,15,252,-15,268,-15" hai0="13,20,30,31,36,37,39,49,53,57,79,81,84" hai1="68,70,77,80,85,117,118" /><INIT seed="9,1,1,0,1,122" ten="286,214,237,253" oya="1" hai0="110,70,65,71,17,7,96,41,38,121,132,47,4" hai1="51,61,24,46,55,13,95,10,112,109,84,97,119" hai2="93,128,102,108,2,107,6,115,134,68,73,131,101" hai3="114,20,120,63,11,29,37,91,106,16,5,19,103"/><U76/><E119/><V36/><RYUUKYOKU type="yao9" ba="1,1" sc="286,0,214,0,237,0,253,0" hai2="2,6,36,68,73,93,101,102,107,108,115,128,131,134" /><INIT seed="9,2,1,3,1,90" ten="286,214,237,253" oya="1" hai0="51,128,6,30,34,107,27,52,92,73,116,20,123" hai1="81,127,14,29,95,135,24,17,50,42,69,122,49" hai2="36,70,47,57,106,11,65,12,61,91,94,115,45" hai3="4,77,58,111,85,55,26,86,32,88,131,113,71"/><U37/><E122/><V3/><F106/><W46/><G111/><T40/><D107/><U25/><E69/><V72/><F3/><W33/><G71/><T0/><D116/><U60/><E135/><V22/><F72/><W2/><G113/><T101/><D73/><U9/><E127/><V66/><F115/><W31/><G33/><T64/><D123/><U82/><E42/><V44/><F36/><W56/><G131/><T100/><D40/><U124/><E37/><V104/><F104/><W38/><G38/><T18/><D64/><U13/><E60/><V62/><F22/><W68/><G68/><T103/><D6/><N who="1" m="3255" /><E124/><V5/><REACH who="2" step="1"/><F44/><REACH who="2" ten="286,214,227,253" step="2"/><W19/><G46/><T75/><D0/><U43/><E43/><V1/><F1/><W67/><G2/><T125/><D75/><U7/><E29/><V16/><F16/><W129/><G19/><T76/><D125/><U48/><E7/><V23/><F23/><W78/><G4/><T114/><D114/><U134/><E134/><V99/><AGARI ba="2,2" hai="5,11,12,45,47,57,61,62,65,66,70,91,94,99" machi="99" ten="20,8000,1" yaku="1,1,0,1,7,1,52,1,53,1" doraHai="90" doraHaiUra="89" who="2" fromWho="2" sc="286,-22,214,-42,227,106,253,-22" owari="264,6.0,172,-33.0,333,44.0,231,-17.0" /></mjloggm>