<mjloggm ver="2.3"><GO type="169" lobby="0"/><UN n0="%66%69%63%74%69%6F%6E" n1="%E3%81%A8%E3%82%82%E3%81%BE%E3%81%95" n2="%E3%81%91%E3%82%93%E3%81%BC" n3="%61%6B%69%62%61%62%61%6E" dan="16,16,16,16" rate="2026.80,2172.06,2054.62,2102.03" sx="M,M,M,M"/><TAIKYOKU oya="0"/><INIT seed="0,0,0,3,3,59" ten="250,250,250,250" oya="0" hai0="54,90,60,71,76,105,40,124,128,83,111,3,50" hai1="112,16,93,37,66,11,14,96,48,55,101,1,27" hai2="121,95,57,5,72,74,23,118,13,82,92,94,49" hai3="58,42,4,52,73,106,68,45,26,117,51,113,22"/><T2/><D105/><U97/><E37/><V70/><F121/><W0/><G117/><T133/><D124/><U116/><E116/><V65/><F118/><W122/><G113/><T109/><D128/><U12/><E1/><V6/><F70/><W7/><G106/><T134/><D90/><U120/><E120/><V44/><F82/><W80/><G68/><T131/><D131/><U21/><E112/><V98/><F98/><W47/><G122/><T24/><D24/><U129/><E129/><V30/><F74/><W107/><G45/><N who="0" m="25895" /><D2/><U62/><E97/><V25/><F13/><W18/><G107/><T102/><D102/><U46/><REACH who="1" step="1"/><E11/><REACH who="1" ten="250,240,250,250" step="2"/><V34/><F72/><W114/><G114/><T31/><D3/><U77/><E77/><V119/><F119/><W87/><G73/><N who="0" m="43407" /><D31/><U79/><E79/><V20/><F34/><W88/><G0/><T38/><D38/><AGARI ba="0,1" hai="4,7,18,22,26,38,42,47,51,52,58,80,87,88" machi="38" ten="30,3900,0" yaku="7,1,54,2" doraHai="59" who="3" fromWho="0" sc="250,-39,240,0,250,0,250,49" /><INIT seed="1,0,0,5,5,21" ten="211,240,250,299" oya="1" hai0="79,113,49,98,108,91,134,46,51,82,119,37,20" hai1="57,129,116,12,7,1,74,48,93,11,99,111,50" hai2="47,10,128,45,123,130,31,55,58,109,67,85,33" hai3="18,38,43,76,71,94,64,39,16,36,2,75,13"/><U4/><E116/><V104/><F123/><W80/><G2/><T32/><D119/><U23/><E74/><V115/><F104/><W87/><G43/><T61/><D32/><U100/><E129/><N who="2" m="49771" /><F67/><W19/><G71/><T107/><D107/><BYE who="0" /><U124/><E124/><V106/><F106/><W101/><G64/><T132/><D132/><U44/><E111/><UN n0="%66%69%63%74%69%6F%6E" /><V3/><F109/><W95/><G95/><T60/><D108/><U117/><E117/><V35/><F115/><W84/><REACH who="3" step="1"/><G13/><REACH who="3" ten="211,240,250,289" step="2"/><T102/><D134/><U90/><E1/><V133/><F133/><W0/><G0/><T52/><D113/><U14/><E12/><V15/><F3/><W40/><G40/><T24/><D37/><U103/><E14/><V17/><F15/><W59/><G59/><N who="0" m="33183" /><D102/><U54/><E100/><V92/><F58/><W34/><G34/><T27/><D82/><U5/><E103/><V105/><F35/><W56/><G56/><T22/><D46/><U88/><E44/><V97/><F47/><W96/><AGARI ba="0,1" hai="16,18,19,36,38,39,75,76,80,84,87,94,96,101" machi="96" ten="40,8000,1" yaku="1,1,0,1,54,1,53,1" doraHai="21" doraHaiUra="78" who="3" fromWho="3" sc="211,-20,240,-40,250,-20,289,90" /><INIT seed="2,0,0,0,0,21" ten="191,200,230,379" oya="2" hai0="111,47,72,1,55,30,57,33,75,62,106,41,9" hai1="17,51,127,52,18,22,68,53,108,117,69,98,101" hai2="105,129,29,58,102,70,14,61,123,103,89,124,93" hai3="109,36,50,131,45,99,130,3,92,87,19,5,56"/><V115/><F115/><W114/><G109/><T84/><D111/><U116/><E127/><V135/><F123/><W100/><G114/><T26/><D106/><U7/><E7/><V23/><F124/><W76/><G36/><T34/><D34/><U15/><E108/><V24/><F70/><W63/><G5/><T25/><D1/><U16/><E69/><V8/><F105/><W73/><G3/><T59/><D9/><U60/><E18/><N who="2" m="8519" /><F135/><W44/><G73/><T86/><D59/><U110/><E110/><V65/><F129/><N who="3" m="49163" /><G19/><T125/><D125/><U80/><E80/><V97/><AGARI ba="0,0" hai="23,24,29,58,61,65,89,93,97,102,103" m="8519" machi="97" ten="30,3000,0" yaku="8,1,52,1" doraHai="21" who="2" fromWho="2" sc="191,-10,200,-10,230,30,379,-10" /><INIT seed="2,1,0,1,3,83" ten="181,190,260,369" oya="2" hai0="46,113,134,84,50,1,10,54,37,63,8,121,86" hai1="6,97,58,65,51,71,45,52,70,27,133,57,98" hai2="78,20,92,3,16,5,126,35,128,103,102,116,80" hai3="44,53,32,108,39,120,60,77,123,15,31,59,135"/><V25/><F116/><W19/><G108/><T55/><D113/><U61/><E6/><V125/><F128/><W88/><G135/><T40/><D121/><U82/><E133/><V56/><F35/><W111/><G111/><T100/><D134/><U29/><E82/><V79/><F79/><W114/><G114/><T2/><D100/><U85/><E85/><N who="0" m="32873" /><D1/><U122/><E122/><V74/><F92/><W81/><G39/><T24/><D37/><U127/><E127/><N who="2" m="48651" /><F56/><W49/><G31/><T72/><D72/><U30/><E30/><V73/><F74/><W110/><G32/><T62/><D2/><U101/><E70/><V23/><F23/><W22/><G110/><T33/><D24/><U64/><E64/><V99/><F99/><W12/><G12/><T106/><D106/><U93/><REACH who="1" step="1"/><E98/><REACH who="1" ten="181,180,260,369" step="2"/><V11/><AGARI ba="1,1" hai="3,5,11,16,20,25,73,78,80,102,103" m="48651" machi="11" ten="30,3000,0" yaku="18,1,54,1" doraHai="83" who="2" fromWho="2" sc="181,-11,180,-11,260,43,369,-11" /><INIT seed="2,2,0,0,0,88" ten="170,169,303,358" oya="2" hai0="111,76,30,44,17,91,46,14,131,109,36,113,29" hai1="118,16,122,55,104,134,25,1,59,97,86,120,20" hai2="19,0,83,54,85,78,114,23,99,48,94,107,74" hai3="69,101,63,77,11,42,38,119,26,58,5,72,21"/><V81/><F114/><W49/><G69/><T31/><D113/><U75/><E75/><V117/><F117/><W32/><G32/><T126/><D131/><U82/><E1/><V100/><F0/><W4/><G38/><T62/><D126/><U33/><E33/><V73/><F83/><W22/><G72/><T108/><D76/><U39/><E39/><V96/><F96/><W105/><G77/><T132/><D132/><U15/><E118/><V24/><REACH who="2" step="1"/><F107/><REACH who="2" ten="170,169,293,358" step="2"/><W34/><G105/><T110/><D110/><U93/><E104/><V95/><F95/><W128/><G119/><T135/><D111/><U125/><E134/><V70/><F70/><W103/><G128/><T89/><D135/><U65/><E125/><V40/><F40/><W27/><G42/><T84/><D109/><U106/><E106/><V52/><F52/><W102/><G102/><T68/><D108/><U92/><E97/><V10/><F10/><W18/><G11/><T66/><D68/><U28/><E65/><V12/><F12/><W8/><G8/><T3/><D3/><U87/><E120/><V47/><AGARI ba="2,1" hai="19,23,24,47,48,54,73,74,78,81,85,94,99,100" machi="47" ten="20,7800,0" yaku="1,1,0,1,7,1,52,1,53,0" doraHai="88" doraHaiUra="127" who="2" fromWho="2" sc="170,-28,169,-28,293,94,358,-28" /><INIT seed="2,3,0,0,5,100" ten="142,141,387,330" oya="2" hai0="133,51,103,60,11,90,61,58,85,4,47,36,50" hai1="40,119,13,111,114,30,26,92,56,21,87,78,27" hai2="55,12,49,20,54,22,122,10,64,93,130,70,81" hai3="65,43,105,35,9,72,101,97,95,96,16,104,29"/><V80/><F122/><W7/><G72/><T67/><D133/><U110/><E114/><V2/><F2/><W86/><G43/><T106/><D36/><U19/><E40/><V62/><F130/><W34/><G65/><T73/><D73/><U121/><E56/><V98/><F55/><W5/><G86/><T28/><D28/><U18/><E119/><V124/><F124/><W134/><G134/><T1/><D47/><U107/><E107/><V32/><F32/><W15/><G35/><T84/><D84/><U120/><E92/><V76/><F81/><W69/><G69/><T45/><D60/><U82/><E26/><V126/><F126/><W118/><G118/><T108/><D45/><U14/><E14/><V8/><F80/><W91/><REACH who="3" step="1"/><G105/><REACH who="3" ten="142,141,387,320" step="2"/><T24/><D106/><U127/><E127/><V33/><F33/><W42/><G42/><T37/><D85/><U77/><E77/><V112/><F76/><W128/><G128/><T129/><D67/><U89/><E78/><V135/><F135/><W74/><G74/><T66/><D66/><U17/><REACH who="1" step="1"/><E13/><REACH who="1" ten="142,131,387,320" step="2"/><V71/><F12/><W39/><G39/><T68/><D37/><U38/><E38/><V63/><F71/><W109/><G109/><AGARI ba="3,2" hai="17,18,19,21,27,30,82,87,89,109,110,111,120,121" machi="109" ten="40,2600,0" yaku="1,1,14,1,53,0" doraHai="100" doraHaiUra="115" who="1" fromWho="3" sc="142,0,131,55,387,0,320,-35" /><INIT seed="3,0,0,0,4,30" ten="142,186,387,285" oya="3" hai0="18,99,134,44,135,55,23,74,128,75,67,25,124" hai1="115,71,20,92,16,60,47,105,26,38,127,53,90" hai2="119,76,24,107,73,66,17,9,108,72,131,40,56" hai3="97,27,4,29,1,58,87,22,114,50,117,28,82"/><W11/><G114/><T7/><D128/><U51/><E127/><V69/><F40/><W110/><G117/><T80/><D124/><U3/><E105/><V81/><F69/><W94/><G110/><T46/><D67/><U121/><E121/><V78/><F107/><W10/><G10/><T126/><D126/><U45/><E3/><V34/><F131/><W48/><G29/><T0/><D99/><U123/><E123/><V98/><F98/><W70/><G70/><T6/><D46/><U132/><E132/><N who="0" m="50729" /><D80/><U88/><E115/><V95/><F81/><W100/><REACH who="3" step="1"/><G58/><REACH who="3" ten="142,186,387,275" step="2"/><T129/><D129/><U63/><E71/><V83/><F56/><W96/><G96/><T93/><D6/><U64/><E45/><V54/><F119/><W31/><G31/><T104/><D7/><U57/><E38/><V89/><F108/><W102/><G102/><T32/><D44/><U122/><E122/><V103/><F103/><W14/><G14/><T130/><D0/><U120/><E120/><V19/><F9/><W62/><G62/><T91/><D130/><U42/><E63/><V36/><F24/><W109/><G109/><T12/><D25/><U2/><E2/><V116/><F116/><W43/><G43/><T125/><D12/><U77/><E42/><V61/><F61/><W65/><G65/><T49/><D125/><U35/><E64/><V13/><F66/><W86/><G86/><T111/><D111/><U112/><E112/><V33/><F13/><W39/><G39/><T37/><D37/><U118/><E118/><V8/><F36/><W133/><G133/><RYUUKYOKU ba="0,1" sc="142,-10,186,-10,387,-10,275,30" hai3="1,4,11,22,27,28,48,50,82,87,94,97,100" /><INIT seed="3,1,1,2,5,76" ten="132,176,377,305" oya="3" hai0="26,2,132,28,77,94,129,13,10,91,103,37,68" hai1="25,93,22,43,31,102,110,20,133,71,106,121,58" hai2="116,27,0,86,128,83,125,101,105,113,1,53,39" hai3="82,23,127,122,48,112,92,81,135,3,78,126,119"/><W42/><G112/><T34/><D68/><U36/><E71/><V6/><F113/><W61/><G119/><T52/><D37/><U66/><E106/><V114/><F114/><W54/><G122/><T87/><D132/><U134/><E43/><V18/><F116/><W7/><G78/><T107/><D129/><U62/><E36/><V111/><F128/><W21/><G135/><T5/><D77/><U40/><E40/><V100/><F39/><W29/><G92/><T4/><D103/><U74/><E74/><V14/><F111/><W45/><G7/><T84/><D107/><U59/><E110/><V11/><F125/><N who="3" m="47627" /><G3/><T64/><D64/><U63/><E121/><V69/><F69/><W75/><G75/><T60/><D87/><U124/><E124/><V50/><F105/><W12/><G23/><T57/><REACH who="0" step="1"/><D2/><REACH who="0" ten="122,176,377,305" step="2"/><U80/><E133/><V65/><F1/><W108/><G108/><T33/><D33/><U46/><E134/><V41/><F0/><W97/><G97/><T123/><D123/><U9/><E66/><V38/><F65/><W47/><G61/><T16/><AGARI ba="1,2" hai="4,5,10,13,16,26,28,34,52,57,60,84,91,94" machi="16" ten="20,8000,1" yaku="1,1,0,1,7,1,54,2,53,0" doraHai="76" doraHaiUra="70" who="0" fromWho="0" sc="122,103,176,-21,377,-21,305,-41" /><INIT seed="4,0,0,4,1,76" ten="225,155,356,264" oya="0" hai0="65,0,55,42,133,35,98,121,135,110,17,64,53" hai1="46,99,101,39,82,117,8,24,116,33,1,66,18" hai2="122,113,130,86,47,95,90,75,120,9,19,108,3" hai3="48,105,72,52,44,70,88,132,77,119,74,36,79"/><T91/><D121/><U134/><E134/><N who="0" m="51209" /><D35/><U22/><E66/><N who="0" m="25705" /><D0/><U114/><E46/><V106/><F108/><W61/><G70/><T81/><D110/><U50/><E39/><V83/><F113/><W124/><G119/><T59/><D42/><U112/><E50/><V125/><F125/><W73/><G132/><T45/><D17/><U31/><E82/><V60/><F130/><W103/><G61/><T111/><D111/><U96/><E96/><V57/><F47/><W13/><G36/><T115/><D115/><N who="1" m="44075" /><E99/><V20/><F106/><W97/><G124/><T29/><D29/><U128/><E101/><V7/><F75/><W94/><REACH who="3" step="1"/><G13/><REACH who="3" ten="225,155,356,254" step="2"/><T84/><D59/><U5/><E128/><V26/><F120/><W102/><G102/><T41/><D98/><AGARI ba="0,1" hai="44,48,52,72,73,74,77,79,88,94,97,98,103,105" machi="98" ten="40,8000,1" yaku="1,1,54,2,53,1" doraHai="76" doraHaiUra="100" who="3" fromWho="0" sc="225,-80,155,0,356,0,254,90" /><INIT seed="5,0,0,3,0,31" ten="145,155,356,344" oya="1" hai0="61,14,86,83,132,90,92,124,5,15,76,55,103" hai1="135,77,28,75,97,16,123,87,47,45,9,59,113" hai2="131,10,32,49,98,93,105,56,91,26,41,64,99" hai3="133,17,65,104,101,115,3,13,120,80,74,54,71"/><U72/><E123/><V40/><F131/><W73/><G120/><T42/><D132/><U38/><E28/><V95/><F105/><W121/><G121/><T107/><D124/><U109/><E113/><V62/><F32/><W100/><G3/><T30/><D42/><U29/><E29/><V18/><F49/><W22/><G133/><T19/><D30/><U82/><E135/><V50/><F50/><W58/><G71/><T119/><D119/><U44/><E38/><V69/><F69/><W21/><G65/><T117/><D5/><U116/><E116/><V6/><F26/><W96/><G101/><T110/><D110/><U81/><E97/><V67/><F67/><W114/><G21/><T37/><D37/><U106/><E106/><V0/><REACH who="2" step="1"/><F18/><REACH who="2" ten="145,155,346,344" step="2"/><W70/><G70/><T2/><D19/><U112/><E109/><V84/><F84/><W134/><G134/><T118/><D117/><U127/><E127/><V66/><F66/><W8/><G74/><T88/><D118/><U102/><E72/><V52/><F52/><W89/><G73/><T23/><D107/><U85/><E75/><V34/><F34/><W33/><G33/><T78/><D55/><U1/><E16/><V43/><F43/><W4/><G115/><T79/><D86/><U122/><E112/><V111/><F111/><W128/><G114/><T35/><D35/><U11/><E122/><V94/><F94/><W51/><G128/><T108/><D92/><U60/><E85/><V63/><F63/><W20/><G17/><T129/><D108/><U48/><E87/><V25/><F25/><RYUUKYOKU ba="0,1" sc="145,-15,155,-15,346,15,344,15" hai2="0,6,10,40,41,56,62,64,91,93,95,98,99" hai3="4,8,13,20,22,51,54,58,80,89,96,100,104" /><INIT seed="6,1,1,0,0,92" ten="130,140,361,359" oya="2" hai0="33,84,31,135,131,132,21,55,3,72,27,97,111" hai1="118,32,98,103,30,37,67,107,94,114,129,39,41" hai2="6,7,9,115,117,112,121,10,78,8,109,86,43" hai3="91,82,81,19,49,73,45,89,26,12,126,51,59"/><V133/><F117/><W42/><G126/><T85/><D72/><U64/><E114/><N who="2" m="43563" /><F121/><W100/><G26/><N who="0" m="18679" /><D111/><U75/><E75/><V79/><F109/><W77/><G82/><T15/><D3/><U35/><E129/><V88/><F43/><W38/><G100/><T29/><D131/><U93/><E30/><V90/><F133/><N who="0" m="51274" /><D55/><U17/><E17/><V96/><F96/><W46/><G59/><T36/><D36/><U95/><E118/><V58/><F58/><W22/><G38/><T127/><D127/><U13/><E39/><V60/><F60/><W124/><G124/><T102/><D15/><U65/><REACH who="1" step="1"/><E13/><REACH who="1" ten="130,130,361,359" step="2"/><V128/><F128/><W120/><G120/><T57/><D57/><U87/><E87/><V14/><F86/><W125/><G125/><T101/><D101/><U70/><E70/><V40/><F14/><W74/><G74/><T0/><D0/><U66/><N who="1" m="16384" /><DORA hai="130" /><U44/><AGARI ba="1,2" hai="32,35,37,41,44,93,94,95,98,103,107" m="16384" machi="44" ten="50,8000,1" yaku="1,1,4,1,0,1,52,1,53,0" doraHai="92,130" doraHaiUra="20,48" who="1" fromWho="1" sc="130,-21,130,103,361,-41,359,-21" /><INIT seed="7,0,0,3,2,95" ten="109,233,320,338" oya="3" hai0="6,77,78,132,2,63,35,121,72,33,76,65,126" hai1="73,55,127,14,54,4,82,110,41,114,134,107,119" hai2="87,21,40,13,130,43,57,39,70,125,83,129,50" hai3="38,68,7,116,47,135,118,11,26,94,75,67,124"/><W86/><G75/><T12/><D121/><U59/><E110/><V80/><F70/><W18/><G67/><T45/><D132/><U52/><E127/><V16/><F125/><W62/><G124/><T105/><D126/><U81/><E114/><V112/><F39/><W51/><G38/><T8/><D12/><U92/><E107/><V58/><F112/><W104/><G104/><T120/><D120/><U1/><E1/><V97/><F97/><W79/><G135/><T109/><D109/><U3/><E3/><V100/><F100/><W22/><G62/><T29/><D29/><U36/><E59/><N who="2" m="22539" /><F50/><W98/><G68/><T88/><D105/><U10/><E134/><V85/><F85/><W106/><G106/><T31/><D72/><U56/><E56/><V61/><F61/><W113/><G113/><T48/><D63/><U60/><E60/><V0/><F0/><W17/><G17/><T28/><D65/><U23/><E73/><V44/><F44/><W34/><G34/><T122/><D122/><U101/><E23/><V32/><F32/><W133/><G133/><T20/><D20/><U99/><REACH who="1" step="1"/><E119/><REACH who="1" ten="109,223,320,338" step="2"/><V90/><F83/><N who="3" m="47487" /><G118/><T71/><D71/><U42/><E42/><V131/><AGARI ba="0,1" hai="13,16,21,40,43,80,87,90,129,130,131" m="22539" machi="131" ten="40,2700,0" yaku="19,1,54,1" doraHai="95" who="2" fromWho="2" sc="109,-7,223,-7,320,37,338,-13" owari="102,-40.0,216,-18.0,357,45.0,325,13.0" /></mjloggm>