<mjloggm ver="2.3"><GO type="225" lobby="0"/><UN n0="%E5%AE%89%E8%97%A4%E3%82%AB%E3%82%B1%E3%83%AB" n1="%E5%85%AC%E5%8B%99%E5%93%A1%E3%81%8F%E3%82%93" n2="%E7%AD%89%E3%80%85%E5%8A%9B%E5%8A%87%E5%A0%B4" n3="%E3%82%8F%E3%81%A3%E3%81%97%E3%82%87%E3%81%84%E5%90%9B%32%E5%8F%B7" dan="17,17,16,18" rate="2185.54,2131.41,2084.06,2185.96" sx="M,F,M,M"/><TAIKYOKU oya="0"/><INIT seed="0,0,0,2,5,74" ten="250,250,250,250" oya="0" hai0="44,125,23,119,76,36,13,98,1,107,115,18,123" hai1="66,38,89,11,131,130,132,19,79,111,88,77,5" hai2="25,117,34,24,73,124,14,118,95,53,52,27,7" hai3="2,28,108,65,8,78,135,106,122,0,133,114,101"/><T9/><D115/><U71/><E38/><V72/><F34/><W55/><G114/><T31/><D119/><N who="2" m="45578" /><F95/><W62/><G55/><N who="2" m="21065" /><F124/><W104/><G28/><T45/><D125/><U58/><E19/><V63/><F63/><W17/><G17/><T112/><D112/><U29/><E29/><V96/><F96/><N who="3" m="61479" /><G106/><T134/><D123/><U127/><E71/><V48/><F48/><W26/><G26/><T69/><D69/><U20/><E20/><V16/><F7/><W37/><G37/><T91/><D36/><U121/><E127/><V93/><F93/><W22/><G22/><AGARI ba="0,0" hai="14,16,22,24,25,27,72,73" m="21065,45578" machi="22" ten="30,3900,0" yaku="12,1,54,2" doraHai="74" who="2" fromWho="3" sc="250,0,250,0,250,39,250,-39" /><INIT seed="1,0,0,5,5,35" ten="250,250,289,211" oya="1" hai0="99,69,91,2,63,47,73,102,16,48,33,120,134" hai1="51,23,124,8,88,3,31,115,38,98,103,10,18" hai2="81,70,42,118,29,97,65,126,113,55,82,53,26" hai3="43,85,89,95,54,0,27,75,21,34,93,45,110"/><U15/><E38/><V11/><F118/><W107/><G107/><T64/><D73/><U24/><E115/><V7/><F126/><W90/><G75/><T58/><D33/><U66/><E124/><V79/><F113/><W121/><G110/><T86/><D134/><U20/><E66/><V100/><F42/><W67/><G34/><T130/><D130/><U71/><E71/><V32/><F81/><W22/><G121/><T133/><D133/><U92/><E3/><V50/><F65/><W39/><G67/><T104/><D120/><U128/><E128/><V94/><F70/><W37/><G37/><T129/><D129/><U5/><E5/><V76/><F82/><W46/><G0/><T114/><D114/><U84/><REACH who="1" step="1"/><E51/><REACH who="1" ten="250,240,289,211" step="2"/><V56/><F53/><W83/><G54/><T72/><D2/><AGARI ba="0,1" hai="2,7,11,26,29,32,50,55,56,76,79,94,97,100" machi="2" ten="30,2000,0" yaku="7,1,52,1" doraHai="35" who="2" fromWho="0" sc="250,-20,240,0,289,30,211,0" /><INIT seed="2,0,0,0,0,121" ten="230,240,319,211" oya="2" hai0="16,115,61,98,38,81,120,28,73,131,76,3,17" hai1="127,114,119,135,122,58,49,134,48,99,123,103,70" hai2="37,40,2,25,109,18,46,85,36,33,125,15,11" hai3="23,108,97,52,60,105,35,30,63,86,39,75,5"/><V88/><F125/><W100/><G75/><T129/><D120/><N who="1" m="46123" /><E70/><V104/><F104/><W53/><G35/><T27/><D115/><U91/><E119/><V57/><F2/><W69/><G39/><T87/><D3/><U92/><E58/><V29/><F57/><W20/><G5/><T72/><D38/><U47/><E47/><V126/><F126/><W45/><G45/><T96/><D73/><U59/><E59/><V83/><REACH who="2" step="1"/><F37/><REACH who="2" ten="230,240,309,211" step="2"/><W4/><G105/><T124/><D124/><U77/><E127/><V26/><F26/><W43/><G69/><T34/><D27/><U130/><E114/><V9/><F9/><W24/><G24/><T12/><D131/><U112/><E112/><V42/><F42/><W102/><G43/><T6/><D129/><U79/><E130/><V14/><F14/><W7/><G30/><T41/><D28/><U1/><E1/><V13/><F13/><W106/><G106/><T82/><D12/><U55/><E55/><V107/><F107/><W8/><G8/><T90/><D41/><U19/><E48/><V32/><F32/><W54/><G54/><T50/><D34/><U44/><E49/><V113/><F113/><W56/><G56/><T93/><D50/><U94/><E44/><V68/><F68/><W89/><G60/><T95/><D61/><U128/><E128/><V84/><F84/><W80/><G53/><T0/><D0/><U51/><E51/><V71/><F71/><W62/><G52/><T65/><D65/><U10/><E10/><V111/><AGARI ba="0,1" hai="11,15,18,25,29,33,36,40,46,83,85,88,109,111" machi="111" ten="30,12000,1" yaku="1,1,0,1,52,2,54,1,53,0" doraHai="121" doraHaiUra="101" who="2" fromWho="2" sc="230,-40,240,-40,309,130,211,-40" /><INIT seed="2,1,0,4,1,97" ten="190,200,439,171" oya="2" hai0="91,77,20,15,5,80,126,50,117,66,116,102,134" hai1="114,105,25,75,37,63,92,30,124,4,88,60,19" hai2="135,112,2,14,87,57,64,132,119,32,96,93,24" hai3="53,125,11,23,74,58,113,98,90,111,54,39,104"/><V122/><F2/><W107/><G74/><T95/><D126/><U84/><E114/><V16/><F119/><N who="0" m="45642" /><D134/><N who="2" m="51242" /><F122/><W59/><G125/><T118/><N who="0" m="45650" /><T44/><DORA hai="34" /><D66/><U8/><E37/><V41/><F112/><W72/><G113/><T89/><D5/><U71/><E124/><V17/><F41/><W127/><G127/><T100/><D15/><U49/><E71/><V109/><F87/><W46/><G72/><N who="0" m="43047" /><D20/><U33/><E105/><V47/><F14/><W81/><G23/><T31/><D31/><U43/><E75/><V26/><F64/><W79/><G11/><T130/><D130/><U103/><E103/><N who="0" m="39465" /><D95/><U9/><E19/><V86/><F16/><W101/><G107/><T6/><D6/><U133/><E133/><V21/><F17/><W106/><G104/><T61/><D61/><U65/><E65/><V10/><F93/><W40/><G106/><T67/><D67/><U52/><E9/><V120/><F21/><W29/><G29/><T76/><D76/><U18/><E18/><V62/><F62/><W28/><G28/><T35/><D35/><U83/><E92/><V73/><F32/><W45/><G79/><T121/><D121/><U128/><E128/><V36/><F10/><W48/><G101/><T94/><D94/><U3/><E63/><V82/><F120/><W99/><G99/><T1/><D1/><U131/><E60/><V123/><F96/><W42/><G98/><T129/><D129/><U70/><E131/><V78/><F78/><W13/><G13/><T12/><D12/><U68/><E3/><V55/><F123/><RYUUKYOKU ba="1,0" sc="190,30,200,-10,439,-10,171,-10" hai0="44,50,89,91" /><INIT seed="3,2,0,0,1,20" ten="220,190,429,161" oya="3" hai0="96,67,121,7,24,16,68,44,99,43,55,132,81" hai1="93,75,125,127,98,106,57,86,49,64,129,22,117" hai2="33,120,128,56,21,82,12,62,102,134,110,72,5" hai3="54,19,101,40,58,10,69,94,65,130,4,17,11"/><W85/><G130/><T26/><D121/><U27/><E75/><V3/><F33/><W87/><G69/><T63/><D132/><U88/><E129/><V95/><F128/><W29/><G65/><T9/><D55/><N who="1" m="31983" /><E117/><V112/><F112/><W32/><G40/><T111/><D111/><U35/><E35/><V59/><F3/><W116/><G116/><T84/><D99/><U6/><E106/><V107/><F107/><W89/><G101/><T104/><D96/><U47/><E64/><V124/><F110/><W135/><G135/><T52/><D104/><U48/><E6/><V46/><F134/><W61/><G87/><T119/><D119/><U36/><E36/><V79/><F124/><N who="1" m="47689" /><E86/><V45/><F95/><W50/><G61/><T66/><D66/><U91/><E93/><V8/><F102/><W133/><G133/><T103/><D103/><U105/><E98/><V37/><F120/><W51/><G51/><N who="0" m="28775" /><D7/><U41/><E105/><V30/><F37/><W131/><G131/><T83/><D83/><U73/><E73/><V126/><F126/><W42/><G42/><T23/><D43/><U28/><AGARI ba="2,0" hai="22,27,28,41,47,48,88,91" m="47689,31983" machi="28" ten="30,4000,0" yaku="18,1,52,1,54,1" doraHai="20" who="1" fromWho="1" sc="220,-12,190,46,429,-12,161,-22" owari="208,-19.0,236,4.0,417,51.0,139,-36.0" /></mjloggm>