<mjloggm ver="2.3"><GO type="169" lobby="0"/><UN n0="%E3%81%84%E3%81%97%E3%81%A5%E3%81%8B" n1="%32%35%32%35%32%35" n2="%53%61%6F%2D%48%7A%78" n3="%E3%82%82%E3%82%93%E3%81%A1%E3%81%A3%E3%81%A1" dan="17,16,17,16" rate="2177.67,2083.78,2170.24,2119.39" sx="M,M,F,M"/><TAIKYOKU oya="0"/><INIT seed="0,0,0,5,0,85" ten="250,250,250,250" oya="0" hai0="90,41,59,88,3,47,4,65,32,84,111,97,72" hai1="102,132,76,10,63,120,15,108,36,45,78,39,50" hai2="71,83,128,23,131,43,119,11,42,53,96,100,33" hai3="91,22,126,17,74,104,24,103,106,9,14,52,123"/><T49/><D72/><U81/><E120/><V37/><F119/><W20/><G74/><T82/><D32/><U105/><E108/><V133/><F33/><W80/><G123/><T99/><D111/><U77/><E132/><V29/><F71/><W57/><G103/><T34/><D34/><U5/><E81/><V35/><F35/><W7/><G104/><T67/><D3/><U55/><REACH who="1" step="1"/><E63/><REACH who="1" ten="250,240,250,250" step="2"/><V73/><F133/><W64/><G126/><T129/><D129/><U51/><E51/><V87/><F83/><W79/><G106/><T116/><D116/><U1/><E1/><V75/><F128/><W92/><G80/><N who="0" m="49159" /><D4/><U89/><E89/><V0/><F131/><W46/><G79/><T26/><D67/><U127/><E127/><V109/><F0/><W38/><G91/><T62/><D26/><U61/><E61/><V110/><F109/><W21/><G92/><N who="0" m="56471" /><D82/><U6/><E6/><V125/><F110/><W135/><G64/><T117/><D117/><U28/><E28/><V69/><F29/><W19/><G135/><T124/><D124/><U25/><E25/><V113/><F125/><W56/><G38/><T13/><D13/><U98/><AGARI ba="0,1" hai="5,10,15,36,39,45,50,55,76,77,78,98,102,105" machi="98" ten="30,2000,0" yaku="1,1,0,1,53,0" doraHai="85" doraHaiUra="58" who="1" fromWho="1" sc="250,-10,240,30,250,-5,250,-5" /><INIT seed="1,0,0,0,0,21" ten="240,270,245,245" oya="1" hai0="96,20,52,126,18,28,44,70,115,123,7,135,113" hai1="117,8,40,63,108,77,99,13,69,22,134,120,112" hai2="124,128,26,95,15,101,9,41,31,4,133,81,32" hai3="92,24,114,91,111,103,1,58,106,131,130,53,16"/><U85/><E117/><V97/><F133/><W72/><G1/><T57/><D70/><U116/><E116/><V29/><F128/><W3/><G3/><T5/><D126/><U66/><E112/><V102/><F124/><W90/><G72/><T119/><D119/><U88/><E120/><V76/><F41/><W49/><G106/><T82/><D135/><U36/><E134/><V122/><F122/><W0/><G0/><T38/><D123/><U64/><E64/><V27/><F95/><W19/><G114/><T104/><D28/><U79/><E108/><V75/><F97/><N who="3" m="59815" /><G19/><T71/><D71/><U105/><E40/><V84/><F75/><W45/><G58/><T23/><D82/><U59/><E36/><V73/><F73/><W94/><G94/><T98/><D38/><U46/><E46/><V65/><F65/><W127/><G111/><T67/><D44/><U48/><E22/><AGARI ba="0,0" hai="4,9,15,22,26,27,29,31,32,76,81,84,101,102" machi="22" ten="30,3900,0" yaku="7,1,52,2" doraHai="21" who="2" fromWho="1" sc="240,0,270,-39,245,39,245,0" /><INIT seed="2,0,0,5,2,108" ten="240,231,284,245" oya="2" hai0="107,51,64,49,118,74,76,24,34,53,134,113,130" hai1="94,128,91,39,1,44,69,55,45,59,123,20,48" hai2="8,96,83,37,85,75,98,82,3,97,127,99,32" hai3="25,95,16,81,72,4,117,106,58,18,13,131,15"/><V12/><F32/><W135/><G106/><T67/><D107/><U125/><E1/><V31/><F37/><W40/><G72/><T23/><D34/><U79/><E125/><V110/><F31/><W80/><G40/><T68/><D76/><U50/><E128/><V124/><F3/><W33/><G4/><T105/><D105/><U109/><E109/><V87/><F110/><W111/><G111/><T30/><D74/><U27/><E69/><V103/><F12/><W36/><G95/><T56/><D118/><U70/><E70/><V122/><F8/><W10/><G36/><T43/><D134/><U71/><E71/><V121/><F75/><W2/><G2/><T90/><D68/><U5/><E5/><V9/><F9/><W61/><G117/><T0/><D0/><U26/><E79/><V28/><F28/><W19/><G135/><T133/><D133/><U47/><E39/><V100/><F98/><W29/><G131/><T14/><D113/><U21/><E123/><V101/><F83/><W35/><G35/><T46/><D130/><U114/><E114/><V89/><F85/><W38/><G38/><T65/><D14/><U93/><E93/><V22/><F22/><N who="1" m="8809" /><E50/><V104/><F104/><W17/><REACH who="3" step="1"/><G15/><REACH who="3" ten="240,231,284,235" step="2"/><T132/><D132/><U60/><E48/><V115/><F115/><W11/><G11/><T112/><D112/><U119/><E119/><V78/><F78/><W66/><AGARI ba="0,1" hai="10,13,16,17,18,19,25,29,33,58,61,66,80,81" machi="66" ten="30,7900,0" yaku="1,1,0,1,54,1,53,1" doraHai="108" doraHaiUra="63" who="3" fromWho="3" sc="240,-20,231,-20,284,-39,235,89" /><INIT seed="3,0,0,3,5,38" ten="220,211,245,324" oya="3" hai0="60,23,101,18,79,57,48,32,55,69,134,88,1" hai1="64,83,56,102,20,54,67,111,75,35,108,66,89" hai2="0,78,103,130,116,46,31,112,50,119,74,106,10" hai3="124,135,17,14,123,34,72,76,28,96,52,11,61"/><W109/><G123/><T7/><D134/><U114/><E114/><V3/><F112/><W77/><G72/><T37/><D32/><U113/><E113/><V58/><F130/><W100/><G135/><T133/><D133/><U30/><E35/><V2/><F58/><W104/><G124/><T129/><D101/><U70/><E102/><V27/><F103/><W40/><G34/><T115/><D37/><U105/><E105/><V6/><F106/><W25/><G28/><T16/><D18/><U121/><E70/><V63/><F63/><W33/><G25/><T44/><D79/><N who="1" m="44543" /><E89/><V42/><F78/><W128/><G33/><T73/><D69/><U47/><E47/><V71/><F74/><W21/><G21/><T99/><D129/><U49/><E121/><V13/><REACH who="2" step="1"/><F71/><REACH who="2" ten="220,211,235,324" step="2"/><W90/><G77/><T19/><D115/><U12/><E56/><V62/><F62/><W15/><G76/><T36/><D73/><U98/><E108/><V85/><F85/><W92/><G109/><T4/><D60/><U45/><E98/><V95/><F95/><W125/><G128/><T59/><D59/><U39/><E111/><V82/><F82/><W86/><G61/><T51/><D57/><U84/><E84/><V94/><F94/><W107/><G92/><T22/><D99/><U5/><E67/><V87/><F87/><W131/><G96/><T110/><D110/><U120/><E120/><V91/><F91/><W118/><G104/><T117/><D88/><U53/><E66/><V126/><F126/><W80/><G125/><T127/><D127/><U43/><E64/><RYUUKYOKU ba="0,1" sc="220,-10,211,-10,235,30,324,-10" hai2="0,2,3,6,10,13,27,31,42,46,50,116,119" /><INIT seed="4,1,1,3,0,1" ten="210,201,265,314" oya="0" hai0="109,90,14,52,6,92,124,3,127,32,129,108,94" hai1="69,75,120,60,30,34,77,72,135,132,61,25,86" hai2="9,126,12,48,46,104,28,50,4,113,117,33,42" hai3="89,84,21,29,39,5,103,15,16,22,125,64,20"/><T93/><D32/><U107/><E107/><V130/><F104/><W53/><G39/><T57/><D3/><U54/><E120/><V106/><F106/><W114/><G103/><T82/><D129/><U70/><E86/><V56/><F130/><W49/><G64/><T65/><D65/><U23/><E23/><V17/><F113/><W112/><G125/><T91/><D82/><U97/><E97/><V83/><F126/><N who="0" m="48170" /><D14/><U13/><E13/><V24/><F117/><W67/><G67/><T55/><D6/><U134/><E54/><N who="0" m="20521" /><D57/><U102/><E102/><V8/><F56/><N who="3" m="32815" /><G5/><T79/><D79/><U37/><E37/><V73/><F83/><N who="3" m="49311" /><G114/><T35/><D35/><U128/><E128/><V100/><F100/><W26/><G112/><T131/><D131/><U27/><E27/><V47/><F73/><N who="1" m="28233" /><E77/><V41/><F8/><AGARI ba="1,1" hai="8,15,16,20,21,22,26,29" m="49311,32815" machi="8" ten="30,2000,0" yaku="8,1,54,1" doraHai="1" who="3" fromWho="2" sc="210,0,201,0,265,-23,314,33" /><INIT seed="5,0,0,2,1,59" ten="210,201,242,347" oya="1" hai0="53,121,80,131,113,120,124,1,114,92,111,4,51" hai1="16,56,62,63,79,47,85,98,89,11,122,134,103" hai2="31,126,60,119,87,9,93,77,55,28,29,15,70" hai3="78,65,72,44,46,49,23,54,67,36,84,27,110"/><U117/><E117/><V12/><F119/><W100/><G72/><T69/><D4/><U128/><E122/><N who="0" m="47209" /><D1/><U112/><E112/><N who="0" m="43113" /><D92/><U68/><E134/><V83/><F126/><W58/><G110/><T108/><D80/><U96/><E128/><V118/><F118/><W6/><G36/><T3/><D3/><U64/><E79/><V116/><F116/><W32/><G32/><T20/><D20/><U21/><E11/><V74/><F70/><W48/><G6/><T40/><D131/><U107/><E47/><V52/><F93/><W25/><G100/><T76/><D76/><U35/><E35/><V105/><F105/><W13/><G13/><T8/><D8/><U10/><E10/><V81/><F9/><W90/><G78/><T30/><D30/><U115/><E115/><V71/><F81/><N who="3" m="49423" /><G27/><T127/><D40/><U41/><E41/><V123/><F74/><W86/><G86/><T26/><D26/><U57/><E98/><V125/><F123/><W38/><G25/><T33/><D33/><U94/><REACH who="1" step="1"/><E63/><REACH who="1" ten="210,191,242,347" step="2"/><V18/><F60/><N who="3" m="35927" /><G23/><T97/><D97/><U75/><E75/><V34/><F34/><W133/><G133/><T130/><D130/><U91/><E91/><V7/><F7/><W129/><G129/><T37/><D108/><U39/><E39/><V24/><F77/><W82/><G38/><T135/><D111/><U99/><E99/><V50/><F125/><N who="0" m="48202" /><D37/><U102/><E102/><V43/><F43/><W95/><G44/><N who="0" m="27879" /><D135/><U0/><E0/><V2/><F2/><W19/><G46/><T22/><D22/><U66/><E66/><RYUUKYOKU ba="0,1" sc="210,15,191,15,242,-15,347,-15" hai0="69" hai1="16,21,56,57,62,64,68,85,89,94,96,103,107" /><INIT seed="5,1,1,5,5,12" ten="225,206,227,332" oya="1" hai0="129,108,69,107,91,0,63,89,40,34,26,132,16" hai1="47,56,97,14,128,124,9,30,37,71,106,31,90" hai2="67,39,24,110,99,5,4,18,15,122,82,61,10" hai3="79,81,20,38,87,86,6,77,66,28,46,52,73"/><U103/><E128/><V53/><F110/><W44/><G66/><T59/><D108/><U130/><E130/><V49/><F122/><W72/><G6/><T41/><D107/><U102/><E71/><V32/><F39/><W36/><G28/><T11/><D69/><U83/><E124/><V55/><F82/><W57/><G20/><N who="0" m="13575" /><D0/><U123/><E123/><V121/><F121/><W111/><G111/><T118/><D34/><U19/><E102/><V109/><F109/><W70/><G70/><T48/><D118/><U101/><E101/><V125/><F125/><W3/><G3/><T51/><D132/><U119/><E119/><V68/><F99/><W105/><G105/><T13/><D48/><U96/><E56/><V45/><F32/><W114/><G114/><T78/><D78/><U135/><E135/><V116/><F116/><W134/><G134/><T120/><D129/><U35/><E35/><V74/><F74/><W50/><G36/><T98/><D51/><U88/><E90/><N who="0" m="34313" /><D98/><U33/><E33/><V60/><F24/><W27/><G38/><T115/><D115/><U133/><E133/><V65/><F55/><W23/><G72/><T84/><D84/><U92/><REACH who="1" step="1"/><E83/><REACH who="1" ten="225,196,227,332" step="2"/><V131/><F131/><W117/><G81/><T76/><D120/><U126/><E126/><V100/><F100/><W2/><G117/><T112/><D112/><U94/><E94/><V62/><F68/><W127/><G127/><T95/><D95/><U85/><E85/><V43/><F43/><AGARI ba="1,2" hai="9,14,19,30,31,37,43,47,88,92,96,97,103,106" machi="43" ten="40,12000,1" yaku="1,1,52,1,54,1,53,2" doraHai="12" doraHaiUra="93" who="1" fromWho="2" sc="225,0,196,143,227,-123,332,0" /><INIT seed="5,2,0,0,3,81" ten="225,339,104,332" oya="1" hai0="40,14,69,73,108,37,131,36,9,84,76,109,33" hai1="0,32,119,27,85,110,41,77,38,120,99,48,51" hai2="65,130,29,31,62,20,123,16,118,95,30,25,70" hai3="121,78,43,8,79,22,94,18,106,114,74,4,23"/><U26/><E119/><V47/><F118/><W24/><G106/><T7/><D69/><U103/><E120/><V88/><F123/><W11/><G74/><T116/><D116/><U54/><E0/><V71/><F130/><W19/><G121/><T122/><D122/><U128/><E128/><V91/><F47/><W107/><G107/><T127/><D131/><U34/><E38/><V17/><F71/><W55/><G43/><T66/><D33/><U72/><E72/><V124/><F124/><W93/><G55/><T104/><D104/><U82/><E110/><V10/><F10/><W135/><G114/><T63/><D73/><U6/><E6/><V57/><F70/><W15/><G135/><T59/><D127/><U49/><E41/><V12/><F17/><W101/><G11/><T61/><D61/><U111/><E111/><V56/><F56/><W28/><G28/><T115/><D115/><U102/><E102/><V87/><REACH who="2" step="1"/><F91/><REACH who="2" ten="225,339,94,332" step="2"/><W75/><G18/><T35/><D109/><U117/><E117/><V113/><F113/><W133/><G19/><T86/><D108/><U67/><E77/><V134/><F134/><W100/><G133/><T5/><D76/><U3/><E32/><V42/><F42/><W52/><G78/><T64/><D35/><U105/><E34/><V129/><F129/><W125/><G79/><T92/><D5/><U1/><E1/><V60/><F60/><W53/><G4/><T21/><D40/><U89/><E3/><V45/><F45/><W80/><G125/><T39/><D7/><U132/><E132/><V97/><F97/><RYUUKYOKU ba="2,1" sc="225,-10,339,-10,94,30,332,-10" hai2="12,16,20,25,29,30,31,57,62,65,87,88,95" /><INIT seed="6,3,1,0,3,24" ten="215,329,124,322" oya="2" hai0="69,60,37,5,100,127,11,27,31,49,63,126,116" hai1="110,129,35,117,34,30,18,9,108,130,74,135,29" hai2="64,73,0,112,26,61,111,101,36,120,91,58,67" hai3="25,65,1,43,70,38,97,105,114,20,99,78,4"/><V23/><F120/><W79/><G1/><T53/><D37/><U119/><E74/><V125/><F112/><W89/><G4/><T96/><D116/><N who="1" m="44619" /><E135/><V134/><F0/><W88/><G38/><T86/><D86/><U77/><E77/><V40/><F73/><W71/><G43/><T84/><D69/><U106/><E106/><V33/><F33/><N who="1" m="12297" /><E18/><V46/><F134/><W133/><G133/><T3/><D84/><U122/><E9/><V14/><F125/><N who="0" m="47626" /><D49/><U113/><E122/><V83/><F111/><N who="1" m="42537" /><E113/><V90/><F101/><W121/><G105/><N who="0" m="63623" /><D53/><U2/><E2/><V92/><F14/><W45/><G114/><T118/><D118/><U13/><E13/><V72/><F72/><W47/><G79/><T57/><D57/><U75/><E75/><V59/><F83/><W52/><G71/><T8/><D11/><U66/><E66/><V10/><F10/><W115/><G65/><T107/><D107/><U48/><E48/><V51/><F36/><W50/><G70/><T21/><AGARI ba="3,1" hai="3,5,8,21,27,31,60,63" m="63623,47626" machi="21" ten="30,2000,0" yaku="18,1,52,1" doraHai="24" who="0" fromWho="0" sc="215,39,329,-8,124,-13,322,-8" /><INIT seed="7,0,0,5,2,78" ten="254,321,111,314" oya="3" hai0="53,51,133,104,65,5,21,121,134,118,36,40,116" hai1="24,48,128,127,1,14,103,129,70,77,101,110,11" hai2="92,60,0,68,85,81,32,42,125,86,47,94,25" hai3="111,82,98,56,2,87,115,62,35,126,117,75,91"/><W124/><G2/><T29/><D104/><U95/><E110/><V8/><F125/><W17/><G35/><T69/><D5/><U15/><E127/><N who="3" m="48682" /><G111/><T131/><D21/><U54/><E70/><V7/><F86/><W130/><G117/><T109/><D29/><U64/><E64/><V66/><F25/><W84/><G115/><T31/><D31/><U20/><E77/><V39/><F92/><N who="3" m="56607" /><G130/><N who="1" m="50282" /><E1/><V89/><F94/><W34/><G34/><T44/><D121/><U90/><E48/><V108/><F108/><W26/><G75/><T19/><D19/><N who="1" m="12319" /><E54/><V72/><F85/><W57/><G84/><T9/><D9/><U97/><E14/><V55/><F89/><N who="3" m="51447" /><G62/><N who="0" m="40119" /><D131/><U63/><E63/><V6/><F55/><W50/><G50/><T37/><D37/><U67/><E67/><V119/><F6/><AGARI ba="0,0" hai="6,11,15,90,95,97,101,103" m="12319,50282" machi="6" ten="30,1000,0" yaku="19,1" doraHai="78" who="1" fromWho="2" sc="254,0,321,10,111,-10,314,0" owari="254,-15.0,331,44.0,101,-40.0,314,11.0" /></mjloggm>