<mjloggm ver="2.3"><GO type="225" lobby="0"/><UN n0="%E6%A4%8E%E5%90%8D%E3%82%8A%E3%81%8F" n1="%E7%AD%89%E3%80%85%E5%8A%9B%E5%8A%87%E5%A0%B4" n2="%E5%8F%A4%E6%98%8E%E5%9C%B0%E8%A6%9A" n3="%E6%98%93%E5%88%A9%E8%96%A9%E4%BC%AF" dan="17,16,16,16" rate="2192.41,2074.77,2035.27,2146.57" sx="M,M,M,F"/><TAIKYOKU oya="0"/><INIT seed="0,0,0,5,4,103" ten="250,250,250,250" oya="0" hai0="133,95,134,21,46,44,5,83,72,92,105,109,11" hai1="81,65,77,121,127,36,100,29,117,59,42,104,4" hai2="69,15,3,66,78,43,96,24,45,34,10,102,118" hai3="93,70,50,9,85,39,107,55,116,20,129,119,57"/><T125/><D125/><U49/><E117/><V71/><F118/><W47/><G107/><T131/><D131/><U2/><E121/><V108/><F108/><W35/><G35/><T37/><D109/><U124/><E36/><V89/><F89/><W91/><G129/><T13/><D105/><U112/><E29/><V64/><F78/><W61/><G9/><T101/><D21/><U27/><E27/><V111/><F3/><W31/><G31/><T76/><D46/><U135/><E4/><V87/><F87/><W79/><G79/><T67/><D67/><U52/><E2/><V12/><F12/><W0/><G20/><T74/><D74/><U86/><E42/><V97/><F97/><W41/><G0/><T88/><D101/><U60/><E135/><N who="0" m="51721" /><D88/><U51/><E112/><V56/><F56/><W82/><G93/><T110/><D110/><U22/><E22/><V90/><F90/><W40/><G40/><AGARI ba="0,0" hai="5,11,13,37,40,44,72,76,83,92,95" m="51721" machi="40" ten="30,1500,0" yaku="20,1" doraHai="103" who="0" fromWho="3" sc="250,15,250,0,250,0,250,-15" /><INIT seed="0,1,0,5,1,130" ten="265,250,250,235" oya="0" hai0="11,35,106,20,45,56,67,86,42,79,97,15,89" hai1="127,36,129,88,38,71,77,92,133,46,57,26,118" hai2="30,63,5,119,23,47,19,123,105,80,61,53,95" hai3="9,120,21,116,101,44,100,4,12,132,115,74,65"/><T83/><D35/><U43/><E71/><V128/><F105/><W96/><G116/><T59/><D20/><U76/><E118/><V84/><F123/><W124/><G115/><T81/><D106/><U18/><E129/><V109/><F128/><W16/><G124/><T121/><D121/><U66/><E127/><V8/><F109/><W6/><G74/><T39/><D67/><U41/><E133/><V50/><F30/><W28/><G120/><T73/><REACH who="0" step="1"/><D97/><REACH who="0" ten="255,250,250,235" step="2"/><U14/><E66/><V94/><F119/><W17/><G65/><T75/><D75/><U111/><E111/><V49/><F8/><W37/><G96/><T22/><D22/><U135/><E135/><V82/><F84/><W70/><G21/><T91/><D91/><U51/><E88/><V40/><F23/><W98/><G98/><T90/><D90/><U31/><E31/><V60/><F19/><AGARI ba="1,1" hai="11,15,19,39,42,45,56,59,73,79,81,83,86,89" machi="19" ten="30,2900,0" yaku="1,1,7,1,53,0" doraHai="130" doraHaiUra="25" who="0" fromWho="2" sc="255,42,250,0,250,-32,235,0" /><INIT seed="0,2,0,5,0,36" ten="297,250,218,235" oya="0" hai0="14,19,6,20,69,48,111,72,67,61,88,96,124" hai1="11,52,134,92,106,93,30,109,39,33,75,44,85" hai2="23,27,101,81,41,0,35,40,54,103,66,37,97" hai3="9,110,7,102,43,82,90,8,78,25,51,117,107"/><T119/><D119/><U112/><E75/><V126/><F37/><W31/><G117/><T32/><D124/><U17/><E106/><V2/><F35/><W55/><G110/><T108/><D72/><U86/><E109/><N who="0" m="42057" /><D32/><U50/><E134/><V130/><F130/><W42/><G90/><T10/><D48/><U56/><E112/><V70/><F81/><W59/><G102/><T115/><D115/><U18/><E33/><V122/><F54/><W74/><G107/><T16/><D20/><U127/><E127/><V63/><F122/><W73/><G73/><T15/><D15/><U58/><E39/><V135/><F135/><W57/><G57/><T118/><D118/><U26/><E58/><V129/><F129/><W105/><G105/><T89/><D89/><U104/><E56/><N who="2" m="37223" /><F101/><W49/><G49/><T3/><D3/><U38/><E104/><V123/><F123/><W5/><G9/><T4/><D4/><U113/><E113/><V24/><F126/><W98/><G7/><T114/><D114/><U94/><E38/><V68/><F0/><W47/><G59/><T46/><D46/><U83/><E11/><V53/><F2/><W1/><REACH who="3" step="1"/><G98/><REACH who="3" ten="297,250,218,225" step="2"/><T71/><D71/><U77/><E50/><V128/><F68/><W60/><G60/><T120/><D120/><U28/><E44/><V12/><F70/><W121/><G121/><T116/><D116/><U62/><E62/><V133/><F97/><W45/><G45/><T100/><D100/><U84/><E77/><V64/><F103/><W65/><G65/><T79/><D79/><U87/><E86/><RYUUKYOKU ba="2,1" sc="297,15,250,-15,218,-15,225,15" hai0="6,10,14,16,19,61,67,69,88,96" hai3="1,5,8,25,31,42,43,47,51,55,74,78,82" /><INIT seed="0,3,1,3,5,26" ten="312,235,203,240" oya="0" hai0="60,16,86,68,123,53,93,127,19,83,32,69,119" hai1="102,133,132,46,38,116,79,109,111,22,59,12,94" hai2="9,42,15,91,13,98,71,11,125,76,49,117,128" hai3="6,103,84,112,131,20,106,30,29,51,78,66,92"/><T54/><D119/><U58/><E79/><V43/><F71/><W1/><G112/><T114/><D114/><U27/><E12/><N who="2" m="4683" /><F117/><W5/><G106/><T101/><D123/><U63/><E116/><V73/><F73/><W67/><G1/><T88/><D32/><U45/><E38/><V14/><F125/><W75/><G75/><T28/><D28/><N who="3" m="10857" /><G20/><T33/><D33/><U85/><E22/><V24/><F128/><W100/><G51/><T97/><D127/><U81/><E27/><V121/><F24/><W135/><G135/><T10/><D10/><U55/><E133/><V77/><F121/><W124/><G131/><T99/><D68/><U37/><E37/><V110/><F110/><W56/><G124/><T57/><D69/><U61/><E132/><V113/><F113/><W47/><G47/><T95/><D54/><U48/><E45/><N who="2" m="25783" /><F43/><W35/><G35/><T118/><D118/><U74/><E74/><V21/><F21/><W4/><G56/><T62/><D62/><U7/><E59/><V126/><F126/><W36/><G36/><T115/><D115/><U122/><E122/><V65/><F11/><W130/><G130/><T52/><D53/><N who="1" m="29847" /><E63/><V31/><F9/><W107/><G107/><T17/><D17/><U50/><E61/><V87/><F31/><W2/><G2/><T41/><D41/><U72/><E72/><V80/><F14/><W39/><G39/><T34/><D34/><U40/><E40/><V134/><F134/><W3/><G3/><T120/><D120/><U96/><E7/><N who="3" m="1794" /><W44/><DORA hai="129" /><G44/><T8/><D8/><RYUUKYOKU ba="3,1" sc="312,15,235,15,203,-15,240,-15" hai0="16,19,52,57,60,83,86,88,93,95,97,99,101" hai1="50,55,58,81,85,94,96,102,109,111" /><INIT seed="0,4,1,5,4,6" ten="327,250,188,225" oya="0" hai0="33,63,10,86,20,92,22,66,100,9,50,93,125" hai1="64,67,30,2,103,4,41,36,53,78,1,28,124" hai2="29,62,26,116,71,134,119,91,72,83,118,99,75" hai3="97,14,43,8,132,37,79,123,25,117,19,69,120"/><T40/><D33/><U130/><E78/><V42/><F42/><W49/><G117/><T110/><D125/><U35/><E103/><V108/><F134/><W24/><G69/><T5/><D110/><U114/><E130/><V32/><F108/><W127/><G37/><T45/><D100/><U15/><E124/><V109/><F109/><W96/><G132/><T0/><D10/><U104/><E104/><V135/><F135/><W76/><G127/><T44/><D44/><U31/><E35/><V88/><F99/><N who="3" m="37963" /><G123/><T17/><D86/><U113/><E41/><V85/><REACH who="2" step="1"/><F91/><REACH who="2" ten="327,250,178,225" step="2"/><W55/><G43/><T59/><REACH who="0" step="1"/><D22/><REACH who="0" ten="317,250,178,225" step="2"/><U107/><E114/><V12/><F12/><AGARI ba="4,3" hai="0,5,9,12,17,20,40,45,50,59,63,66,92,93" machi="12" ten="30,11600,0" yaku="1,1,2,1,7,1,52,1,53,0" doraHai="6" doraHaiUra="133" who="0" fromWho="2" sc="317,158,250,0,178,-128,225,0" /><INIT seed="0,5,0,3,0,118" ten="475,250,50,225" oya="0" hai0="13,51,53,44,20,88,134,91,127,93,39,121,94" hai1="128,11,76,46,36,87,59,61,30,83,124,32,104" hai2="45,62,63,54,97,34,21,35,70,4,2,117,55" hai3="16,24,41,131,5,0,96,75,115,133,10,112,49"/><T77/><D134/><U43/><E104/><V57/><F117/><W135/><G75/><T52/><D127/><U123/><E128/><V60/><F2/><W33/><G96/><N who="0" m="57383" /><D39/><U99/><E124/><V105/><F4/><W29/><G131/><T3/><D3/><U58/><E99/><V71/><F21/><W8/><G49/><T130/><D121/><U37/><E37/><V86/><F86/><W119/><G41/><N who="0" m="24975" /><D77/><U22/><E32/><V38/><F97/><W106/><G106/><T92/><D130/><U9/><E123/><V73/><F73/><W67/><G67/><T17/><D94/><U23/><E36/><V69/><F105/><W31/><G31/><T28/><D28/><U102/><E30/><V42/><F34/><W95/><G95/><T84/><AGARI ba="5,0" hai="13,17,20,52,53,84,91,92" m="24975,57383" machi="84" ten="30,6000,0" yaku="8,1,54,2" doraHai="118" who="0" fromWho="0" sc="475,75,250,-25,50,-25,225,-25" /><INIT seed="0,6,0,3,0,8" ten="550,225,25,200" oya="0" hai0="117,94,1,108,121,110,5,17,74,29,122,118,81" hai1="129,26,33,43,28,120,49,24,67,47,15,54,14" hai2="38,76,3,133,37,6,106,71,52,101,100,87,53" hai3="82,93,21,62,55,88,57,124,44,114,98,51,68"/><T132/><D132/><U40/><E120/><N who="0" m="46185" /><D94/><U23/><E129/><V48/><F71/><W20/><G114/><T34/><D17/><U35/><E67/><V109/><F109/><N who="0" m="42090" /><D5/><U75/><E75/><V30/><F30/><W103/><G124/><T113/><D1/><U42/><REACH who="1" step="1"/><E35/><REACH who="1" ten="550,215,25,200" step="2"/><V104/><F133/><W112/><G68/><T102/><D113/><U126/><E126/><V66/><F66/><W10/><G112/><T90/><D74/><U31/><AGARI ba="6,1" hai="14,15,23,24,26,28,31,33,40,42,43,47,49,54" machi="31" ten="30,7900,0" yaku="1,1,0,1,52,2,53,0" doraHai="8" doraHaiUra="84" who="1" fromWho="1" sc="550,-45,215,107,25,-26,200,-26" owari="505,61.0,322,12.0,-1,-50.0,174,-23.0" /></mjloggm>