<mjloggm ver="2.3"><GO type="169" lobby="0"/><UN n0="%E3%83%97%E3%83%AC%E3%82%B9%E3%83%97" n1="%E7%8D%85%E5%AD%90%E6%80%92%E3%82%93" n2="%E6%99%82%E5%B4%8E%E7%8B%82%E4%B8%89" n3="%66%69%63%74%69%6F%6E" dan="17,16,16,16" rate="2187.92,2176.27,2065.73,2024.67" sx="M,M,F,M"/><TAIKYOKU oya="0"/><INIT seed="0,0,0,0,3,104" ten="250,250,250,250" oya="0" hai0="45,33,51,124,59,14,78,106,64,12,129,68,111" hai1="110,127,103,22,114,20,28,5,93,23,107,8,16" hai2="44,50,21,39,71,134,36,133,118,90,13,91,66" hai3="128,94,121,35,19,31,117,76,113,135,77,109,100"/><T99/><D129/><U105/><E114/><V65/><F118/><W87/><BYE who="1" /><G113/><T108/><D33/><U119/><E119/><V72/><F72/><UN n1="%E7%8D%85%E5%AD%90%E6%80%92%E3%82%93" /><W131/><G35/><T17/><D124/><U46/><E110/><N who="0" m="42025" /><D68/><U6/><E127/><V40/><F13/><W120/><G31/><T74/><D17/><U89/><E28/><V11/><F21/><N who="1" m="8297" /><E107/><V80/><F11/><W30/><G30/><T4/><D4/><U130/><E105/><V43/><F80/><W122/><G109/><T123/><D123/><U48/><E8/><V97/><F97/><N who="3" m="59447" /><G19/><T84/><D84/><N who="1" m="52391" /><E103/><V85/><F85/><W49/><G49/><T54/><D99/><U115/><E130/><N who="3" m="49706" /><G117/><T58/><D106/><U41/><E115/><V62/><F50/><W83/><G135/><N who="2" m="51721" /><F66/><W55/><G55/><T38/><D38/><U86/><E86/><V42/><F42/><W52/><G52/><N who="0" m="29807" /><D64/><U96/><E96/><V7/><F7/><W112/><G112/><T126/><D126/><U67/><E67/><V101/><F101/><W132/><G132/><T27/><D27/><AGARI ba="0,0" hai="5,6,16,23,27,41,46,48" m="52391,8297" machi="27" ten="30,2000,0" yaku="8,1,54,1" doraHai="104" who="1" fromWho="0" sc="250,-20,250,20,250,0,250,0" /><INIT seed="1,0,0,1,0,119" ten="230,270,250,250" oya="1" hai0="30,129,106,126,79,120,58,134,32,98,72,52,16" hai1="100,39,133,55,81,74,28,33,18,92,50,93,115" hai2="66,88,85,48,103,44,84,107,95,57,46,128,53" hai3="24,83,20,6,61,94,51,131,1,105,104,19,10"/><U0/><E115/><V124/><F124/><W110/><G110/><T114/><D114/><U87/><E39/><V9/><F128/><W54/><G131/><T101/><D129/><U5/><E133/><V21/><F107/><W117/><G117/><T29/><D126/><U113/><E74/><V40/><F103/><W127/><G127/><T56/><D134/><U111/><E113/><V31/><F9/><W17/><G61/><T4/><D4/><U82/><E111/><V23/><F31/><W45/><G94/><T125/><D125/><U2/><E18/><V49/><F85/><W96/><G96/><T77/><D120/><U3/><E5/><V60/><AGARI ba="0,0" hai="21,23,40,44,46,48,49,53,57,60,66,84,88,95" machi="60" ten="30,4000,0" yaku="0,1,8,1,54,1" doraHai="119" who="2" fromWho="2" sc="230,-10,270,-20,250,40,250,-10" /><INIT seed="2,0,0,0,5,119" ten="220,250,290,240" oya="2" hai0="5,99,121,43,60,25,37,63,32,57,128,114,91" hai1="108,46,83,93,117,42,66,27,102,94,52,76,70" hai2="98,36,74,97,112,2,104,4,1,116,9,113,135" hai3="41,6,131,81,62,40,64,58,133,68,28,73,29"/><V53/><F116/><W126/><G131/><T111/><D114/><U122/><E117/><V0/><F74/><W34/><G133/><T22/><D111/><U7/><E108/><V92/><F135/><W103/><G126/><T120/><D32/><U31/><E7/><V118/><F118/><W44/><G6/><T26/><D128/><U85/><E102/><V109/><F109/><W105/><G41/><T54/><D5/><U51/><E122/><V89/><F36/><W33/><G29/><T124/><D124/><U72/><E72/><V129/><F129/><W107/><G58/><T132/><D132/><U48/><E66/><V14/><REACH who="2" step="1"/><F53/><REACH who="2" ten="220,250,280,240" step="2"/><W101/><G73/><T35/><D37/><U3/><E3/><V17/><F17/><W115/><G115/><T127/><D127/><U86/><E70/><V82/><F82/><W15/><G68/><T110/><D110/><U61/><E52/><V96/><F96/><W55/><G55/><T134/><D134/><U10/><E83/><V67/><F67/><W59/><G81/><T106/><D63/><U65/><E61/><V69/><F69/><W16/><G62/><T84/><D43/><U87/><E42/><V75/><F75/><W19/><G40/><T49/><D60/><U56/><E65/><V30/><F30/><W79/><G28/><T13/><D54/><U20/><E31/><V100/><AGARI ba="0,1" hai="0,1,2,4,9,14,89,92,97,98,100,104,112,113" machi="100" ten="40,7800,0" yaku="1,1,0,1,53,1" doraHai="119" doraHaiUra="11" who="2" fromWho="2" sc="220,-26,250,-26,280,88,240,-26" /><INIT seed="2,1,0,4,0,41" ten="194,224,368,214" oya="2" hai0="130,4,95,65,103,88,97,132,111,33,86,43,122" hai1="117,96,125,31,19,1,30,27,44,72,74,127,55" hai2="26,48,2,22,90,21,81,54,7,32,63,61,135" hai3="82,71,85,58,0,79,121,116,77,73,118,62,52"/><V102/><F135/><W126/><G121/><T57/><D33/><U133/><E117/><V114/><F114/><W10/><G126/><N who="1" m="48138" /><E1/><V110/><F102/><W124/><G124/><T25/><D122/><U16/><E31/><V35/><F110/><W42/><G71/><T34/><D130/><U15/><E96/><V131/><F131/><W49/><G77/><T134/><D111/><U40/><E55/><V56/><F2/><W20/><G20/><T66/><D4/><U51/><E133/><N who="0" m="51305" /><D57/><U38/><E38/><V84/><F7/><W47/><REACH who="3" step="1"/><G73/><REACH who="3" ten="194,224,368,204" step="2"/><N who="1" m="28266" /><E15/><V98/><F21/><AGARI ba="1,1" hai="16,19,21,27,30,40,44,51" m="28266,48138" machi="21" ten="30,3900,0" yaku="18,1,52,1,54,1" doraHai="41" who="1" fromWho="2" sc="194,0,224,52,368,-42,204,0" /><INIT seed="3,0,0,4,2,48" ten="194,276,326,204" oya="3" hai0="52,2,42,99,105,115,55,45,24,75,35,33,134" hai1="94,67,47,32,110,106,132,14,5,40,109,20,64" hai2="10,91,9,49,21,89,18,56,15,61,7,86,80" hai3="92,57,90,116,19,28,31,71,54,98,79,30,111"/><W119/><G71/><T104/><D2/><U83/><E106/><V101/><F101/><W78/><G111/><T23/><D75/><U66/><E32/><V82/><F49/><W37/><G37/><T121/><D121/><U62/><E132/><V120/><F120/><W84/><G119/><T74/><D74/><U70/><E83/><V36/><F36/><W51/><G116/><T12/><D134/><U50/><E94/><V58/><F58/><W73/><G73/><T1/><D1/><U41/><E5/><V4/><F4/><W125/><G125/><T93/><D33/><U29/><E14/><V117/><F117/><W16/><G98/><T88/><D115/><U38/><E20/><V114/><F114/><W126/><G126/><T53/><D12/><U59/><E29/><V129/><F129/><W112/><G112/><T27/><D35/><U22/><E22/><V68/><F68/><W124/><G124/><T96/><D96/><U97/><E97/><V118/><F118/><W17/><AGARI ba="0,0" hai="16,17,19,28,30,31,51,54,57,78,79,84,90,92" machi="17" ten="30,11700,0" yaku="0,1,8,1,52,1,54,1" doraHai="48" who="3" fromWho="3" sc="194,-39,276,-39,326,-39,204,117" /><INIT seed="3,1,0,0,4,101" ten="155,237,287,321" oya="3" hai0="124,30,31,18,116,134,98,42,85,118,87,92,84" hai1="12,135,37,74,110,82,36,127,105,32,25,34,15" hai2="70,122,4,21,23,27,8,97,83,93,19,112,22" hai3="73,53,99,29,33,56,117,13,47,72,44,131,50"/><W14/><G117/><T80/><D134/><U100/><E110/><V96/><F112/><W67/><G33/><T43/><D124/><U0/><E0/><V115/><F115/><W45/><G29/><T68/><D68/><U38/><E135/><V10/><F70/><W77/><G131/><T51/><D80/><U54/><E127/><V89/><F122/><W133/><G133/><T78/><D78/><U108/><E108/><V75/><F75/><W52/><G67/><T35/><D35/><U113/><E113/><V20/><F83/><W109/><G109/><T49/><D18/><U9/><E25/><V76/><F76/><W132/><G132/><T41/><D92/><U65/><E65/><V3/><REACH who="2" step="1"/><F8/><REACH who="2" ten="155,237,277,321" step="2"/><W16/><G73/><T130/><D130/><U129/><E82/><V59/><F59/><N who="3" m="33175" /><G77/><T5/><D98/><AGARI ba="1,1" hai="3,4,10,19,20,21,22,23,27,89,93,96,97,98" machi="98" ten="40,1300,0" yaku="1,1,53,0" doraHai="101" doraHaiUra="24" who="2" fromWho="0" sc="155,-16,237,0,277,26,321,0" /><INIT seed="4,0,0,1,5,70" ten="139,237,303,321" oya="0" hai0="93,7,33,43,14,69,51,24,63,53,8,49,83" hai1="127,78,23,55,133,109,34,66,4,86,29,132,60" hai2="73,89,92,131,12,3,41,22,39,122,135,25,126" hai3="46,16,10,91,37,38,36,26,99,32,98,71,119"/><T121/><D121/><U108/><E55/><V96/><F122/><W114/><G119/><T95/><D43/><U67/><E34/><V87/><F73/><W75/><G75/><T84/><D51/><U62/><E4/><V76/><F3/><W64/><G32/><T125/><D125/><U103/><E103/><V100/><F126/><W50/><G114/><T81/><D69/><U21/><E86/><V90/><F131/><W35/><G64/><N who="1" m="24618" /><E29/><V20/><F135/><N who="1" m="51785" /><E78/><V27/><F12/><W120/><G120/><T28/><D63/><N who="1" m="24107" /><E127/><V124/><F76/><W13/><G71/><T15/><D15/><U2/><E2/><V102/><F124/><W45/><G45/><T47/><REACH who="0" step="1"/><D83/><REACH who="0" ten="129,237,303,321" step="2"/><U105/><E105/><V113/><F41/><W18/><G50/><T97/><D97/><U85/><E85/><V44/><F87/><W115/><G99/><T80/><D80/><U72/><E72/><V52/><F96/><W106/><G98/><T116/><D116/><U1/><E1/><V117/><F117/><W59/><G13/><T9/><D9/><U118/><E118/><V129/><F44/><W128/><G46/><T30/><D30/><U57/><E57/><V48/><F48/><W56/><G59/><T82/><D82/><U61/><E61/><V54/><F102/><W104/><G56/><T65/><D65/><U134/><E134/><V74/><F100/><W68/><G68/><T58/><D58/><U11/><E11/><V112/><F74/><W107/><G10/><T17/><D17/><U77/><E77/><AGARI ba="0,1" hai="7,8,14,24,28,33,47,49,53,77,81,84,93,95" machi="77" ten="30,2900,0" yaku="1,1,7,1,53,0" doraHai="70" doraHaiUra="130" who="0" fromWho="1" sc="129,39,237,-29,303,0,321,0" /><INIT seed="4,1,0,3,3,131" ten="168,208,303,321" oya="0" hai0="105,77,129,23,28,63,116,35,86,90,89,54,70" hai1="113,43,24,20,49,66,130,93,59,55,81,8,2" hai2="74,18,62,11,30,87,22,71,0,135,102,61,57" hai3="29,52,125,19,101,132,106,27,36,82,25,94,103"/><T42/><D116/><U76/><E130/><V111/><F74/><W21/><G106/><T123/><D123/><U124/><E124/><V17/><F111/><W96/><G125/><T84/><D35/><U120/><E120/><V119/><F119/><W104/><G36/><T68/><D105/><U80/><E113/><V45/><F102/><W5/><G5/><T14/><D42/><U33/><E33/><V133/><F71/><W112/><G112/><T64/><D70/><U47/><E66/><V3/><F45/><W85/><G132/><N who="2" m="50761" /><F87/><W100/><G52/><T44/><D129/><U127/><E127/><V51/><F51/><W16/><G104/><T6/><D84/><U98/><E8/><V31/><F62/><W26/><G19/><N who="2" m="7177" /><F22/><W32/><REACH who="3" step="1"/><G26/><REACH who="3" ten="168,208,303,311" step="2"/><T53/><D53/><U114/><E24/><V118/><F118/><W73/><G73/><T40/><D54/><U15/><E55/><N who="2" m="33983" /><F0/><W7/><G7/><AGARI ba="1,1" hai="3,7,11,30,31" m="33983,7177,50761" machi="7" ten="30,7700,0" yaku="20,1,52,3" doraHai="131" who="2" fromWho="3" sc="168,0,208,0,303,90,311,-80" /><INIT seed="5,0,0,3,1,61" ten="168,208,393,231" oya="1" hai0="118,34,72,90,106,117,130,33,85,101,19,28,57" hai1="11,4,123,13,97,135,29,94,83,79,9,10,119" hai2="54,52,36,68,66,111,64,129,12,62,128,108,99" hai3="126,15,23,69,109,48,92,100,71,44,112,121,5"/><U55/><E135/><V113/><F99/><W53/><G109/><N who="2" m="42057" /><F12/><W41/><G121/><T31/><D72/><U104/><E119/><V6/><F6/><W42/><G112/><T107/><D57/><U46/><E104/><V63/><F36/><W73/><G126/><T35/><D19/><U74/><E123/><V132/><F132/><W80/><G71/><T120/><D120/><U60/><E29/><V116/><F116/><W102/><G69/><T110/><D34/><U38/><E38/><V95/><F95/><W134/><G134/><T49/><D49/><U67/><E55/><N who="2" m="21035" /><F113/><W8/><G73/><T30/><D30/><U133/><E133/><V27/><F27/><W91/><G80/><T45/><D110/><U115/><E115/><V18/><F18/><W43/><REACH who="3" step="1"/><G23/><REACH who="3" ten="168,208,393,221" step="2"/><T14/><D117/><U87/><E74/><V114/><F114/><W82/><G82/><T131/><D118/><U127/><E127/><V93/><F93/><W65/><G65/><T70/><D35/><U58/><REACH who="1" step="1"/><E46/><REACH who="1" ten="168,198,393,221" step="2"/><V32/><F32/><W86/><AGARI ba="0,2" hai="5,8,15,41,42,43,44,48,53,86,91,92,100,102" machi="86" ten="30,12000,2" yaku="1,1,0,1,8,1,53,3" doraHai="61" doraHaiUra="39" who="3" fromWho="3" sc="168,-30,198,-60,393,-30,221,140" /><INIT seed="6,0,0,3,2,47" ten="138,138,363,361" oya="2" hai0="124,73,110,69,74,130,123,103,71,31,116,89,43" hai1="42,134,135,111,118,80,127,64,114,55,96,30,28" hai2="115,84,53,70,20,56,58,66,68,67,51,86,75" hai3="25,133,3,39,65,4,15,19,37,27,125,108,83"/><V126/><F126/><W8/><G108/><T102/><D123/><U109/><E127/><V128/><F75/><W17/><G125/><T100/><D124/><U22/><E118/><V79/><F115/><W52/><G65/><T35/><D110/><U50/><E114/><V88/><F128/><W91/><G133/><N who="1" m="50698" /><E64/><N who="2" m="24619" /><F68/><W21/><G27/><T98/><D116/><U132/><N who="1" m="50706" /><U24/><DORA hai="85" /><E30/><V5/><F5/><W46/><G83/><T11/><D43/><U54/><E42/><V16/><F79/><W48/><G91/><T44/><D44/><N who="1" m="27975" /><E80/><N who="2" m="49159" /><F86/><W81/><G81/><T45/><D71/><U90/><E55/><V34/><F34/><W72/><G72/><T76/><D69/><U131/><E131/><V104/><F104/><W23/><AGARI ba="0,0" hai="3,4,8,15,17,19,21,23,25,37,39,46,48,52" machi="23" ten="20,5200,0" yaku="0,1,7,1,52,1,54,1" doraHai="47,85" who="3" fromWho="3" sc="138,-13,138,-13,363,-26,361,52" /><INIT seed="7,0,0,3,0,99" ten="125,125,337,413" oya="3" hai0="35,26,80,109,113,0,17,135,34,67,124,44,101" hai1="97,32,128,68,114,73,27,45,23,20,13,133,1" hai2="77,104,66,103,56,25,81,41,91,40,79,95,63" hai3="70,102,112,53,9,11,19,57,18,69,131,105,62"/><W36/><G36/><T125/><D109/><U52/><E1/><V6/><F6/><W132/><G112/><T116/><D116/><U119/><E68/><V65/><F65/><W121/><G121/><T39/><D0/><U76/><E114/><V22/><F104/><W106/><G132/><T38/><D113/><U117/><E133/><V55/><F79/><W64/><G131/><T50/><D135/><U28/><E128/><V93/><F93/><W84/><G70/><T123/><D123/><U49/><E13/><V134/><F134/><W107/><G84/><T12/><D101/><U31/><E97/><V24/><F24/><W88/><G88/><T120/><D120/><U89/><E89/><V59/><F103/><W7/><G102/><T98/><D98/><U48/><E48/><V58/><F58/><W60/><REACH who="3" step="1"/><G11/><REACH who="3" ten="125,125,337,403" step="2"/><N who="0" m="6303" /><D80/><N who="1" m="45071" /><E31/><V51/><F81/><W118/><G118/><AGARI ba="0,1" hai="20,23,27,28,32,45,49,52,117,118,119" m="45071" machi="118" ten="30,2000,0" yaku="12,1,54,1" doraHai="99" who="1" fromWho="3" sc="125,0,125,30,337,0,403,-20" owari="125,-37.0,155,-24.0,337,14.0,383,47.0" /></mjloggm>