<mjloggm ver="2.3"><GO type="169" lobby="0"/><UN n0="%E3%81%B5%E3%81%98%E3%81%8B%E3%81%A4" n1="%4D%69%65%73%71%75%65" n2="%74%2E%6F%2E%6F%2E%73" n3="%EF%BC%A9%EF%BC%A3%EF%BC%A8%EF%BC%A9" dan="17,16,18,17" rate="2167.07,2115.08,2263.68,2216.23" sx="M,M,M,M"/><TAIKYOKU oya="0"/><INIT seed="0,0,0,3,5,49" ten="250,250,250,250" oya="0" hai0="60,121,101,104,69,112,84,111,124,74,131,79,102" hai1="28,118,82,29,129,54,55,76,9,114,46,25,22" hai2="123,50,117,1,39,130,86,47,110,88,68,105,99" hai3="87,56,78,75,41,36,21,42,11,125,115,64,122"/><T4/><D121/><U24/><E118/><V100/><F123/><W109/><G75/><T135/><D112/><U66/><E129/><V71/><F110/><W45/><G109/><T91/><D111/><U51/><E66/><V85/><F130/><W97/><G115/><T126/><D4/><U5/><E114/><V44/><F1/><W10/><G42/><T103/><D131/><U15/><E51/><V61/><F117/><W81/><G125/><N who="0" m="48235" /><D69/><U132/><E46/><V8/><F8/><W127/><G122/><T96/><D60/><U7/><E7/><V34/><F34/><W67/><G127/><T57/><D57/><U16/><E5/><V38/><F85/><W2/><G2/><T20/><D20/><U83/><E132/><V106/><F106/><W95/><G21/><T59/><D59/><U77/><E82/><V72/><F72/><W27/><G11/><T0/><D135/><U33/><E77/><V134/><F134/><W6/><G56/><T98/><D0/><U31/><E29/><V63/><F44/><W12/><G10/><T35/><D35/><U32/><E22/><V23/><F23/><W14/><G6/><T43/><D43/><U73/><AGARI ba="0,0" hai="9,15,16,24,25,28,31,32,33,54,55,73,76,83" machi="73" ten="20,12000,2" yaku="0,1,7,1,9,1,52,2,54,1" doraHai="49" who="1" fromWho="1" sc="250,-60,250,120,250,-30,250,-30" /><INIT seed="1,0,0,4,1,126" ten="190,370,220,220" oya="1" hai0="99,17,26,105,36,98,68,127,37,8,94,32,90" hai1="88,75,93,41,109,133,106,115,83,45,129,59,61" hai2="43,47,15,5,84,128,48,62,63,78,58,3,31" hai3="44,6,10,124,87,132,111,29,120,82,33,9,27"/><U97/><E115/><V4/><F3/><W85/><G120/><T74/><D127/><U117/><E117/><V89/><F128/><W52/><G124/><T38/><D68/><U95/><E133/><V2/><F2/><W131/><G111/><T16/><D74/><U28/><E106/><V53/><F31/><W30/><G132/><T76/><D76/><U92/><E129/><V102/><F102/><W0/><G30/><T40/><D40/><U50/><E109/><V55/><F78/><W79/><G10/><T135/><D135/><U123/><E123/><V81/><REACH who="2" step="1"/><F15/><REACH who="2" ten="190,370,210,220" step="2"/><W108/><G108/><T39/><D32/><U19/><E28/><V21/><F21/><W54/><G131/><T46/><D26/><U56/><E75/><V49/><F49/><W1/><G1/><T121/><D39/><U18/><E97/><V114/><F114/><W13/><G0/><T116/><D121/><U51/><E51/><V14/><F14/><W130/><G130/><T101/><D116/><U67/><REACH who="1" step="1"/><E59/><AGARI ba="0,1" hai="4,5,43,47,48,53,55,58,59,62,63,81,84,89" machi="59" ten="40,5200,0" yaku="1,1,9,1,8,1,53,0" doraHai="126" doraHaiUra="103" who="2" fromWho="1" sc="190,0,370,-52,210,62,220,0" /><INIT seed="2,0,0,3,1,90" ten="190,318,272,220" oya="2" hai0="97,119,37,27,41,47,81,62,95,127,74,44,116" hai1="51,28,80,88,117,122,6,0,68,23,35,60,123" hai2="86,55,101,46,34,66,3,75,107,99,38,50,72" hai3="12,131,14,109,4,13,133,32,69,57,49,65,17"/><V87/><F3/><W48/><G32/><T40/><D27/><U29/><E117/><N who="0" m="45129" /><D62/><U64/><E35/><V45/><F34/><W128/><G69/><T42/><D127/><U118/><E118/><V70/><F70/><W15/><G4/><T135/><D135/><U108/><E108/><V5/><F5/><W78/><G109/><T125/><D125/><U104/><E104/><V43/><REACH who="2" step="1"/><F66/><REACH who="2" ten="190,318,262,220" step="2"/><W25/><G65/><T85/><D37/><U2/><E2/><V102/><F102/><W130/><G130/><T59/><D74/><AGARI ba="0,1" hai="38,43,45,46,50,55,72,74,75,86,87,99,101,107" machi="74" ten="40,3900,0" yaku="1,1,53,1" doraHai="90" doraHaiUra="94" who="2" fromWho="0" sc="190,-39,318,0,262,49,220,0" /><INIT seed="2,1,0,0,0,16" ten="151,318,311,220" oya="2" hai0="118,15,39,108,67,33,113,14,23,100,40,46,105" hai1="133,83,22,96,117,134,135,48,56,74,60,116,41" hai2="89,79,37,107,110,106,121,120,6,49,90,55,63" hai3="68,104,91,77,132,35,119,54,115,101,11,20,124"/><V13/><F37/><W17/><G35/><T38/><D113/><U19/><E96/><V66/><F79/><W99/><G119/><T81/><D33/><U109/><E109/><V88/><F110/><W12/><G115/><T87/><D118/><U62/><E62/><V114/><F114/><W102/><G132/><T93/><D38/><U47/><E83/><V25/><F25/><W58/><G124/><T57/><D108/><U32/><E32/><V127/><F127/><W84/><G68/><T126/><D105/><U122/><E74/><V2/><F2/><W51/><G102/><T44/><D44/><U52/><REACH who="1" step="1"/><E122/><REACH who="1" ten="151,308,311,220" step="2"/><V98/><F121/><W129/><G77/><T125/><D81/><U75/><E75/><V65/><F120/><W0/><G99/><T50/><D126/><U97/><E97/><V29/><F98/><W26/><G91/><T59/><D100/><U21/><E21/><V128/><F106/><W85/><G101/><T92/><D125/><U53/><E53/><V130/><F107/><W111/><G104/><T9/><D23/><U43/><E43/><V36/><F63/><W1/><G111/><T80/><D67/><U5/><E5/><V3/><F65/><W94/><G85/><T28/><D93/><U18/><E18/><V76/><F66/><W131/><G94/><T69/><D92/><U45/><E45/><V8/><F90/><W4/><G84/><T78/><D28/><U95/><E95/><V27/><F89/><W72/><G72/><T42/><D42/><U112/><E112/><V64/><F88/><W31/><G31/><RYUUKYOKU ba="1,1" sc="151,-15,308,15,311,-15,220,15" hai1="19,22,41,47,48,52,56,60,116,117,133,134,135" hai3="0,1,4,11,12,17,20,26,51,54,58,129,131" /><INIT seed="3,2,1,0,5,125" ten="136,323,296,235" oya="3" hai0="131,34,99,84,14,93,35,86,119,63,92,56,134" hai1="51,53,55,31,5,19,135,9,112,40,67,2,48" hai2="32,69,43,4,91,37,114,16,47,64,98,60,89" hai3="97,87,120,90,25,80,10,62,126,77,104,107,21"/><W1/><G126/><T129/><D119/><U54/><E112/><V115/><F32/><N who="0" m="12330" /><D14/><U41/><E31/><V23/><F4/><W95/><G120/><T13/><D13/><U79/><E67/><V132/><F132/><W44/><G1/><T74/><D74/><U36/><E19/><V73/><F73/><W11/><G107/><T82/><D134/><U81/><E135/><V121/><F121/><W39/><G104/><T58/><D63/><U17/><E17/><V29/><F29/><W123/><G123/><T72/><D72/><N who="1" m="43239" /><E41/><V118/><F118/><W38/><G62/><T71/><D71/><U88/><E88/><V85/><F98/><W124/><G124/><T110/><D110/><U3/><E3/><V94/><REACH who="2" step="1"/><F91/><REACH who="2" ten="136,323,286,235" step="2"/><W61/><G97/><T0/><D99/><U49/><E49/><V20/><F20/><W108/><G21/><T42/><D0/><U111/><E111/><V103/><F103/><W83/><G108/><T117/><D117/><U66/><E51/><V106/><F106/><W27/><G90/><T101/><D101/><U12/><E48/><V45/><F45/><W133/><G44/><T75/><D75/><U26/><E5/><V70/><F70/><W122/><G122/><T7/><D7/><U52/><E2/><V33/><F33/><W24/><G133/><T46/><D46/><U76/><E76/><V68/><F68/><W57/><G77/><N who="0" m="46159" /><D42/><U50/><E40/><V22/><F22/><W59/><G39/><T100/><D100/><U130/><E36/><V127/><F127/><W15/><G38/><T65/><D86/><RYUUKYOKU ba="2,2" sc="136,-10,323,-10,286,30,235,-10" hai2="16,23,37,43,47,60,64,69,85,89,94,114,115" /><INIT seed="4,3,2,0,3,109" ten="126,313,316,225" oya="0" hai0="134,122,108,44,63,47,41,16,100,86,121,103,83" hai1="102,125,84,9,106,82,124,114,94,101,0,33,72" hai2="73,123,59,133,64,39,135,118,55,127,119,18,111" hai3="43,65,112,2,130,15,92,6,11,75,89,49,21"/><T110/><D63/><U24/><E106/><V113/><F73/><W30/><G75/><T20/><D41/><U37/><E72/><V132/><F18/><W95/><G130/><T31/><D31/><N who="1" m="19687" /><E37/><V3/><F3/><W4/><G65/><T60/><D60/><U87/><E87/><V98/><F111/><N who="0" m="42538" /><D134/><U81/><E81/><V68/><F123/><N who="0" m="47114" /><D103/><N who="1" m="39435" /><E94/><V50/><F98/><W115/><G43/><T34/><D100/><U129/><E129/><V19/><F19/><W99/><G49/><T5/><D5/><U97/><E97/><V45/><F39/><W88/><G6/><T35/><D86/><U61/><E61/><N who="2" m="37951" /><F68/><W85/><REACH who="3" step="1"/><G2/><REACH who="3" ten="126,313,316,215" step="2"/><T62/><D62/><U8/><E0/><V28/><F132/><W126/><G126/><N who="1" m="48746" /><E114/><V80/><F127/><W70/><G70/><T10/><D83/><U12/><E12/><V91/><F133/><W32/><G32/><N who="0" m="12331" /><D10/><U1/><E1/><V128/><F128/><W96/><G96/><T22/><D22/><U54/><E54/><V52/><F52/><W23/><G23/><T42/><D42/><U57/><E57/><V78/><F55/><W116/><G116/><T7/><D7/><U74/><E74/><V46/><F118/><W105/><G105/><T117/><D117/><U29/><E29/><V40/><F28/><W38/><G38/><T69/><D69/><U71/><E71/><V76/><F119/><W104/><G104/><T48/><D48/><U90/><AGARI ba="3,3" hai="8,9,82,84,90" m="48746,39435,19687" machi="90" ten="30,1100,0" yaku="18,1" doraHai="109" who="1" fromWho="1" sc="126,-8,313,50,316,-6,215,-6" /><INIT seed="5,0,0,3,5,98" ten="118,363,310,209" oya="1" hai0="58,19,55,84,135,90,0,37,126,115,86,112,123" hai1="91,107,22,53,89,132,79,12,60,105,99,18,4" hai2="31,82,85,39,63,15,93,106,95,29,17,59,127" hai3="40,73,51,87,121,32,77,96,68,88,113,108,114"/><U34/><E34/><V27/><F127/><W78/><G68/><T38/><D0/><U134/><E79/><N who="3" m="30218" /><G32/><T10/><D126/><U118/><E118/><V23/><F106/><W103/><G40/><T64/><D64/><U24/><E105/><V92/><F39/><W76/><G51/><T117/><D117/><U109/><E109/><V66/><REACH who="2" step="1"/><F27/><REACH who="2" ten="118,363,300,209" step="2"/><W42/><G108/><T131/><D38/><U125/><E125/><V62/><F62/><W45/><G73/><T54/><D37/><U43/><E107/><V30/><F30/><W44/><G121/><T70/><D123/><U41/><E24/><V50/><F50/><W116/><G116/><T72/><D72/><U133/><E60/><V97/><F97/><W52/><G96/><T1/><D86/><U71/><E99/><V57/><F57/><W69/><G87/><T8/><D58/><U47/><E71/><V49/><F49/><W75/><G69/><T100/><D70/><U102/><E134/><V94/><N who="2" m="23552" /><DORA hai="26" /><V11/><F11/><W14/><G75/><T129/><D135/><U3/><E132/><V13/><F13/><W35/><G14/><N who="0" m="7623" /><D10/><U61/><E133/><V111/><F111/><W5/><G114/><N who="0" m="43563" /><D1/><U81/><E3/><V119/><F119/><W80/><G113/><T48/><D48/><U46/><E61/><V36/><F36/><W56/><G56/><T122/><D122/><U110/><E110/><V104/><F104/><W16/><G80/><N who="0" m="49415" /><D100/><U20/><E81/><V130/><F130/><AGARI ba="0,1" hai="54,55,129,130,131" m="49415,43563,7623" machi="130" ten="30,2000,0" yaku="19,1,15,1" doraHai="98,26" who="0" fromWho="2" sc="118,30,363,0,300,-20,209,0" /><INIT seed="6,0,0,1,3,129" ten="148,363,280,209" oya="2" hai0="65,108,120,91,12,59,51,71,10,58,124,109,118" hai1="105,63,114,47,41,39,17,0,3,60,20,54,49" hai2="16,76,2,89,56,78,46,33,93,52,6,122,87" hai3="69,7,98,9,110,27,132,81,128,116,8,22,130"/><V55/><F122/><W100/><G110/><T99/><D120/><U23/><E105/><V1/><F33/><W83/><G116/><T123/><D123/><U82/><E114/><V126/><F126/><W79/><G69/><T95/><D118/><U62/><E82/><V38/><F1/><W90/><G90/><T104/><D124/><U13/><REACH who="1" step="1"/><E23/><REACH who="1" ten="148,353,280,209" step="2"/><V74/><F74/><W32/><G83/><T66/><D104/><U37/><E37/><V70/><F38/><W42/><G81/><T73/><D109/><U85/><E85/><V14/><F76/><W77/><G22/><T106/><D106/><U113/><E113/><V115/><F78/><W34/><G79/><T107/><D107/><U68/><E68/><V50/><F115/><W26/><G77/><T102/><D71/><U24/><E24/><V125/><F70/><W11/><G27/><T134/><D108/><U131/><E131/><V67/><F125/><W101/><G26/><T43/><D73/><U84/><E84/><V111/><F111/><W44/><G34/><T135/><D66/><U61/><N who="1" m="15360" /><DORA hai="15" /><U94/><E94/><V97/><F67/><W112/><G32/><T45/><D65/><U57/><AGARI ba="0,1" hai="0,3,13,17,20,39,41,47,49,54,57" m="15360" machi="57" ten="40,5200,0" yaku="1,1,0,1,52,1,53,0" doraHai="129,15" doraHaiUra="29,96" who="1" fromWho="1" sc="148,-13,353,62,280,-26,209,-13" /><INIT seed="7,0,0,3,0,123" ten="135,415,254,196" oya="3" hai0="109,32,7,69,44,48,81,57,131,63,102,18,113" hai1="70,71,16,10,110,120,122,54,41,38,118,59,127" hai2="97,80,65,83,25,53,82,23,107,28,73,66,34" hai3="91,74,4,11,33,106,27,76,43,24,100,13,103"/><W50/><G74/><T130/><D32/><U128/><E110/><V77/><F34/><W126/><G76/><T67/><D7/><U35/><E35/><V49/><F73/><W1/><G126/><T129/><D102/><U68/><E16/><V132/><F132/><W45/><G106/><T90/><D18/><U47/><E10/><V86/><F107/><W115/><G27/><T84/><D113/><U36/><E38/><V124/><F97/><W117/><G117/><T114/><D114/><U12/><E12/><V94/><F124/><W8/><G115/><T135/><D135/><U6/><E6/><V19/><F28/><W89/><G103/><T79/><D69/><U29/><E29/><V9/><F9/><W116/><G116/><T20/><D20/><U64/><E128/><V133/><F133/><W30/><G100/><T42/><D79/><U96/><E96/><V105/><F105/><W5/><AGARI ba="0,0" hai="1,4,5,8,11,13,24,30,33,43,45,50,89,91" machi="5" ten="20,2100,0" yaku="0,1,7,1" doraHai="123" who="3" fromWho="3" sc="135,-7,415,-7,254,-7,196,21" /><INIT seed="7,1,0,5,1,40" ten="128,408,247,217" oya="3" hai0="20,28,95,67,55,12,48,37,39,120,101,82,96" hai1="75,132,34,71,127,64,1,128,106,73,23,63,110" hai2="22,104,11,0,122,99,93,45,51,21,9,31,81" hai3="123,83,29,102,90,111,134,62,133,97,16,107,26"/><W56/><G123/><T32/><D120/><U58/><RYUUKYOKU type="yao9" ba="1,0" sc="128,0,408,0,247,0,217,0" hai1="1,23,34,58,63,64,71,73,75,106,110,127,128,132" /><INIT seed="7,2,0,3,5,35" ten="128,408,247,217" oya="3" hai0="128,127,19,26,80,0,93,2,53,67,14,132,1" hai1="106,30,78,50,73,71,72,66,58,134,112,118,34" hai2="90,48,82,88,115,12,131,61,55,102,59,44,64" hai3="36,54,4,63,39,130,92,68,3,25,38,120,129"/><W42/><G120/><T121/><D121/><U125/><E50/><V6/><F115/><W32/><G42/><T79/><D67/><U135/><E58/><N who="2" m="36919" /><F131/><N who="3" m="50187" /><G92/><T101/><D128/><U117/><E112/><V43/><F102/><W87/><G87/><T119/><D119/><N who="1" m="45579" /><E125/><V76/><F76/><W99/><G99/><T97/><D127/><U69/><E106/><V116/><F116/><W100/><G100/><T33/><D132/><N who="1" m="50731" /><E78/><V70/><F70/><N who="1" m="26633" /><E66/><V27/><F90/><W123/><G123/><T109/><D109/><U47/><E47/><V104/><F88/><W111/><G111/><T13/><D53/><U114/><E114/><V17/><F104/><W51/><G63/><T22/><REACH who="0" step="1"/><D33/><REACH who="0" ten="118,408,247,217" step="2"/><U16/><E34/><V95/><F55/><W83/><G32/><T62/><D62/><U7/><E73/><V86/><F43/><W11/><G68/><T29/><D29/><U21/><E30/><V52/><F52/><W23/><G54/><T96/><D96/><U85/><E72/><V56/><F56/><W28/><G28/><T24/><D24/><U18/><E85/><V65/><F86/><W20/><G25/><T45/><D45/><U94/><E94/><V31/><F95/><W46/><G46/><T122/><D122/><U84/><E84/><V107/><F59/><W77/><G83/><T75/><AGARI ba="2,1" hai="0,1,2,13,14,19,22,26,75,79,80,93,97,101" machi="75" ten="30,8000,1" yaku="1,1,0,1,52,3,53,0" doraHai="35" doraHaiUra="110" who="0" fromWho="0" sc="118,96,408,-22,247,-22,217,-42" owari="214,-19.0,386,48.0,225,3.0,175,-32.0" /></mjloggm>