<mjloggm ver="2.3"><GO type="169" lobby="0"/><UN n0="%E3%82%A2%E3%83%95%E3%83%AA%E3%82%AB" n1="%6F%73%61%74%61%64%61" n2="%74%65%63%68%74%6F" n3="%E3%81%8B%E3%81%93%E3%81%A8%E3%82%93" dan="16,16,16,17" rate="2185.26,2039.71,2044.91,2117.98" sx="M,M,M,M"/><TAIKYOKU oya="0"/><INIT seed="0,0,0,2,5,12" ten="250,250,250,250" oya="0" hai0="37,50,17,30,107,96,77,56,79,58,13,72,119" hai1="45,78,74,113,101,118,24,64,135,29,130,62,25" hai2="54,103,3,27,10,88,124,71,91,32,59,129,66" hai3="115,117,134,52,128,1,109,83,89,87,112,102,2"/><T95/><D37/><U69/><E118/><V20/><F129/><W68/><G117/><T43/><D107/><U28/><E130/><V121/><F32/><W49/><G128/><T0/><D0/><U47/><E135/><V99/><F121/><W65/><G134/><T133/><D133/><U63/><E78/><N who="0" m="29705" /><D30/><U36/><E74/><V4/><F124/><W123/><G123/><T73/><D73/><U110/><E36/><V21/><F66/><W92/><G1/><T61/><D72/><U108/><E101/><V16/><F21/><W104/><G2/><T70/><D70/><U93/><E93/><V6/><F6/><W26/><G104/><T86/><D86/><U33/><E113/><V46/><F46/><W76/><G102/><T111/><D111/><N who="1" m="42539" /><E63/><V120/><F71/><W85/><G109/><T40/><D50/><U100/><E100/><V60/><REACH who="2" step="1"/><F120/><REACH who="2" ten="250,250,240,250" step="2"/><W44/><G68/><T14/><D119/><U125/><E125/><V34/><F34/><AGARI ba="0,1" hai="24,25,28,29,33,34,45,47,62,64,69" m="42539" machi="34" ten="30,1000,0" yaku="14,1" doraHai="12" who="1" fromWho="2" sc="250,0,250,20,240,-10,250,0" /><INIT seed="1,0,0,5,2,88" ten="250,270,230,250" oya="1" hai0="117,131,20,69,29,71,26,32,64,49,41,39,40" hai1="31,118,99,14,59,72,11,57,0,2,112,94,80" hai2="104,54,85,108,130,106,110,42,116,1,84,121,15" hai3="30,122,132,5,10,98,134,100,4,22,38,25,95"/><U33/><E112/><V56/><F1/><W78/><G38/><T51/><D39/><U96/><E118/><V13/><F121/><W135/><G122/><T23/><D117/><U127/><E127/><V61/><F116/><W102/><G78/><T24/><D64/><U101/><E31/><V114/><F130/><W45/><G45/><T70/><D131/><U50/><E33/><V93/><F42/><W97/><REACH who="3" step="1"/><G10/><REACH who="3" ten="250,270,230,240" step="2"/><T6/><D6/><U65/><E11/><V120/><F120/><W86/><G86/><T105/><D105/><AGARI ba="0,1" hai="4,5,22,25,30,95,97,98,100,102,105,132,134,135" machi="105" ten="40,8000,1" yaku="1,1,20,1,52,1,53,2" doraHai="88" doraHaiUra="92" who="3" fromWho="0" sc="250,-80,270,0,230,0,240,90" /><INIT seed="2,0,0,5,5,22" ten="170,270,230,330" oya="2" hai0="79,74,61,126,127,37,31,87,132,33,93,65,106" hai1="24,130,78,25,1,26,29,115,6,114,134,68,119" hai2="19,12,77,120,103,102,89,14,111,17,8,122,9" hai3="81,55,21,90,116,133,56,118,83,62,80,38,129"/><V18/><F77/><W63/><G133/><T3/><D37/><U76/><E68/><V82/><F111/><W27/><G129/><T0/><D132/><U52/><E134/><V39/><F39/><W32/><G32/><T104/><D87/><U51/><E130/><V2/><F2/><N who="0" m="554" /><D93/><U49/><E29/><V54/><F18/><W99/><G38/><T53/><D53/><U58/><E119/><V123/><F54/><W72/><G72/><T105/><D79/><U44/><E78/><V95/><REACH who="2" step="1"/><F82/><REACH who="2" ten="170,270,220,330" step="2"/><W86/><G116/><T88/><D74/><U23/><E76/><V59/><F59/><W45/><G118/><T30/><D65/><U91/><E1/><V50/><F50/><W109/><G109/><T71/><D71/><U75/><E49/><V35/><F35/><W108/><G108/><T117/><D117/><U125/><E75/><V67/><F67/><W70/><G70/><T100/><D33/><U46/><E58/><V94/><F94/><N who="3" m="56791" /><G63/><T131/><D61/><U101/><E46/><V110/><F110/><W66/><G45/><T112/><D131/><U43/><E44/><V98/><AGARI ba="0,1" hai="8,9,12,14,17,19,89,95,98,102,103,120,122,123" machi="98" ten="30,6000,0" yaku="1,1,0,1,9,1,53,0" doraHai="22" doraHaiUra="47" who="2" fromWho="2" sc="170,-20,270,-20,220,70,330,-20" /><INIT seed="2,1,0,3,0,5" ten="150,250,290,310" oya="2" hai0="96,46,130,35,131,49,79,19,95,114,0,122,21" hai1="61,6,69,97,127,90,54,113,59,24,32,36,18" hai2="75,60,74,121,28,91,101,66,42,87,89,115,129" hai3="53,65,70,68,76,132,93,3,77,80,81,78,43"/><V118/><F115/><W104/><G104/><T10/><D35/><U33/><E127/><V62/><F121/><W99/><G132/><T44/><D122/><U15/><E36/><V23/><F118/><W63/><G3/><T37/><D114/><U56/><E69/><V7/><F129/><N who="0" m="49162" /><D79/><U39/><E39/><V100/><F42/><W82/><G43/><T106/><D106/><U47/><E47/><V45/><F45/><W126/><G126/><T84/><D84/><U119/><E119/><V134/><F134/><W13/><G53/><T133/><D37/><U58/><E6/><V71/><F7/><W107/><G107/><T16/><D49/><U25/><E33/><V103/><F62/><W2/><G2/><T14/><D133/><U135/><E135/><V109/><F89/><W110/><G68/><T48/><D48/><U55/><E32/><V26/><REACH who="2" step="1"/><F109/><REACH who="2" ten="150,250,280,310" step="2"/><W30/><G110/><T4/><D19/><U57/><E113/><V27/><F27/><W112/><G112/><T64/><D64/><U85/><E25/><V17/><F17/><W123/><G123/><T102/><AGARI ba="1,1" hai="0,4,10,14,16,21,44,46,95,96,102" m="49162" machi="102" ten="30,4000,0" yaku="19,1,52,1,54,1" doraHai="5" who="0" fromWho="0" sc="150,53,250,-11,280,-21,310,-11" /><INIT seed="3,0,0,3,3,80" ten="203,239,259,299" oya="3" hai0="74,106,8,45,4,67,19,9,24,119,55,107,2" hai1="11,98,21,108,16,54,102,32,82,73,129,18,69" hai2="112,27,133,72,7,134,89,65,76,20,1,118,38" hai3="90,35,104,101,26,10,23,113,128,88,117,110,71"/><W81/><G117/><T123/><D74/><U50/><E32/><V47/><F112/><W62/><G113/><T3/><D119/><U30/><E69/><V29/><F65/><W105/><G128/><T13/><D123/><U103/><E108/><V126/><F89/><W132/><G132/><T124/><D124/><U61/><E61/><V97/><F97/><W95/><G35/><T40/><D55/><U33/><E33/><V5/><F126/><W120/><G120/><T43/><D67/><U78/><E103/><V100/><F100/><W58/><G71/><T96/><D96/><U0/><E30/><V15/><F15/><W39/><G39/><T94/><D94/><U79/><E79/><V114/><F114/><W116/><G116/><T36/><D43/><U28/><E0/><V57/><F57/><W121/><G121/><T52/><D24/><U111/><E111/><V37/><F38/><W41/><G101/><T14/><REACH who="0" step="1"/><D52/><REACH who="0" ten="193,239,259,299" step="2"/><U53/><E54/><V22/><F118/><W86/><G41/><T77/><D77/><U17/><E53/><V31/><F76/><W75/><G110/><T87/><D87/><U131/><E129/><V68/><F72/><W130/><G75/><T34/><D34/><U91/><E131/><V135/><F68/><W48/><G130/><T25/><D25/><U51/><E73/><V6/><F27/><W49/><G26/><T59/><D59/><U85/><E78/><V109/><F109/><W64/><G58/><T12/><D12/><U99/><E98/><V127/><F127/><W60/><G64/><T92/><D92/><RYUUKYOKU ba="0,1" sc="193,30,239,-10,259,-10,299,-10" hai0="2,3,4,8,9,13,14,19,36,40,45,106,107" /><INIT seed="4,1,1,2,5,101" ten="223,229,249,289" oya="0" hai0="121,120,71,56,61,19,53,130,60,44,99,115,66" hai1="83,33,3,49,76,97,31,40,117,96,79,4,127" hai2="91,95,92,5,20,128,131,32,129,2,112,94,104" hai3="14,67,35,42,110,126,82,39,90,103,29,118,24"/><T36/><D19/><U81/><E127/><V78/><F32/><W98/><G126/><T80/><D80/><U28/><E33/><V116/><F20/><W8/><G118/><T108/><D99/><U62/><E3/><V30/><F30/><W64/><G110/><T88/><D88/><U69/><E4/><V37/><F37/><W41/><G90/><T58/><D108/><U109/><E117/><V114/><F5/><W74/><G82/><T87/><D87/><U55/><E40/><V45/><F45/><W34/><G34/><T135/><D130/><U0/><E0/><V43/><F43/><W63/><G74/><T11/><D11/><U6/><E6/><V38/><F38/><W57/><G39/><T13/><D13/><U25/><E25/><V122/><F2/><W22/><G35/><T73/><D73/><U46/><E81/><V59/><F59/><W10/><G67/><N who="0" m="39319" /><D135/><U107/><E79/><V93/><F116/><W1/><G1/><T72/><D72/><U100/><E97/><N who="2" m="57503" /><F78/><W48/><G8/><T124/><D124/><U9/><E9/><V23/><F23/><W52/><G10/><T27/><D27/><U17/><E17/><V54/><F104/><W15/><G14/><T134/><D134/><U75/><REACH who="1" step="1"/><E109/><REACH who="1" ten="223,219,249,289" step="2"/><V105/><F131/><W106/><G15/><T47/><D36/><U133/><E133/><V21/><F129/><W12/><G12/><T26/><D26/><U119/><E119/><V50/><F128/><W132/><G132/><T102/><D102/><U123/><E123/><V85/><F122/><W84/><G24/><RYUUKYOKU ba="1,2" sc="223,-10,219,30,249,-10,289,-10" hai1="28,31,46,49,55,62,69,75,76,83,96,100,107" /><INIT seed="5,2,2,3,4,12" ten="213,249,239,279" oya="1" hai0="114,85,13,50,0,4,43,61,101,87,92,16,86" hai1="78,117,25,118,46,55,66,30,45,115,77,41,127" hai2="8,48,1,89,112,64,76,103,110,120,94,108,31" hai3="116,2,6,69,88,126,42,40,82,128,68,33,102"/><U125/><E115/><V54/><F120/><W32/><G128/><T62/><D4/><U96/><E66/><V93/><F76/><W107/><G126/><N who="1" m="48138" /><E55/><V111/><F112/><W14/><G2/><T65/><D0/><U36/><E46/><V49/><F31/><W129/><G116/><N who="1" m="44650" /><E96/><V52/><F1/><W9/><G129/><T59/><D62/><U122/><E122/><V39/><F64/><W71/><G102/><T133/><D133/><U130/><E130/><V99/><F8/><W135/><G135/><T21/><D114/><U34/><AGARI ba="2,2" hai="25,30,34,36,41,45,77,78" m="44650,48138" machi="34" ten="30,1500,0" yaku="18,1" doraHai="12" who="1" fromWho="1" sc="213,-7,249,41,239,-7,279,-7" /><INIT seed="5,3,0,4,2,22" ten="206,290,232,272" oya="1" hai0="105,96,135,49,31,73,63,7,65,36,75,8,43" hai1="56,66,4,122,109,82,115,72,133,116,54,90,6" hai2="120,55,102,125,2,127,25,83,44,81,126,71,123" hai3="86,112,68,97,80,93,62,95,91,121,130,18,5"/><U129/><E122/><N who="2" m="46635" /><F2/><W47/><G121/><T48/><D48/><U64/><E116/><V89/><F71/><W23/><G130/><T37/><D49/><U57/><E129/><V111/><F44/><W27/><G112/><T21/><D135/><U77/><E115/><V32/><F55/><W103/><G5/><T24/><D43/><U19/><E133/><V99/><F111/><W74/><G47/><T59/><D105/><U113/><E113/><V30/><F89/><W39/><G39/><T46/><D46/><U118/><E118/><V119/><F119/><W15/><G68/><T132/><D132/><U14/><E57/><V108/><F108/><W51/><G51/><T12/><REACH who="0" step="1"/><D96/><REACH who="0" ten="196,290,232,272" step="2"/><U58/><E109/><V13/><F13/><W29/><G62/><T33/><D33/><U84/><E14/><V35/><F35/><W101/><G15/><T3/><D3/><U98/><E98/><V60/><F60/><W117/><G97/><T38/><AGARI ba="3,1" hai="7,8,12,21,24,31,36,37,38,59,63,65,73,75" machi="38" ten="30,4000,0" yaku="1,1,0,1,52,1,53,0" doraHai="22" doraHaiUra="92" who="0" fromWho="0" sc="196,59,290,-23,232,-13,272,-13" /><INIT seed="6,0,0,5,2,57" ten="255,267,219,259" oya="2" hai0="0,8,133,127,81,92,101,107,135,75,43,69,123" hai1="37,60,29,47,128,10,85,97,116,102,18,84,34" hai2="62,49,113,14,38,36,73,7,15,122,51,9,90" hai3="99,104,94,121,132,17,40,63,23,59,20,82,115"/><V125/><F122/><W80/><G121/><T117/><D123/><U33/><E116/><V95/><F73/><W114/><G104/><T11/><D107/><U30/><E128/><V83/><F113/><N who="3" m="43019" /><G40/><T41/><D117/><U2/><E37/><V16/><F125/><W54/><G132/><N who="0" m="50763" /><D69/><U87/><E47/><V45/><F83/><N who="3" m="31787" /><G17/><T46/><D43/><U70/><E33/><V91/><F62/><W131/><G131/><T68/><D68/><U71/><E60/><V12/><F38/><W48/><G48/><N who="2" m="18505" /><F36/><W25/><G25/><T1/><D41/><U89/><E70/><V3/><F3/><N who="0" m="1098" /><D46/><U31/><E71/><V126/><F126/><W19/><G19/><T26/><D26/><U112/><E34/><V105/><F105/><W21/><G21/><T13/><D13/><N who="2" m="5226" /><F45/><W22/><G22/><T111/><D127/><U67/><E2/><V109/><F109/><W39/><G39/><T96/><D111/><U50/><E50/><V88/><F7/><W119/><G119/><T134/><D134/><U6/><E6/><V42/><F42/><W55/><G55/><T129/><D129/><U103/><E112/><V44/><F44/><W124/><G124/><T52/><D52/><U61/><E67/><V78/><F78/><AGARI ba="0,0" hai="8,11,75,78,81,92,96,101" m="1098,50763" machi="78" ten="30,1000,0" yaku="20,1" doraHai="57" who="0" fromWho="2" sc="255,10,267,0,219,-10,259,0" /><INIT seed="7,0,0,0,0,80" ten="265,267,209,259" oya="3" hai0="61,29,57,22,105,51,104,17,1,44,13,6,27" hai1="54,98,77,2,84,78,89,71,18,63,47,10,127" hai2="60,115,65,83,58,9,133,130,82,11,25,135,85" hai3="131,126,24,28,4,41,39,112,114,16,5,14,31"/><W52/><G131/><T117/><D117/><U64/><E127/><V46/><F130/><W30/><G126/><T67/><D1/><U56/><E98/><V134/><F115/><N who="3" m="44075" /><G41/><T0/><D0/><U111/><E111/><V120/><F120/><W103/><G103/><T49/><D49/><N who="1" m="28991" /><E2/><V37/><F25/><W90/><G39/><T124/><D124/><U129/><E71/><V100/><F100/><W36/><G36/><T116/><D116/><U106/><E106/><V102/><F102/><W109/><G109/><T55/><REACH who="0" step="1"/><D6/><REACH who="0" ten="255,267,209,259" step="2"/><N who="3" m="2665" /><G90/><T113/><D113/><U81/><E129/><V70/><F70/><W45/><G45/><T48/><D48/><U88/><E89/><N who="2" m="51383" /><F46/><W23/><G52/><T20/><AGARI ba="0,1" hai="13,17,20,22,27,29,44,51,55,57,61,67,104,105" machi="20" ten="20,5200,0" yaku="1,1,0,1,7,1,53,1" doraHai="80" doraHaiUra="21" who="0" fromWho="0" sc="255,62,267,-13,209,-13,259,-26" owari="317,42.0,254,5.0,196,-30.0,233,-17.0" /></mjloggm>