<mjloggm ver="2.3"><GO type="169" lobby="0"/><UN n0="%77%69%6C%73%6F%6E" n1="%E8%80%95%E3%81%99%E3%83%9E%E3%82%B7%E3%83%B3" n2="%E7%B7%92%E6%96%B9%E6%99%BA%E7%B5%B5%E9%87%8C%2B" n3="%E3%83%8A%E3%82%B4%E3%83%A0" dan="16,16,16,16" rate="2171.55,2068.87,2086.66,2157.43" sx="M,M,M,M"/><TAIKYOKU oya="0"/><INIT seed="0,0,0,0,3,14" ten="250,250,250,250" oya="0" hai0="58,31,115,74,52,13,16,90,34,102,110,56,95" hai1="88,122,17,18,87,5,40,79,96,71,126,119,2" hai2="101,35,121,80,26,28,114,76,32,89,120,104,20" hai3="75,73,77,50,45,62,130,99,63,123,68,51,65"/><T103/><D115/><U30/><E71/><V105/><F114/><W133/><G130/><T113/><D113/><U21/><E122/><V29/><F89/><W131/><G131/><T23/><D74/><U53/><E40/><V33/><F29/><W124/><G133/><T6/><D110/><U85/><E119/><V60/><F60/><W107/><G124/><T1/><D58/><U117/><E117/><V0/><F0/><W100/><G123/><T67/><D67/><U24/><E126/><V92/><F92/><W43/><G77/><T49/><D1/><U97/><E2/><V93/><F93/><W109/><G109/><T12/><D34/><U128/><E5/><V57/><F57/><W78/><G78/><T46/><D31/><U84/><E128/><V3/><F3/><W8/><G63/><T94/><D46/><U112/><E112/><V61/><F61/><W129/><G129/><T82/><D82/><N who="1" m="47199" /><E53/><V70/><F70/><W11/><G11/><N who="0" m="4215" /><D95/><N who="1" m="56423" /><E97/><AGARI ba="0,0" hai="13,16,23,49,52,56,90,94,97,102,103" m="4215" machi="97" ten="30,11600,0" yaku="8,1,52,1,54,2" doraHai="14" who="0" fromWho="1" sc="250,116,250,-116,250,0,250,0" /><INIT seed="0,1,0,5,5,22" ten="366,134,250,250" oya="0" hai0="58,44,79,94,60,89,71,40,101,126,14,91,10" hai1="65,12,96,20,26,25,123,76,4,129,62,15,133" hai2="121,87,103,81,5,8,86,72,48,134,59,75,23" hai3="45,125,38,33,11,109,73,64,119,88,29,114,117"/><T124/><D71/><U135/><E123/><V118/><F121/><W106/><G88/><N who="0" m="33867" /><D79/><U85/><E96/><V2/><F134/><N who="1" m="51209" /><E129/><V80/><F103/><W82/><G64/><N who="0" m="38935" /><D101/><U35/><E35/><V34/><F34/><W31/><G114/><T53/><D94/><U98/><E20/><V13/><F118/><W47/><G106/><T67/><D67/><U127/><E127/><N who="0" m="48681" /><D53/><U112/><E98/><V17/><F75/><W83/><G125/><T54/><D54/><U51/><E51/><V7/><F72/><W97/><G97/><T39/><D14/><N who="1" m="5163" /><E4/><V95/><F5/><W1/><G73/><T69/><D69/><N who="1" m="42167" /><E112/><V9/><F95/><W130/><G119/><T55/><D55/><U84/><E76/><V50/><F50/><W77/><G117/><T19/><D10/><U74/><E74/><V36/><F8/><W92/><G77/><T105/><D105/><U90/><E90/><V24/><F48/><W104/><G11/><T120/><D120/><U21/><E21/><V27/><F23/><W42/><G104/><T132/><D132/><U3/><E3/><V30/><F2/><W61/><G1/><T100/><D100/><U6/><E6/><V49/><F7/><W41/><G33/><T43/><D43/><U113/><E113/><V18/><F9/><W110/><G42/><T93/><D93/><U128/><E128/><V68/><F49/><W108/><G130/><T78/><D78/><U122/><E122/><V70/><F70/><W52/><G92/><T131/><D131/><U32/><E32/><V102/><F68/><W37/><G41/><RYUUKYOKU ba="1,0" sc="366,15,134,15,250,-15,250,-15" hai0="19,39,40,44" hai1="25,26,84,85" /><INIT seed="0,2,0,0,4,77" ten="381,149,235,235" oya="0" hai0="57,129,131,103,44,80,30,49,4,63,17,66,132" hai1="123,5,24,91,50,102,15,116,11,107,83,31,125" hai2="68,95,130,27,94,29,52,127,55,25,46,10,37" hai3="8,38,118,6,39,87,120,0,105,69,3,58,16"/><T12/><D132/><U14/><E125/><V35/><F68/><W99/><G69/><T54/><D103/><U64/><E116/><V134/><F134/><W18/><G118/><T59/><D30/><U33/><E123/><V7/><F127/><W28/><G3/><T114/><D4/><U34/><E64/><V85/><F130/><N who="0" m="49674" /><D114/><U53/><E102/><V104/><F104/><W40/><G120/><T32/><D32/><U19/><E107/><V42/><F27/><W23/><G40/><T67/><D80/><U13/><E34/><V98/><F85/><W1/><G1/><T88/><D88/><U47/><E5/><V21/><F95/><W121/><G28/><T111/><D111/><U79/><REACH who="1" step="1"/><E91/><REACH who="1" ten="381,139,235,235" step="2"/><V61/><F35/><W92/><G121/><T90/><D90/><U78/><E78/><V117/><F117/><W101/><G105/><T76/><D76/><U96/><E96/><V86/><F98/><W56/><G6/><T100/><D100/><U36/><E36/><V93/><F37/><W124/><G39/><T106/><D106/><U109/><E109/><V110/><F110/><W45/><G38/><T82/><D66/><U115/><E115/><V20/><F7/><N who="3" m="1127" /><G124/><T97/><D97/><U26/><E26/><V74/><F25/><W51/><G101/><T62/><D67/><U119/><E119/><V75/><F94/><W84/><G99/><T73/><D17/><N who="3" m="6761" /><G92/><T133/><D133/><U112/><E112/><V65/><F65/><W70/><G70/><T122/><D122/><U108/><E108/><V72/><F93/><W48/><G23/><RYUUKYOKU ba="2,1" sc="381,-10,139,30,235,-10,235,-10" hai1="11,13,14,15,19,24,31,33,47,50,53,79,83" /><INIT seed="1,3,1,1,2,107" ten="371,169,225,225" oya="1" hai0="4,102,34,110,18,135,121,64,67,79,13,98,28" hai1="122,9,23,37,46,2,24,19,92,35,118,123,56" hai2="70,11,96,84,69,134,111,54,120,15,86,105,48" hai3="130,22,33,124,51,62,72,26,57,82,38,100,6"/><U77/><E118/><V29/><F120/><W40/><G33/><T131/><D110/><U97/><E56/><V78/><F29/><W93/><G38/><T21/><D121/><U104/><E104/><V50/><F111/><W95/><G124/><T133/><D131/><U30/><E77/><V99/><F105/><W128/><G6/><T42/><D42/><U112/><E112/><V115/><F115/><W87/><G40/><T83/><D4/><U3/><E46/><V20/><F20/><W74/><G51/><T101/><D34/><U31/><E37/><V0/><F0/><W53/><G93/><T114/><D28/><U58/><E58/><V14/><F78/><W32/><G32/><T61/><D114/><U76/><E76/><V55/><F134/><N who="0" m="51210" /><D98/><U52/><E52/><V66/><F11/><W25/><G95/><T116/><D116/><U129/><E129/><N who="3" m="49770" /><G100/><N who="0" m="38507" /><D61/><U65/><E31/><V113/><F113/><W44/><G44/><T119/><D119/><U126/><E123/><V49/><F49/><W91/><G26/><T88/><D88/><N who="1" m="55431" /><E122/><V16/><REACH who="2" step="1"/><F66/><REACH who="2" ten="371,169,215,225" step="2"/><W90/><G90/><T68/><D68/><U47/><E65/><V109/><F109/><W43/><G43/><T8/><D8/><U103/><E103/><V41/><F41/><W75/><G25/><T81/><D79/><U45/><E3/><V59/><F59/><W71/><G22/><T17/><D17/><AGARI ba="3,2" hai="14,15,16,17,48,50,54,55,69,70,84,86,96,99" machi="17" ten="25,6400,0" yaku="1,1,22,2,54,1,53,0" doraHai="107" doraHaiUra="7" who="2" fromWho="0" sc="371,-73,169,0,215,93,225,0" /><INIT seed="2,0,0,2,0,95" ten="298,169,308,225" oya="2" hai0="26,110,3,67,81,62,97,1,69,120,87,134,115" hai1="59,25,45,103,4,132,12,27,31,98,118,6,108" hai2="51,15,21,75,133,117,38,46,88,66,102,34,122" hai3="68,20,56,9,85,119,63,0,112,65,94,93,131"/><V13/><F13/><W116/><BYE who="2" /><G131/><UN n2="%E7%B7%92%E6%96%B9%E6%99%BA%E7%B5%B5%E9%87%8C%2B" /><T111/><D120/><U49/><E108/><N who="0" m="41513" /><D115/><U70/><E132/><V32/><F122/><W29/><G116/><T43/><D134/><U99/><E70/><V48/><F75/><W80/><G119/><T64/><D43/><N who="1" m="24767" /><E103/><V89/><F38/><W60/><G112/><T105/><D67/><U86/><E118/><V50/><F117/><W107/><G107/><T127/><D127/><U72/><E72/><V73/><F73/><W36/><G36/><T96/><D26/><N who="1" m="9739" /><E31/><V109/><F109/><W100/><G20/><T2/><D105/><U28/><E28/><V129/><F133/><W53/><G29/><T135/><D135/><U104/><E104/><V126/><F126/><W19/><G100/><T44/><D44/><U125/><E12/><V35/><F66/><W47/><G47/><T74/><D74/><U16/><E16/><V123/><F123/><W37/><G37/><T14/><D14/><U128/><E128/><V113/><F113/><W41/><G19/><T22/><D22/><U84/><E59/><V78/><F46/><W77/><REACH who="3" step="1"/><G41/><REACH who="3" ten="298,169,308,215" step="2"/><T90/><AGARI ba="0,1" hai="1,2,3,62,64,69,81,87,90,96,97" m="41513" machi="90" ten="40,5200,0" yaku="14,1,52,2" doraHai="95" who="0" fromWho="0" sc="298,62,169,-13,308,-26,215,-13" /><INIT seed="3,0,0,3,1,54" ten="360,156,282,202" oya="3" hai0="33,99,18,42,127,10,106,16,13,132,46,27,126" hai1="105,78,59,123,67,82,63,57,29,58,14,108,34" hai2="43,45,35,56,93,23,36,74,125,73,72,101,109" hai3="51,130,84,117,39,11,119,129,6,7,44,65,107"/><W122/><G107/><T71/><D71/><U103/><E123/><V12/><F35/><W120/><G84/><T0/><D132/><U135/><E135/><V102/><F125/><N who="0" m="47626" /><D0/><U28/><E108/><V15/><F109/><W89/><G89/><T2/><D2/><U40/><E40/><V47/><F93/><W4/><G11/><T111/><D111/><U50/><E105/><V79/><F79/><W104/><G104/><T31/><D106/><U20/><E34/><V9/><F23/><W85/><G85/><T94/><D46/><U5/><E50/><V80/><F80/><W19/><G19/><N who="0" m="8631" /><D42/><U62/><E103/><AGARI ba="0,0" hai="16,18,27,31,33,94,99,103" m="8631,47626" machi="103" ten="30,2000,0" yaku="18,1,54,1" doraHai="54" who="0" fromWho="1" sc="360,20,156,-20,282,0,202,0" /><INIT seed="4,0,0,2,1,14" ten="380,136,282,202" oya="0" hai0="30,99,100,2,45,35,13,132,83,76,135,85,20" hai1="129,82,130,134,57,86,1,111,91,47,50,117,79" hai2="52,25,95,18,127,63,17,38,125,11,54,87,19" hai3="74,90,67,84,48,124,66,70,21,98,96,108,68"/><T109/><D35/><U29/><E111/><V39/><F11/><W102/><G108/><T103/><D2/><U97/><E1/><V110/><F110/><W58/><G74/><T46/><D109/><U4/><E134/><N who="0" m="51241" /><D103/><U131/><E4/><V93/><F25/><W107/><G124/><N who="2" m="47689" /><F63/><W22/><G98/><T104/><D30/><U36/><E117/><V128/><F128/><W77/><G77/><T116/><D116/><U9/><E9/><V34/><F34/><W27/><G22/><T64/><D64/><U53/><E29/><V72/><F72/><W3/><G67/><T8/><D20/><U16/><E36/><N who="2" m="13867" /><F87/><W69/><G3/><T89/><D76/><U24/><E47/><V61/><F61/><W55/><G66/><T75/><D75/><U106/><E106/><V10/><F10/><W43/><G43/><T15/><D15/><U88/><E97/><V112/><F112/><W23/><REACH who="3" step="1"/><G27/><REACH who="3" ten="380,136,282,192" step="2"/><T31/><D99/><U126/><E126/><V28/><F28/><W133/><G133/><T59/><D31/><U78/><E78/><V51/><F54/><W56/><G56/><AGARI ba="0,1" hai="17,18,19,51,52,56,93,95" m="13867,47689" machi="56" ten="40,8000,1" yaku="18,1,52,3,54,1" doraHai="14" who="2" fromWho="3" sc="380,0,136,0,282,90,192,-80" /><INIT seed="5,0,0,5,5,4" ten="380,136,372,112" oya="1" hai0="19,121,81,25,103,47,128,20,58,119,48,116,1" hai1="11,123,73,72,65,120,42,51,67,17,37,112,97" hai2="68,53,74,132,7,23,117,118,69,59,87,107,122" hai3="84,99,102,15,3,125,50,115,89,106,133,135,36"/><U0/><E17/><V62/><F122/><N who="1" m="46633" /><E51/><V34/><F74/><N who="1" m="28777" /><E67/><V27/><F107/><W57/><G36/><T76/><D121/><U134/><E65/><V93/><F132/><N who="3" m="50763" /><G115/><T83/><D128/><U38/><E134/><V22/><F34/><W2/><G125/><T33/><D1/><U46/><E97/><V80/><F23/><W131/><G131/><T9/><D33/><U54/><E54/><V44/><F53/><N who="3" m="31927" /><G15/><T63/><D103/><U129/><E38/><V109/><F69/><W75/><G75/><T60/><D116/><U86/><E86/><V78/><F87/><W30/><G30/><T71/><D71/><U124/><E124/><V6/><F68/><W91/><G91/><T111/><D119/><U94/><E94/><AGARI ba="0,0" hai="2,3,84,89,94,99,102,106" m="31927,50763" machi="94" ten="30,1000,0" yaku="20,1" doraHai="4" who="3" fromWho="1" sc="380,0,136,-10,372,0,112,10" /><INIT seed="6,0,0,0,5,28" ten="380,126,372,122" oya="2" hai0="104,63,105,124,56,116,42,97,18,100,114,35,64" hai1="131,128,47,92,9,78,8,86,21,82,68,112,45" hai2="31,127,94,121,106,36,89,49,16,134,95,84,3" hai3="67,46,41,29,23,70,58,34,71,120,66,96,37"/><V7/><F106/><W87/><G120/><T103/><D114/><U25/><E68/><V54/><F36/><W40/><G23/><T11/><D124/><U108/><E108/><V62/><F121/><W119/><G87/><T126/><D126/><U81/><E112/><V19/><F127/><W52/><G96/><T32/><D116/><U24/><E92/><V79/><F31/><W20/><G20/><T111/><D111/><U76/><E21/><V123/><F123/><W107/><G107/><T59/><D42/><U15/><E86/><N who="2" m="52535" /><F3/><W110/><G110/><T133/><D133/><U135/><REACH who="1" step="1"/><E15/><REACH who="1" ten="380,116,372,122" step="2"/><V12/><F95/><W74/><G119/><T130/><D104/><U1/><E1/><V102/><F12/><W61/><G74/><T132/><D132/><AGARI ba="0,1" hai="8,9,24,25,45,47,76,78,81,82,128,131,132,135" machi="132" ten="25,3200,0" yaku="1,1,22,2,53,0" doraHai="28" doraHaiUra="30" who="1" fromWho="0" sc="380,-32,116,42,372,0,122,0" /><INIT seed="7,0,0,3,2,104" ten="348,158,372,122" oya="3" hai0="20,37,101,56,50,49,68,86,111,108,14,33,113" hai1="98,96,74,24,27,26,23,103,1,110,59,131,6" hai2="36,125,129,63,78,80,70,40,127,32,25,133,19" hai3="55,44,5,124,52,39,3,31,107,71,22,58,54"/><W21/><G124/><N who="2" m="47689" /><F19/><W57/><G107/><T72/><D33/><U16/><E131/><V73/><F129/><W121/><G121/><T47/><D68/><U34/><E74/><V51/><F133/><W120/><G120/><T38/><D72/><U92/><E110/><N who="0" m="42025" /><D101/><U94/><E34/><V0/><F0/><W13/><G71/><T89/><D20/><U53/><E6/><V87/><F36/><N who="0" m="13930" /><D14/><U114/><E114/><V132/><F132/><W43/><G3/><T90/><D86/><U61/><E1/><V134/><F134/><W88/><G88/><AGARI ba="0,0" hai="16,23,24,26,27,53,59,61,88,92,94,96,98,103" machi="88" ten="30,12000,2" yaku="7,1,25,2,8,1,54,2" doraHai="104" who="1" fromWho="3" sc="348,0,158,120,372,0,122,-120" owari="348,15.0,278,-12.0,372,47.0,2,-50.0" /></mjloggm>