<mjloggm ver="2.3"><GO type="169" lobby="0"/><UN n0="%E5%A4%A7%E6%98%9F%E2%98%86%E6%B7%A1" n1="%6B%61%61%6E%79%75%79%75" n2="%E6%B2%B3%E5%B6%8B%4B%4B" n3="%E3%81%93%E3%81%8C%E3%82%89%E3%81%97%E3%81%BE%E3%82%8B" dan="17,16,17,17" rate="2220.92,2073.29,2188.09,2146.83" sx="M,M,M,M"/><TAIKYOKU oya="0"/><INIT seed="0,0,0,3,2,58" ten="250,250,250,250" oya="0" hai0="66,28,5,17,123,1,40,48,27,73,70,102,55" hai1="133,38,130,34,20,21,106,31,30,11,78,83,111" hai2="93,75,45,104,42,87,15,23,134,113,112,71,110" hai3="131,18,114,68,35,129,116,65,49,119,88,2,103"/><T43/><D73/><U81/><E106/><V52/><F104/><W16/><G114/><T33/><D123/><U41/><E130/><N who="3" m="49674" /><G35/><T6/><D17/><N who="3" m="6761" /><G2/><T37/><D37/><U32/><E11/><V120/><F87/><W128/><G103/><T64/><D102/><U132/><E38/><V44/><F93/><W59/><G128/><T9/><D6/><U100/><E100/><V50/><F23/><W135/><G135/><T96/><D96/><U0/><E0/><V8/><F75/><W12/><G12/><T67/><REACH who="0" step="1"/><D70/><REACH who="0" ten="240,250,250,250" step="2"/><U24/><E132/><V39/><F120/><W80/><G68/><T125/><D125/><U117/><E133/><V3/><F134/><W108/><G108/><T63/><D63/><U127/><E111/><V94/><F110/><W22/><G49/><T14/><D14/><U13/><E13/><V89/><F71/><W86/><G22/><T107/><D107/><U10/><E20/><V53/><F3/><W72/><G72/><T19/><D19/><U76/><E21/><V36/><F36/><W85/><G85/><T84/><D84/><U82/><E127/><V115/><F15/><W4/><G4/><T105/><D105/><U118/><E32/><V121/><F121/><W46/><G116/><T60/><D60/><U26/><E118/><V56/><F8/><W47/><G119/><T79/><D79/><U57/><E117/><V97/><F115/><W124/><G124/><T95/><D95/><U91/><E76/><V74/><F74/><W122/><G122/><T77/><D77/><U25/><E78/><V61/><AGARI ba="0,1" hai="39,42,44,45,50,52,53,56,61,89,94,97,112,113" machi="61" ten="20,8000,1" yaku="5,1,0,1,7,1,52,1,54,1" doraHai="58" who="2" fromWho="2" sc="240,-40,250,-20,250,90,250,-20" /><INIT seed="1,0,0,1,3,90" ten="200,230,340,230" oya="1" hai0="64,98,130,51,100,79,85,129,81,128,118,93,38" hai1="117,36,114,53,119,44,59,54,32,95,57,115,67" hai2="7,77,3,97,34,108,52,133,101,46,88,49,17" hai3="11,63,80,45,23,71,72,55,41,42,92,58,86"/><U19/><E32/><V35/><F108/><W121/><G121/><T31/><D38/><U69/><E19/><V4/><F133/><W91/><G71/><T15/><D31/><U135/><E135/><V65/><F65/><W16/><G11/><T76/><D64/><U70/><E67/><V24/><F77/><W9/><G9/><T2/><D2/><U61/><E95/><N who="2" m="58559" /><F3/><W125/><G125/><T112/><D112/><U33/><E33/><V107/><F107/><W1/><G1/><T37/><D37/><U103/><E103/><V134/><F35/><W89/><G45/><T27/><D27/><U62/><E36/><V83/><F34/><W39/><G72/><T111/><D111/><U126/><REACH who="1" step="1"/><E44/><REACH who="1" ten="200,220,340,230" step="2"/><V5/><F134/><W22/><G39/><T60/><D130/><U127/><AGARI ba="0,1" hai="53,54,57,59,61,62,69,70,114,115,117,119,126,127" machi="127" ten="25,24000,3" yaku="1,1,2,1,0,1,22,2,34,3,53,0" doraHai="90" doraHaiUra="8" who="1" fromWho="1" sc="200,-80,220,250,340,-80,230,-80" /><INIT seed="1,1,0,2,0,50" ten="120,470,260,150" oya="1" hai0="68,8,31,100,60,85,125,108,59,25,67,56,120" hai1="49,78,128,127,122,91,4,29,17,88,123,58,6" hai2="54,12,15,119,61,44,101,70,114,24,110,74,73" hai3="42,84,33,14,40,94,69,80,53,13,82,116,104"/><U51/><E29/><V27/><F101/><W129/><G104/><T52/><D108/><U86/><E78/><V115/><F44/><W63/><G129/><T135/><D125/><U92/><E127/><V21/><F70/><W39/><G33/><T7/><D135/><U93/><E17/><V126/><F126/><W1/><G1/><T124/><D124/><U72/><E72/><V90/><F90/><W131/><G131/><T46/><D120/><U81/><E128/><V3/><F3/><W32/><G32/><T109/><D100/><U34/><E34/><V20/><F61/><W23/><G39/><T105/><D105/><U35/><E35/><V37/><F37/><W16/><G116/><T5/><D109/><U62/><E81/><V18/><F110/><W99/><G13/><T97/><D97/><U102/><E102/><V87/><F87/><W22/><G22/><N who="0" m="15799" /><D68/><U112/><E112/><V79/><F79/><N who="3" m="46111" /><G82/><T132/><D132/><U19/><E19/><V113/><F119/><W26/><G26/><T36/><D36/><U134/><E134/><V48/><F74/><W55/><G69/><T95/><D46/><U111/><E111/><V118/><F73/><W10/><G23/><T89/><D8/><U0/><E0/><V30/><F118/><W83/><G83/><T121/><D121/><U38/><E38/><V2/><F2/><W64/><G94/><T57/><D57/><U106/><E106/><V76/><F76/><W75/><G75/><T66/><D59/><U45/><E122/><V77/><F77/><W41/><G99/><T28/><D28/><RYUUKYOKU ba="1,0" sc="120,10,470,-30,260,10,150,10" hai0="5,7,52,56,60,66,67,85,89,95" hai2="12,15,18,20,21,24,27,30,48,54,113,114,115" hai3="10,14,16,40,41,42,53,55,63,64" /><INIT seed="2,2,0,4,5,28" ten="130,440,270,160" oya="2" hai0="69,13,47,48,76,19,21,72,118,50,31,6,20" hai1="108,123,98,65,105,113,78,16,88,25,74,35,100" hai2="62,83,36,115,0,71,3,8,43,80,101,5,26" hai3="127,29,97,2,27,120,94,93,37,38,85,130,64"/><V92/><F115/><W17/><G120/><T24/><D118/><U70/><E113/><V39/><F3/><W106/><G127/><T40/><D69/><U134/><E123/><V87/><F83/><W129/><G2/><T34/><D72/><U57/><E108/><V68/><F43/><W42/><G17/><T75/><D6/><U133/><E57/><V15/><F0/><W51/><G64/><T99/><D75/><U135/><E88/><V52/><F26/><W44/><G106/><T81/><D81/><N who="1" m="45271" /><E16/><V12/><F12/><W131/><G85/><T58/><D76/><U30/><E65/><V22/><F22/><W60/><G60/><T91/><D91/><U32/><E70/><V132/><F132/><W67/><G67/><T116/><D99/><U119/><E119/><V121/><F121/><W23/><REACH who="3" step="1"/><G94/><REACH who="3" ten="130,440,270,150" step="2"/><T107/><D107/><U111/><E111/><V54/><F87/><W124/><G124/><T103/><D116/><U55/><E55/><V56/><F54/><W125/><G125/><T96/><D96/><U10/><E10/><V33/><F52/><W45/><G45/><T18/><D58/><U117/><E117/><V49/><F8/><W89/><AGARI ba="2,1" hai="23,27,29,37,38,42,44,51,89,93,97,129,130,131" machi="89" ten="30,4000,0" yaku="1,1,0,1,19,1,53,0" doraHai="28" doraHaiUra="59" who="3" fromWho="3" sc="130,-12,440,-12,270,-22,150,56" /><INIT seed="3,0,0,2,3,63" ten="118,428,248,206" oya="3" hai0="44,0,72,45,58,104,130,60,51,30,20,109,70" hai1="116,59,79,46,37,43,42,83,99,92,89,11,125" hai2="22,54,71,90,25,110,129,7,55,64,62,9,105" hai3="118,38,76,123,18,115,69,87,113,3,1,119,57"/><W35/><G57/><T8/><D109/><U74/><E116/><N who="3" m="44586" /><G87/><T52/><D130/><U4/><E125/><V24/><F110/><W134/><G76/><T36/><D72/><U96/><E43/><V111/><F111/><W34/><G38/><T14/><D104/><U12/><E59/><V67/><F129/><W17/><G69/><T128/><D128/><U117/><E117/><V19/><F105/><W15/><G123/><T84/><D84/><AGARI ba="0,0" hai="4,11,12,37,42,46,74,79,83,84,89,92,96,99" machi="84" ten="30,1000,0" yaku="7,1" doraHai="63" who="1" fromWho="0" sc="118,-10,428,10,248,0,206,0" /><INIT seed="4,0,0,2,2,73" ten="108,438,248,206" oya="0" hai0="55,87,2,20,13,38,29,102,22,90,36,127,39" hai1="96,99,45,121,4,7,24,16,126,112,86,66,88" hai2="3,131,14,10,109,129,81,31,107,62,118,41,68" hai3="42,77,95,124,100,23,91,65,104,125,72,57,116"/><T47/><D2/><U108/><E121/><V89/><F41/><W85/><G42/><T134/><D134/><U44/><E108/><V110/><F62/><W75/><G65/><T94/><D127/><N who="3" m="48713" /><G57/><T46/><D29/><U103/><E126/><V69/><F89/><W79/><G23/><T18/><D22/><N who="1" m="13383" /><E66/><V25/><F81/><W30/><G30/><T33/><D33/><U43/><E112/><V37/><F107/><W0/><G0/><T133/><D133/><U76/><E103/><V122/><F37/><W52/><G52/><T93/><REACH who="0" step="1"/><D55/><REACH who="0" ten="98,438,248,206" step="2"/><U40/><E43/><V115/><F3/><W12/><G116/><T54/><D54/><U51/><E40/><V83/><F118/><W35/><G35/><T123/><D123/><U8/><E8/><V17/><F122/><W59/><G12/><T132/><D132/><U6/><E99/><AGARI ba="0,1" hai="13,18,20,36,38,39,46,47,87,90,93,94,99,102" machi="99" ten="40,2000,0" yaku="1,1,53,0" doraHai="73" doraHaiUra="63" who="0" fromWho="1" sc="98,30,438,-20,248,0,206,0" /><INIT seed="4,1,0,1,4,27" ten="128,418,248,206" oya="0" hai0="39,69,8,24,118,0,119,75,128,133,10,130,57" hai1="122,6,23,90,83,60,127,70,37,14,94,120,123" hai2="86,84,42,22,11,112,21,81,76,13,125,2,67" hai3="15,47,34,32,82,53,105,79,134,40,45,48,61"/><T50/><D69/><U135/><E37/><V71/><F112/><W78/><G134/><T16/><D39/><U101/><E135/><V17/><F125/><W92/><G105/><T1/><D75/><U115/><E127/><V104/><F104/><W96/><G15/><N who="0" m="7271" /><D57/><U4/><E115/><V55/><F42/><W33/><G82/><T44/><D50/><U103/><E83/><V18/><F67/><W46/><G61/><T54/><D54/><U74/><E74/><V58/><F71/><W111/><G111/><T30/><D44/><U12/><E60/><V65/><F65/><W85/><G85/><T68/><D68/><U72/><E70/><V114/><F114/><W132/><G132/><T62/><D62/><U19/><E72/><V89/><F2/><N who="0" m="1130" /><D10/><U87/><E103/><V29/><F84/><W108/><G108/><T97/><D97/><U9/><E101/><V91/><F58/><W102/><REACH who="3" step="1"/><G47/><REACH who="3" ten="128,418,248,196" step="2"/><T106/><D106/><U99/><E87/><V20/><F86/><W77/><G77/><T129/><D133/><U117/><E99/><V100/><F81/><W5/><G5/><T41/><D41/><U113/><E113/><V31/><F76/><W124/><G124/><T56/><D56/><U66/><E94/><V93/><F93/><W36/><AGARI ba="1,1" hai="32,33,34,36,40,45,46,48,53,78,79,92,96,102" machi="36" ten="30,2000,0" yaku="1,1,0,1,53,0" doraHai="27" doraHaiUra="3" who="3" fromWho="3" sc="128,-11,418,-6,248,-6,196,33" /><INIT seed="5,0,0,3,5,63" ten="117,412,242,229" oya="1" hai0="124,75,68,9,28,126,135,44,27,125,50,71,66" hai1="113,43,53,54,52,12,8,58,116,55,104,32,31" hai2="67,16,105,21,6,130,117,112,13,127,118,82,80" hai3="59,60,121,23,17,30,57,134,29,33,133,72,128"/><U109/><E116/><V101/><F130/><W100/><G121/><T73/><D135/><N who="3" m="51721" /><G128/><T131/><D131/><U87/><E104/><V81/><F127/><W15/><G72/><T35/><D71/><U1/><E1/><V18/><F6/><W114/><G114/><T39/><D9/><U77/><E113/><V119/><F112/><W69/><G100/><T90/><D90/><U65/><E32/><V25/><F101/><W111/><G111/><T106/><D106/><U19/><E31/><N who="3" m="11786" /><G33/><T2/><D2/><U45/><E109/><V26/><F105/><W3/><G3/><T20/><D20/><U92/><E43/><V42/><F42/><W115/><G115/><T95/><D95/><U102/><E45/><V93/><F93/><W48/><G48/><T37/><D50/><U56/><E102/><V91/><F91/><W40/><G40/><T88/><D88/><N who="1" m="53279" /><E77/><V36/><F36/><N who="0" m="13898" /><D44/><U107/><E107/><V41/><F41/><W70/><G57/><N who="1" m="22122" /><E54/><AGARI ba="0,0" hai="15,17,23,54,59,60,69,70" m="11786,51721" machi="54" ten="30,1000,0" yaku="20,1" doraHai="63" who="3" fromWho="1" sc="117,0,412,-10,242,0,229,10" /><INIT seed="6,0,0,5,4,82" ten="117,402,242,239" oya="2" hai0="129,31,5,104,32,7,58,96,124,71,92,131,115" hai1="67,135,83,125,122,55,134,103,45,64,93,30,41" hai2="28,1,13,68,132,24,79,16,51,72,29,120,4" hai3="9,12,95,53,8,101,111,112,10,90,0,6,80"/><V119/><F68/><W114/><G111/><T98/><D115/><N who="3" m="44073" /><G101/><T127/><D71/><U27/><E83/><V105/><F105/><W63/><G80/><T100/><D32/><N who="1" m="20575" /><E55/><V121/><F79/><W86/><G0/><T117/><D31/><U44/><E122/><V14/><F72/><W130/><G130/><N who="0" m="49675" /><D58/><AGARI ba="0,0" hai="6,8,9,10,12,53,58,63,86,90,95" m="44073" machi="58" ten="30,3900,0" yaku="15,1,11,1,52,1" doraHai="82" who="3" fromWho="0" sc="117,-39,402,0,242,0,239,39" /><INIT seed="7,0,0,5,4,40" ten="78,402,242,278" oya="3" hai0="95,69,106,110,84,53,33,5,36,31,28,17,98" hai1="64,51,25,93,46,117,88,12,10,131,85,63,59" hai2="129,83,97,18,128,80,24,58,135,47,7,4,89" hai3="116,125,96,70,124,19,39,48,103,61,41,21,15"/><W81/><G116/><T132/><D69/><U71/><E131/><V74/><F58/><W72/><G39/><T57/><D132/><U67/><E117/><V49/><F135/><W109/><G109/><T104/><D110/><U32/><E71/><V91/><F74/><W78/><G41/><T92/><D5/><U127/><E127/><N who="3" m="48714" /><G48/><T65/><D65/><N who="1" m="39167" /><E25/><V50/><F24/><W44/><G61/><T62/><D36/><U113/><E32/><V60/><F60/><W126/><G126/><T121/><D121/><U86/><E86/><V30/><F97/><W34/><G34/><T26/><D106/><U76/><E76/><V105/><F105/><N who="3" m="63719" /><G70/><T112/><D104/><U14/><E113/><V38/><F38/><W54/><G54/><T42/><D42/><N who="1" m="25047" /><E12/><V130/><F130/><W56/><G56/><T55/><D112/><U120/><E120/><V9/><F30/><W102/><G102/><T118/><D118/><U108/><E108/><V133/><F133/><W52/><G52/><T16/><D55/><U8/><E8/><V77/><F9/><W68/><G68/><T123/><D123/><U1/><E1/><V27/><F27/><W35/><G35/><T114/><D114/><U37/><E37/><V29/><F29/><W13/><G15/><T22/><D33/><U119/><E119/><V43/><F43/><W79/><G13/><T107/><D107/><U20/><E20/><V90/><F90/><W75/><G21/><T0/><D0/><U66/><E66/><V11/><F11/><W73/><G75/><T101/><D31/><U99/><E64/><RYUUKYOKU ba="0,0" sc="78,30,402,-10,242,-10,278,-10" hai0="16,17,22,26,28,53,57,62,84,92,95,98,101" owari="108,-39.0,392,49.0,232,-17.0,268,7.0" /></mjloggm>