<mjloggm ver="2.3"><GO type="169" lobby="0"/><UN n0="%E3%81%A1%E3%81%A3%E3%81%93%E3%82%8C%40" n1="%E3%83%95%E3%83%BC%E3%82%AC" n2="%E8%B0%B7%E5%8F%A3%E3%81%93%E3%81%86%E3%81%B8%E3%81%84" n3="%E3%82%A8%E3%82%B9%E3%82%BF%E3%83%BC" dan="16,18,18,17" rate="2101.08,2176.72,2300.71,2174.52" sx="M,M,M,M"/><TAIKYOKU oya="0"/><INIT seed="0,0,0,2,3,83" ten="250,250,250,250" oya="0" hai0="108,2,11,120,14,86,132,99,24,0,95,114,123" hai1="25,1,134,60,88,105,36,17,44,42,103,122,71" hai2="31,50,28,70,43,3,76,46,111,30,102,80,87" hai3="57,45,85,119,129,89,92,107,15,96,26,125,27"/><T73/><D114/><U9/><E134/><V37/><F111/><W93/><G107/><T19/><D73/><U58/><E122/><V67/><F3/><W47/><G119/><T8/><D132/><U49/><E105/><V55/><F102/><W20/><G125/><T21/><D108/><U113/><E103/><V61/><REACH who="2" step="1"/><F31/><REACH who="2" ten="250,250,240,250" step="2"/><W101/><G129/><T39/><D0/><U91/><E1/><V116/><F116/><W35/><G35/><T62/><D2/><U23/><E113/><V117/><F117/><W127/><G127/><T68/><D123/><U7/><E7/><V81/><F81/><W98/><G98/><T48/><D120/><U51/><E9/><V69/><F69/><W124/><G124/><T4/><D99/><U72/><E71/><V10/><F10/><W90/><G101/><T110/><D110/><U40/><E72/><V38/><F38/><W66/><G15/><T130/><D39/><U56/><E36/><V115/><F115/><W112/><G112/><T135/><D11/><U63/><E25/><N who="3" m="9226" /><G20/><T82/><D135/><U52/><E23/><V121/><F121/><W77/><G77/><T118/><D118/><U59/><E91/><V18/><F18/><W74/><G74/><T126/><D21/><U33/><E88/><V109/><F109/><W79/><G79/><T94/><D24/><U133/><E133/><V5/><F5/><W34/><G34/><T84/><D126/><U54/><E33/><V64/><F64/><W131/><G131/><T106/><D130/><U128/><E128/><V97/><F97/><W78/><G78/><RYUUKYOKU ba="0,1" sc="250,-15,250,-15,240,15,250,15" hai2="28,30,37,43,46,50,55,61,67,70,76,80,87" hai3="45,47,57,66,85,89,90,92,93,96" /><INIT seed="1,1,1,2,4,6" ten="235,235,255,265" oya="1" hai0="116,121,54,45,67,95,73,65,43,11,69,51,42" hai1="127,7,99,35,84,49,78,118,131,14,53,72,63" hai2="46,33,88,0,15,93,91,132,128,102,56,22,31" hai3="92,94,12,123,32,26,4,59,9,83,97,112,48"/><U134/><E118/><V98/><F0/><W52/><G112/><T75/><D116/><U20/><E35/><V24/><F128/><W38/><G38/><T109/><D109/><U61/><E131/><V28/><F132/><W70/><G70/><T58/><D121/><U21/><E134/><V100/><F46/><W89/><G123/><T107/><D107/><U66/><E72/><V41/><F41/><W1/><G83/><T105/><D105/><U129/><E127/><V40/><F40/><W29/><REACH who="3" step="1"/><G92/><REACH who="3" ten="235,235,255,255" step="2"/><T79/><D95/><U120/><E129/><V82/><F82/><W44/><G44/><T125/><D69/><U90/><E120/><V25/><F102/><W124/><G124/><T3/><D125/><U117/><E117/><V47/><F47/><W108/><G108/><T10/><D42/><U81/><E81/><V119/><F119/><W17/><G17/><T126/><D126/><U133/><E133/><V13/><F91/><W71/><G71/><T55/><D43/><U86/><E90/><V34/><F100/><W87/><G87/><T96/><D75/><U8/><E86/><V68/><F68/><W77/><G77/><T111/><D111/><U130/><E130/><V106/><F106/><W101/><G101/><T110/><D110/><U115/><E115/><V60/><REACH who="2" step="1"/><F34/><REACH who="2" ten="235,235,245,255" step="2"/><W57/><G57/><T30/><D58/><U18/><E78/><V37/><F37/><W2/><AGARI ba="1,3" hai="1,2,4,9,12,26,29,32,48,52,59,89,94,97" machi="2" ten="30,7900,0" yaku="1,1,0,1,52,1,54,1,53,0" doraHai="6" doraHaiUra="36" who="3" fromWho="3" sc="235,-21,235,-40,245,-21,255,112" /><INIT seed="2,0,0,5,2,74" ten="214,195,224,367" oya="2" hai0="26,62,123,126,22,50,100,21,38,51,3,49,9" hai1="132,121,117,14,98,85,73,84,97,110,54,95,39" hai2="92,90,135,15,101,48,58,108,13,99,10,76,52" hai3="17,53,46,16,24,41,128,118,12,19,35,96,71"/><V27/><F135/><W34/><G118/><T86/><D123/><U81/><E39/><V93/><F108/><W30/><G128/><T87/><D38/><U79/><E110/><V11/><F76/><W65/><G53/><T70/><D126/><U78/><E117/><V5/><F27/><W59/><G59/><T23/><D100/><U25/><E121/><V67/><F67/><W82/><G96/><T2/><D26/><U66/><E132/><V89/><F93/><W31/><G82/><T77/><D9/><U103/><E66/><V102/><F102/><W114/><G30/><T44/><D44/><U115/><E115/><V83/><F83/><W8/><G34/><T4/><D4/><AGARI ba="0,0" hai="4,5,10,11,13,15,48,52,58,89,90,92,99,101" machi="4" ten="30,11600,0" yaku="7,1,9,1,8,1,54,1" doraHai="74" who="2" fromWho="0" sc="214,-116,195,0,224,116,367,0" /><INIT seed="2,1,0,2,4,30" ten="98,195,340,367" oya="2" hai0="88,109,51,130,83,90,89,105,128,81,131,4,87" hai1="115,71,14,116,125,134,10,24,106,107,112,13,103" hai2="129,82,93,37,36,117,132,86,54,16,84,45,73" hai3="119,61,99,53,72,123,0,28,17,5,78,52,124"/><V47/><F117/><W75/><G123/><T41/><D4/><U59/><E71/><V12/><F129/><W49/><G124/><T39/><D39/><U91/><E125/><V1/><F1/><W31/><G99/><T100/><D109/><U95/><E134/><V70/><F70/><W25/><G17/><T96/><REACH who="0" step="1"/><D87/><REACH who="0" ten="88,195,340,367" step="2"/><U79/><E116/><V56/><F37/><W48/><G119/><T74/><D74/><U18/><E112/><V60/><F73/><W69/><G72/><T15/><D15/><U42/><E115/><V35/><F36/><W121/><G5/><T40/><D40/><U104/><E42/><V58/><F132/><W80/><G0/><T44/><AGARI ba="1,1" hai="41,44,51,81,83,88,89,90,96,100,105,128,130,131" machi="44" ten="40,8000,1" yaku="1,1,0,1,19,1,54,1,53,0" doraHai="30" doraHaiUra="55" who="0" fromWho="0" sc="88,93,195,-21,340,-41,367,-21" /><INIT seed="3,0,0,0,1,105" ten="181,174,299,346" oya="3" hai0="46,88,107,64,78,1,119,118,85,94,102,7,122" hai1="8,54,30,133,31,113,26,89,51,117,121,91,6" hai2="44,83,55,14,56,72,90,86,96,17,11,69,59" hai3="70,45,132,5,84,18,134,82,42,130,58,93,108"/><W62/><G70/><T34/><D122/><U10/><E113/><V129/><F129/><W116/><G116/><T13/><D1/><U77/><E117/><V81/><F69/><W32/><G32/><T71/><D34/><U127/><E121/><V79/><F96/><W109/><G5/><T104/><D46/><U52/><E133/><V63/><F63/><W15/><G93/><T36/><D36/><U87/><E127/><V2/><F2/><W101/><G101/><T47/><D47/><U120/><E120/><V0/><F0/><W125/><G130/><T97/><D107/><U27/><E77/><V12/><F14/><W39/><G125/><T43/><D43/><U65/><E65/><V99/><F99/><W66/><G18/><T57/><D71/><U76/><E76/><V22/><F22/><W28/><G28/><T24/><D24/><U4/><E87/><V3/><F3/><W20/><G20/><T19/><D7/><U131/><REACH who="1" step="1"/><E51/><AGARI ba="0,0" hai="11,12,17,44,51,55,56,59,72,79,81,83,86,90" machi="51" ten="40,5200,0" yaku="25,2,52,1" doraHai="105" who="2" fromWho="1" sc="181,0,174,-52,299,52,346,0" /><INIT seed="4,0,0,0,3,59" ten="181,122,351,346" oya="0" hai0="119,82,63,104,74,41,111,62,110,91,113,109,17" hai1="103,57,44,33,79,122,67,6,98,105,87,43,85" hai2="80,42,47,58,56,0,69,10,118,30,36,21,27" hai3="35,121,55,8,132,45,77,1,126,131,94,116,22"/><T46/><D119/><U83/><E122/><V64/><F118/><W99/><G35/><T115/><D104/><U133/><E133/><V51/><F51/><W19/><G121/><T123/><D123/><U70/><E33/><V2/><F2/><W26/><G132/><T112/><D17/><U24/><E24/><V52/><F52/><W84/><G131/><T49/><D91/><U34/><E34/><V5/><REACH who="2" step="1"/><F80/><REACH who="2" ten="181,122,341,346" step="2"/><N who="3" m="47119" /><G116/><T29/><D29/><U7/><E43/><V96/><F96/><W124/><G1/><T72/><D82/><U37/><E98/><V20/><F20/><W100/><G55/><T23/><D23/><U81/><E83/><V50/><F50/><W39/><G8/><T125/><D125/><N who="3" m="48233" /><G45/><T120/><D120/><U129/><E44/><V86/><F86/><W76/><G76/><T73/><AGARI ba="0,1" hai="41,46,49,62,63,72,73,74,109,110,111,112,113,115" machi="73" ten="50,18000,2" yaku="0,1,29,2,10,1,15,1,52,2" doraHai="59" who="0" fromWho="0" sc="181,190,122,-60,341,-60,346,-60" /><INIT seed="4,1,0,3,3,113" ten="371,62,281,286" oya="0" hai0="58,89,97,86,93,33,121,59,37,110,98,29,25" hai1="66,73,105,2,4,85,23,87,128,55,116,81,126" hai2="18,94,68,70,131,13,30,106,27,79,112,43,6" hai3="42,56,11,52,132,57,111,130,24,77,35,125,39"/><T47/><D110/><U16/><E105/><V5/><F106/><W1/><G111/><T9/><D121/><U15/><E126/><V45/><F112/><W96/><G57/><T120/><D120/><U88/><E128/><V10/><F131/><W0/><G130/><T135/><D135/><U28/><E73/><V78/><F70/><W22/><G35/><T74/><D74/><U69/><E28/><V108/><F68/><W109/><G109/><T107/><D9/><U118/><E2/><V36/><F108/><W20/><G22/><T44/><D44/><U123/><E123/><V38/><F38/><W76/><G125/><T83/><D107/><U53/><E4/><V99/><F6/><W60/><G132/><T46/><D46/><U117/><REACH who="1" step="1"/><E87/><REACH who="1" ten="371,52,281,286" step="2"/><V61/><F5/><W114/><G114/><T63/><D86/><U72/><E72/><V17/><F17/><W102/><G1/><T65/><D29/><U104/><E104/><V31/><F31/><W7/><G39/><T49/><D37/><U82/><E82/><V124/><F124/><W40/><G76/><T115/><D83/><U19/><E19/><V8/><F79/><W103/><G77/><T26/><D115/><U64/><E64/><V71/><F78/><W133/><G133/><T67/><D67/><U90/><E90/><V51/><F36/><W101/><REACH who="3" step="1"/><G96/><REACH who="3" ten="371,52,281,276" step="2"/><T48/><D97/><U100/><E100/><V62/><F99/><W3/><G3/><T134/><D98/><U54/><E54/><V21/><F43/><W119/><G119/><T84/><D134/><U92/><E92/><RYUUKYOKU ba="1,2" sc="371,-15,52,15,281,-15,276,15" hai1="15,16,23,53,55,66,69,81,85,88,116,117,118" hai3="0,7,11,20,24,40,42,52,56,60,101,102,103" /><INIT seed="5,2,2,5,4,34" ten="356,67,266,291" oya="1" hai0="56,103,14,7,89,98,39,69,67,50,27,105,58" hai1="97,95,12,99,18,40,126,28,84,90,42,87,38" hai2="61,106,55,8,122,51,21,88,74,20,49,54,6" hai3="41,83,79,112,134,26,63,70,15,32,4,44,16"/><U133/><E133/><V82/><F106/><W73/><G112/><T1/><D39/><U86/><E126/><V118/><F61/><W104/><G104/><T75/><D75/><U19/><E38/><V92/><F118/><W30/><G134/><T81/><D14/><U10/><E28/><V33/><F33/><W130/><G130/><T45/><D27/><U48/><E99/><V24/><F122/><W111/><G111/><T124/><D124/><U85/><N who="1" m="21504" /><DORA hai="25" /><U29/><E29/><V66/><F66/><W77/><G77/><T57/><D89/><U115/><E115/><V114/><F114/><W100/><G100/><T52/><D81/><U108/><E108/><V11/><F74/><W65/><G4/><T121/><D121/><U120/><E120/><V102/><F102/><W62/><G65/><T72/><D72/><U117/><E117/><V101/><F101/><W23/><REACH who="3" step="1"/><G70/><REACH who="3" ten="356,67,266,281" step="2"/><T17/><D69/><U53/><REACH who="1" step="1"/><E19/><REACH who="1" ten="356,57,266,281" step="2"/><V125/><F125/><W110/><G110/><T60/><D17/><U35/><E35/><V0/><F82/><W36/><AGARI ba="2,4" hai="15,16,23,26,30,32,36,41,44,62,63,73,79,83" machi="36" ten="20,8000,1" yaku="1,1,0,1,7,1,52,1,54,1,53,0" doraHai="34,25" doraHaiUra="123,2" who="3" fromWho="3" sc="356,-22,57,-42,266,-22,281,126" /><INIT seed="6,0,0,3,5,54" ten="334,15,244,407" oya="2" hai0="0,73,93,105,123,79,6,129,27,16,88,134,89" hai1="127,132,5,4,116,47,3,12,95,71,106,22,46" hai2="102,59,20,128,11,36,81,21,91,96,25,113,86" hai3="115,97,90,103,80,28,44,35,2,41,109,72,70"/><V75/><F36/><W62/><G2/><T45/><D123/><U19/><E106/><V1/><F113/><W42/><G109/><T92/><D105/><U98/><E116/><V117/><F117/><W37/><G41/><T119/><D129/><U60/><E127/><V63/><F128/><W84/><G72/><T82/><D119/><U69/><E132/><V68/><F68/><W85/><G28/><T15/><D134/><U112/><E112/><V108/><F108/><W125/><G125/><T133/><D133/><U78/><E71/><V40/><F40/><W43/><G35/><T49/><D27/><U17/><E69/><V50/><F50/><W65/><G42/><T31/><D31/><U130/><E130/><V58/><F75/><W110/><G84/><N who="0" m="48223" /><D0/><U29/><E3/><V8/><F20/><W87/><G85/><T94/><D6/><U64/><E78/><V131/><F131/><W32/><G32/><T33/><D33/><U23/><E4/><V51/><F51/><W121/><G115/><T13/><D13/><U14/><E5/><V9/><F63/><W7/><G7/><T10/><D73/><U53/><E29/><N who="2" m="17583" /><F1/><W124/><G121/><T55/><AGARI ba="0,0" hai="10,15,16,45,49,55,88,89,92,93,94" m="48223" machi="55" ten="30,4000,0" yaku="8,1,54,2" doraHai="54" who="0" fromWho="0" sc="334,40,15,-10,244,-20,407,-10" /><INIT seed="7,0,0,5,1,36" ten="374,5,224,397" oya="3" hai0="75,58,0,100,90,101,102,129,32,56,61,85,67" hai1="3,1,70,63,89,38,119,78,125,64,72,82,93" hai2="122,55,28,114,69,54,117,37,86,31,35,24,133" hai3="4,40,14,33,42,71,53,25,128,7,48,10,68"/><W26/><G128/><T76/><D129/><U106/><E93/><V87/><F117/><W34/><G4/><T88/><D0/><U23/><E89/><V47/><F69/><W126/><G126/><T44/><D32/><U115/><E23/><V15/><F15/><W124/><G124/><T6/><D6/><U109/><E63/><V11/><F11/><W83/><G71/><T20/><D75/><U108/><E82/><V51/><F114/><W134/><G68/><T65/><D20/><U77/><E64/><V19/><F133/><W120/><G134/><T9/><D9/><U92/><E92/><V22/><F122/><W135/><G135/><T50/><D76/><U131/><E78/><V112/><F112/><W118/><G120/><T5/><D5/><U116/><E77/><V121/><F121/><W30/><G83/><T98/><D98/><U43/><E43/><V110/><F110/><W12/><G12/><T49/><D85/><U81/><E81/><V2/><F55/><W46/><G118/><T18/><D18/><U74/><E119/><V21/><F51/><W94/><G94/><T105/><D105/><U13/><E13/><V103/><F87/><W17/><G17/><T96/><D96/><U130/><E74/><V41/><F22/><W107/><G107/><T127/><D127/><U45/><E45/><V84/><F47/><W111/><G111/><T60/><D49/><U29/><E109/><V97/><F97/><W73/><G73/><T99/><D99/><U39/><E108/><V95/><F86/><W27/><G33/><T16/><D16/><RYUUKYOKU ba="0,0" sc="374,15,5,-15,224,-15,397,15" hai0="44,50,56,58,60,61,65,67,88,90,100,101,102" hai3="7,10,14,25,26,27,30,34,40,42,46,48,53" owari="389,19.0,-10,-51.0,209,-19.0,412,51.0" /></mjloggm>