<mjloggm ver="2.3"><GO type="169" lobby="0"/><UN n0="%E3%82%82%E3%81%93%E3%81%BF" n1="%74%6F%72%69%30%36%31%32" n2="%74%2E%6F%2E%6F%2E%73" n3="%66%61%74%65%34%32%39%38" dan="16,17,18,16" rate="2084.30,2198.50,2263.07,2106.17" sx="M,M,M,F"/><TAIKYOKU oya="0"/><INIT seed="0,0,0,2,3,73" ten="250,250,250,250" oya="0" hai0="51,31,93,36,95,133,38,40,15,65,72,122,110" hai1="119,27,44,0,2,80,105,41,82,68,111,19,52" hai2="4,58,17,132,134,90,30,123,60,12,50,84,121" hai3="71,99,28,33,92,129,126,7,10,102,78,39,127"/><T112/><D112/><U42/><E119/><V135/><F50/><W124/><G129/><T16/><D122/><U79/><E105/><V34/><F4/><W87/><G71/><T77/><D133/><U55/><E68/><V56/><F30/><W81/><G39/><T46/><D31/><U63/><E111/><V64/><F56/><W103/><G28/><T98/><D110/><U118/><E118/><V5/><F5/><W96/><G33/><T91/><D65/><U18/><E63/><V61/><F61/><W76/><G10/><T54/><D93/><U1/><E44/><V100/><F100/><W29/><G7/><T106/><D106/><U35/><E79/><V109/><F34/><W26/><G26/><T83/><REACH who="0" step="1"/><D40/><REACH who="0" ten="240,250,250,250" step="2"/><U53/><E35/><V66/><F66/><W25/><G29/><T48/><D48/><U59/><E59/><V108/><F121/><W120/><G120/><T125/><D125/><U104/><E104/><V6/><F123/><W57/><G57/><T47/><D47/><U107/><E107/><V49/><F49/><W128/><G128/><T69/><D69/><U11/><E42/><V97/><F109/><W117/><G117/><T14/><D14/><N who="1" m="7519" /><E41/><V13/><F108/><W86/><G25/><T101/><D101/><N who="3" m="38409" /><G92/><T23/><AGARI ba="0,1" hai="15,16,23,36,38,46,51,54,72,77,83,91,95,98" machi="23" ten="20,12000,1" yaku="1,1,0,1,7,1,52,1,54,1,53,0" doraHai="73" doraHaiUra="37" who="0" fromWho="0" sc="240,130,250,-40,250,-40,250,-40" /><INIT seed="0,1,0,1,5,11" ten="370,210,210,210" oya="0" hai0="99,16,3,46,123,15,5,107,88,98,58,125,43" hai1="72,56,8,7,63,32,71,121,83,101,48,50,28" hai2="81,91,129,38,109,49,128,135,55,2,116,25,120" hai3="100,57,69,44,29,62,113,59,87,119,42,0,36"/><T77/><D123/><U78/><E71/><V34/><F120/><W23/><G119/><T65/><D125/><U21/><E32/><V45/><F2/><W106/><G113/><T93/><D77/><U22/><E101/><V66/><F109/><W64/><G0/><T67/><D3/><U97/><E97/><V104/><F104/><W26/><G87/><T39/><D5/><U110/><E110/><V68/><F135/><W54/><G54/><T4/><D4/><U41/><E121/><V19/><F38/><W74/><G74/><T96/><D107/><U84/><E72/><V61/><F116/><W108/><G108/><T95/><D58/><U14/><E28/><V47/><F47/><W117/><G117/><T9/><D98/><U90/><E90/><AGARI ba="1,0" hai="9,15,16,39,43,46,65,67,88,90,93,95,96,99" machi="90" ten="30,12000,1" yaku="7,1,9,1,52,1,54,2" doraHai="11" who="0" fromWho="1" sc="370,123,210,-123,210,0,210,0" /><INIT seed="0,2,0,1,5,16" ten="493,87,210,210" oya="0" hai0="23,50,25,96,53,9,58,129,111,10,57,62,83" hai1="101,108,2,24,59,12,95,99,40,43,44,123,127" hai2="84,118,110,22,106,98,89,5,90,30,76,73,32" hai3="60,80,93,36,15,35,125,52,134,8,77,119,113"/><T3/><D129/><U130/><E2/><V55/><F110/><W27/><G119/><T107/><D111/><U103/><E123/><V102/><F118/><W21/><G113/><T49/><D3/><U88/><E108/><V13/><F32/><W109/><G109/><T126/><D126/><U64/><E127/><V131/><F131/><W51/><G134/><T114/><D114/><U41/><E44/><V19/><F30/><W81/><G36/><T85/><D107/><U79/><E79/><V18/><F5/><W65/><G35/><T45/><D96/><U68/><E68/><V69/><F69/><W91/><G60/><T38/><D38/><U104/><E130/><V71/><F71/><W92/><G65/><T48/><D58/><U33/><E12/><V7/><F7/><N who="3" m="3487" /><G77/><N who="0" m="46319" /><D45/><U4/><E4/><V20/><F73/><W122/><G122/><T94/><D94/><N who="3" m="36457" /><G91/><T100/><D100/><U124/><E124/><V75/><F75/><W28/><G125/><T87/><D87/><U67/><E103/><V61/><F84/><W117/><G117/><T86/><D86/><U0/><E0/><V105/><F76/><W82/><G82/><T116/><D116/><U37/><E37/><V54/><F106/><W63/><G63/><T47/><D47/><AGARI ba="2,0" hai="21,27,28,47,51,52,80,81" m="36457,3487" machi="47" ten="30,3900,0" yaku="8,1,52,1,54,1" doraHai="16" who="3" fromWho="0" sc="493,-45,87,0,210,0,210,45" /><INIT seed="1,0,0,1,2,48" ten="448,87,210,255" oya="1" hai0="124,102,15,39,23,9,105,129,12,63,114,97,126" hai1="98,71,56,75,29,33,83,55,42,112,117,122,54" hai2="40,65,8,118,68,21,95,111,25,28,43,121,86" hai3="79,94,72,14,131,125,19,89,22,20,58,47,116"/><U110/><E71/><V0/><F111/><W57/><G131/><T76/><D129/><U103/><E122/><V120/><F118/><W64/><G125/><T24/><D114/><U109/><E117/><V80/><F95/><W123/><G123/><T1/><D39/><U130/><E112/><V84/><F84/><W59/><G116/><T106/><D106/><U115/><E42/><V108/><F108/><N who="1" m="41577" /><E56/><V31/><F40/><W104/><G104/><T2/><D76/><N who="1" m="44447" /><E115/><V92/><F43/><W88/><G79/><T4/><D2/><U133/><E133/><V53/><F121/><W128/><G72/><T10/><D63/><U16/><E130/><V13/><F68/><W127/><G127/><N who="0" m="48683" /><D9/><U91/><E91/><V90/><F120/><W73/><G89/><T34/><D34/><U7/><E7/><V78/><F90/><W119/><G73/><T113/><D113/><U26/><E16/><AGARI ba="0,0" hai="1,4,10,12,15,16,23,24,97,102,105" m="48683" machi="16" ten="30,2000,0" yaku="18,1,54,1" doraHai="48" who="0" fromWho="1" sc="448,20,87,-20,210,0,255,0" /><INIT seed="2,0,0,2,0,101" ten="468,67,210,255" oya="2" hai0="58,18,82,71,77,70,65,96,41,66,28,3,68" hai1="11,90,63,107,31,46,88,127,38,55,126,0,52" hai2="86,129,79,80,89,57,30,2,131,85,22,7,4" hai3="84,32,36,15,100,20,51,123,97,35,56,17,40"/><V1/><F57/><W122/><G36/><T118/><D3/><N who="2" m="1034" /><F30/><W53/><G40/><T120/><D120/><U54/><E31/><V72/><F22/><W23/><G84/><N who="2" m="32361" /><F89/><W39/><G39/><T67/><D28/><U125/><E63/><V6/><F72/><W61/><G32/><T43/><D118/><U104/><E38/><V83/><F79/><W9/><G35/><T42/><D96/><U24/><E24/><V103/><F103/><W10/><G20/><T119/><D119/><U8/><E46/><V106/><F106/><N who="1" m="40489" /><E0/><V111/><F111/><W59/><G123/><T50/><D18/><U16/><E16/><V47/><F47/><W94/><REACH who="3" step="1"/><G122/><REACH who="3" ten="468,67,210,245" step="2"/><T37/><D37/><U93/><E93/><V130/><AGARI ba="0,1" hai="4,6,7,80,83,129,130,131" m="32361,1034" machi="130" ten="40,7800,0" yaku="28,2,19,1" doraHai="101" who="2" fromWho="2" sc="468,-26,67,-26,210,88,245,-26" /><INIT seed="2,1,0,0,0,42" ten="442,41,298,219" oya="2" hai0="62,61,132,89,3,5,94,35,47,134,22,4,65" hai1="91,54,15,124,72,52,49,122,78,90,128,6,2" hai2="68,63,121,48,79,21,82,43,7,104,114,27,84" hai3="126,88,73,25,16,66,80,38,34,28,26,83,40"/><V99/><F114/><W44/><G126/><T127/><D35/><U110/><E2/><V11/><F121/><W8/><G66/><T123/><D123/><U12/><E124/><V39/><F39/><W64/><G64/><T37/><D127/><U18/><E122/><V113/><F113/><W116/><G116/><T9/><D4/><U106/><E106/><V14/><F68/><W60/><G60/><T131/><D131/><U30/><E78/><V36/><F36/><W87/><G73/><T119/><D22/><N who="1" m="11591" /><E72/><V58/><F104/><W96/><G96/><T17/><D17/><U23/><E54/><V112/><F112/><W109/><G109/><T57/><D62/><U130/><E110/><V20/><F99/><W97/><G97/><T67/><D119/><U135/><E135/><N who="0" m="51753" /><D65/><U117/><E117/><V100/><F100/><W45/><G45/><T55/><D37/><U51/><E51/><V56/><F27/><W53/><G53/><T115/><D115/><U125/><E125/><V93/><F93/><W50/><G38/><T86/><D55/><U103/><E103/><V76/><F76/><W107/><G107/><T105/><D105/><U1/><E1/><V31/><F31/><W70/><G70/><T81/><D47/><N who="1" m="27711" /><E130/><V19/><F79/><W120/><G120/><T129/><D129/><U92/><E92/><AGARI ba="1,0" hai="3,5,9,57,61,67,81,86,89,92,94" m="51753" machi="92" ten="30,1000,0" yaku="20,1" doraHai="42" who="0" fromWho="1" sc="442,13,41,-13,298,0,219,0" /><INIT seed="3,0,0,5,2,126" ten="455,28,298,219" oya="3" hai0="116,129,14,74,36,85,46,94,42,54,56,59,92" hai1="115,83,15,104,29,34,19,68,88,95,44,102,77" hai2="84,120,18,50,78,39,66,9,101,91,133,43,58" hai3="1,80,32,3,123,13,0,41,24,17,45,49,62"/><W6/><G123/><T109/><D116/><U63/><E115/><V52/><F133/><W60/><G6/><T125/><D125/><U82/><E44/><V112/><F112/><W86/><G32/><T103/><D74/><U110/><E110/><V75/><F120/><W5/><G5/><T100/><D109/><U118/><E118/><V16/><F101/><W117/><G24/><T69/><D69/><U35/><E83/><V57/><F75/><W121/><G121/><T27/><D59/><U128/><E29/><V122/><F78/><W99/><G99/><T33/><D14/><U134/><E134/><V71/><F122/><W106/><G106/><T20/><D33/><U11/><E63/><V40/><F71/><W25/><G25/><T105/><D105/><U135/><E68/><V30/><F30/><W53/><G41/><N who="2" m="15945" /><F39/><W127/><G127/><T55/><D55/><U96/><E135/><V38/><F38/><W10/><REACH who="3" step="1"/><G117/><REACH who="3" ten="455,28,298,209" step="2"/><T67/><D27/><U37/><E37/><V73/><F18/><W132/><G132/><T114/><D42/><U89/><E128/><V2/><F2/><W8/><G8/><T12/><D129/><U131/><E131/><V93/><F9/><W47/><G47/><T65/><D46/><U23/><E11/><V4/><F4/><W119/><G119/><T130/><D130/><U79/><E79/><AGARI ba="0,1" hai="0,1,3,10,13,17,45,49,53,60,62,79,80,86" machi="79" ten="40,2000,0" yaku="1,1,53,0" doraHai="126" doraHaiUra="61" who="3" fromWho="1" sc="455,0,28,-20,298,0,209,30" /><INIT seed="3,1,0,0,3,74" ten="455,8,298,239" oya="3" hai0="34,54,67,38,95,129,65,0,30,98,59,108,72" hai1="20,80,114,10,4,64,45,22,134,68,66,121,40" hai2="115,78,29,101,73,85,106,107,77,28,23,94,31" hai3="131,56,61,51,99,75,133,120,43,55,1,69,9"/><W89/><G120/><T15/><D108/><U128/><E121/><V36/><F115/><W62/><G133/><T53/><D0/><U84/><E114/><V19/><F36/><W104/><G131/><T42/><D129/><U112/><E112/><V14/><F73/><W119/><G119/><T82/><D34/><U100/><E100/><V49/><F49/><W21/><G75/><T39/><D30/><U79/><E134/><V24/><F24/><W6/><G69/><T7/><D39/><U116/><E128/><V71/><F71/><W76/><G43/><T37/><D37/><U109/><E109/><V18/><F18/><W50/><G61/><T63/><D65/><U105/><E105/><V118/><F118/><W25/><G76/><T93/><D42/><U46/><E116/><V57/><F57/><W126/><G126/><T3/><D3/><U103/><E103/><V2/><F2/><W130/><G130/><T58/><D38/><U60/><E66/><V88/><REACH who="2" step="1"/><F106/><REACH who="2" ten="455,8,288,239" step="2"/><W13/><G1/><T48/><D7/><U87/><E87/><V83/><F83/><W26/><G104/><T8/><D82/><U125/><E125/><V123/><F123/><W110/><G110/><T41/><D72/><U52/><E46/><V111/><F111/><W113/><G113/><T17/><D93/><U32/><E32/><V135/><F135/><W102/><G102/><N who="0" m="60767" /><D59/><U91/><E91/><V33/><F33/><W81/><G81/><T70/><D70/><U11/><E40/><V35/><F35/><W127/><G127/><T5/><D5/><U44/><E44/><AGARI ba="1,1" hai="8,15,17,41,44,48,53,54,58,63,67" m="60767" machi="44" ten="30,2000,0" yaku="6,1,8,1" doraHai="74" who="0" fromWho="1" sc="455,33,8,-23,288,0,239,0" owari="488,59.0,-15,-52.0,288,9.0,239,-16.0" /></mjloggm>