<mjloggm ver="2.3"><GO type="185" lobby="0"/><UN n0="%E8%97%A4%E4%BA%95%E8%81%A1%E5%A4%AA" n1="%E5%A4%9A%E6%9E%97%E6%99%8B" n2="%50%42%33%2D%50" n3="" dan="20,17,18,0" rate="2426.77,2197.67,2276.15,1500.00" sx="M,M,F,C"/><TAIKYOKU oya="0"/><INIT seed="0,0,0,2,4,49" ten="350,350,350,0" oya="0" hai0="107,51,127,129,3,111,116,85,130,60,105,55,94" hai1="50,80,100,91,66,81,123,79,86,102,117,96,52" hai2="84,114,89,57,99,126,87,65,83,41,33,0,97" hai3=""/><T62/><D116/><U44/><N who="1" m="31520" /><U119/><E66/><V88/><F0/><T71/><D3/><U106/><E102/><V90/><F33/><T56/><D127/><U135/><E135/><V125/><F114/><T45/><D111/><U122/><N who="1" m="31264" /><U121/><N who="1" m="31008" /><U34/><E34/><V103/><F41/><T67/><D85/><AGARI ba="0,0" hai="44,50,52,79,80,81,85,86,91,96,100,106,117,119" m="31008,31264,31520" machi="85" ten="30,12000,2" yaku="7,1,52,4,54,1" doraHai="49" who="1" fromWho="0" sc="350,-120,350,120,350,0,0,0" /><INIT seed="1,0,0,3,1,93" ten="230,470,350,0" oya="1" hai0="117,40,78,105,53,82,66,56,47,34,90,32,126" hai1="116,2,48,97,60,103,123,92,99,112,68,121,61" hai2="35,107,67,127,33,101,111,43,113,104,1,46,84" hai3=""/><U42/><N who="1" m="31008" /><U44/><N who="1" m="31520" /><U125/><E2/><V41/><F1/><T122/><N who="0" m="31264" /><T94/><D105/><U49/><E116/><V59/><F113/><T58/><D126/><U63/><E112/><V100/><F127/><T77/><D66/><U3/><E3/><V115/><F115/><T37/><D117/><U45/><E125/><V81/><F46/><T51/><D58/><U39/><E68/><V95/><F95/><T50/><D37/><U38/><REACH who="1" step="1"/><E99/><REACH who="1" ten="230,460,350,0" step="2"/><V62/><F33/><T134/><D134/><U80/><E80/><V132/><F35/><T54/><D32/><U75/><E75/><V36/><F81/><T79/><D34/><U89/><E89/><V106/><F132/><T69/><D69/><U124/><E124/><V114/><F114/><T65/><D82/><U72/><E72/><V0/><F0/><T55/><REACH who="0" step="1"/><D65/><REACH who="0" ten="220,460,350,0" step="2"/><U85/><E85/><AGARI ba="0,2" hai="40,47,50,51,53,54,55,56,77,78,79,85,90,94" m="31264" machi="85" ten="40,8000,1" yaku="1,1,2,1,8,1,52,1,53,1" doraHai="93" doraHaiUra="52" who="0" fromWho="1" sc="220,100,460,-80,350,0,0,0" /><INIT seed="2,0,0,5,3,95" ten="320,380,350,0" oya="2" hai0="64,93,2,49,70,73,40,37,42,77,94,84,79" hai1="32,55,56,66,39,125,108,116,122,47,130,81,76" hai2="45,35,0,58,123,61,109,97,114,99,113,120,3" hai3=""/><V119/><N who="2" m="30752" /><V100/><N who="2" m="31520" /><V67/><F35/><T96/><D37/><U87/><N who="1" m="31264" /><U80/><E32/><V98/><F119/><T133/><D2/><U128/><E116/><V72/><F72/><T129/><D129/><N who="1" m="49771" /><E108/><V107/><F109/><T78/><D73/><U127/><E81/><V126/><F126/><N who="1" m="48137" /><E66/><V117/><F117/><T85/><D64/><U36/><E47/><V110/><F110/><T53/><D78/><U44/><E44/><V88/><F45/><T75/><D77/><U105/><E105/><V63/><F0/><T134/><D79/><U104/><E104/><V65/><F3/><T121/><D121/><U101/><E101/><V1/><F1/><T57/><D94/><U68/><E68/><V131/><F131/><T89/><D70/><U118/><E118/><V83/><F107/><T50/><D93/><U86/><E86/><V135/><F100/><T74/><D85/><U46/><E46/><V62/><F67/><T52/><D75/><U115/><E115/><V34/><F113/><T103/><D74/><U91/><E76/><V60/><F114/><T102/><D103/><U111/><E111/><V132/><REACH who="2" step="1"/><F34/><REACH who="2" ten="320,380,340,0" step="2"/><T41/><D102/><U90/><E91/><V59/><F59/><RYUUKYOKU ba="0,1" sc="320,-20,380,10,340,10,0,0" hai1="36,39,55,56,80,87,90" hai2="58,60,61,62,63,65,83,88,97,98,99,132,135" /><INIT seed="2,1,1,0,2,52" ten="300,390,350,0" oya="2" hai0="38,40,42,1,56,73,66,41,76,55,115,90,58" hai1="104,120,130,77,102,2,85,0,33,74,64,68,88" hai2="117,44,135,34,95,131,45,48,118,132,92,113,124" hai3=""/><V89/><F34/><T60/><D1/><U126/><N who="1" m="30752" /><U81/><E33/><V83/><F113/><T35/><D35/><U129/><E126/><V125/><F83/><T121/><N who="0" m="31008" /><T112/><D38/><U119/><E119/><V87/><F131/><N who="1" m="50185" /><E64/><V80/><F48/><T69/><D90/><U3/><E68/><V133/><F44/><T99/><D99/><U98/><E0/><V84/><F45/><T111/><D111/><U57/><E57/><V43/><F43/><T108/><D108/><U91/><E91/><V62/><F62/><T86/><D73/><U65/><E65/><V107/><F132/><T71/><D69/><U39/><E39/><V128/><F128/><T127/><D127/><U32/><E32/><V106/><F89/><T59/><REACH who="0" step="1"/><D55/><REACH who="0" ten="290,390,350,0" step="2"/><U97/><E98/><V78/><REACH who="2" step="1"/><F80/><AGARI ba="1,2" hai="40,41,42,56,58,59,60,66,71,76,80,86,112,115" m="31008" machi="80" ten="50,12000,2" yaku="1,1,2,1,52,4,53,1" doraHai="52" doraHaiUra="72" who="0" fromWho="2" sc="290,142,390,0,350,-122,0,0" /><AGARI ba="1,0" hai="2,3,74,77,80,81,85,88,97,102,104" m="50185,30752" machi="80" ten="30,3900,0" yaku="19,1,52,1,54,1" doraHai="52" who="1" fromWho="2" sc="432,0,390,39,228,-39,0,0" /><INIT seed="4,0,0,0,5,44" ten="432,429,189,0" oya="0" hai0="40,58,114,130,61,132,87,41,85,135,123,74,128" hai1="122,43,115,0,118,78,111,75,55,63,120,112,80" hai2="56,124,131,62,94,81,51,36,37,60,93,69,119" hai3=""/><T1/><N who="0" m="31520" /><T79/><D1/><U50/><N who="1" m="30752" /><U39/><N who="1" m="31264" /><U104/><E0/><V121/><N who="2" m="31008" /><V67/><F119/><T48/><D74/><U71/><E118/><V53/><F131/><N who="0" m="50218" /><D114/><N who="1" m="43563" /><E104/><V129/><F129/><T57/><D57/><U91/><E111/><V96/><F124/><T116/><D116/><U47/><E91/><V108/><F108/><T3/><D3/><U97/><E97/><V113/><F113/><T117/><D117/><U95/><E95/><V102/><F81/><T84/><D79/><U2/><E2/><V66/><REACH who="2" step="1"/><F94/><REACH who="2" ten="432,429,179,0" step="2"/><T73/><D73/><U54/><E39/><V49/><F49/><T99/><D48/><U35/><E35/><V77/><F77/><T92/><D135/><U98/><E98/><V42/><F42/><T64/><D132/><U109/><E109/><V65/><F65/><AGARI ba="0,1" hai="43,47,50,54,55,63,65,71,75,78,80" m="43563,31264,30752" machi="65" ten="30,8000,1" yaku="15,1,11,1,52,3" doraHai="44" who="1" fromWho="2" sc="432,0,429,90,179,-80,0,0" /><INIT seed="5,0,0,5,2,123" ten="432,519,99,0" oya="1" hai0="124,110,69,116,46,119,125,58,32,133,84,93,68" hai1="135,34,54,47,122,67,102,98,106,97,40,60,120" hai2="64,132,100,121,89,128,103,44,62,86,92,74,117" hai3=""/><U90/><N who="1" m="30752" /><U48/><N who="1" m="31264" /><U81/><E135/><V101/><N who="2" m="31008" /><V42/><F132/><T41/><D32/><U2/><E34/><V130/><F74/><T57/><D133/><U105/><E2/><V45/><F117/><N who="0" m="45130" /><D93/><U118/><E118/><V99/><F45/><T114/><D84/><U63/><E63/><V50/><F130/><T127/><D114/><U61/><E61/><V91/><F128/><T112/><D112/><U66/><E66/><V33/><F33/><T53/><D110/><U85/><E98/><V59/><REACH who="2" step="1"/><F89/><REACH who="2" ten="432,519,89,0" step="2"/><T37/><D57/><U43/><REACH who="1" step="1"/><E106/><AGARI ba="0,1" hai="42,44,50,59,62,64,86,91,92,99,100,101,103,106" m="31008" machi="106" ten="30,7700,0" yaku="1,1,2,1,7,1,52,1,53,0" doraHai="123" doraHaiUra="76" who="2" fromWho="1" sc="432,0,519,-77,89,87,0,0" /><INIT seed="6,0,0,5,1,58" ten="432,442,176,0" oya="2" hai0="60,100,131,125,84,89,104,57,71,45,120,61,3" hai1="69,94,33,93,66,38,42,98,85,135,90,130,111" hai2="117,81,77,37,110,118,51,121,101,47,62,107,96" hai3=""/><V0/><N who="2" m="31008" /><V76/><F0/><T40/><N who="0" m="30752" /><T73/><D3/><U103/><E33/><V105/><F37/><T97/><D73/><U1/><E1/><V106/><F110/><T83/><D131/><U43/><E111/><V123/><N who="2" m="31520" /><V116/><F62/><T49/><D125/><U34/><E34/><V64/><F64/><T91/><D71/><U99/><E130/><V129/><F129/><T32/><D32/><U75/><E75/><V82/><F51/><T36/><D91/><U134/><E85/><V63/><F47/><T68/><D68/><U67/><E38/><V2/><F63/><T92/><D104/><N who="2" m="40042" /><F2/><T79/><D100/><U108/><E108/><V52/><F52/><T59/><D59/><U65/><REACH who="1" step="1"/><E69/><REACH who="1" ten="432,432,176,0" step="2"/><V115/><F115/><T95/><D95/><U124/><E124/><V48/><F48/><T50/><D61/><U87/><E87/><V119/><N who="2" m="29696" /><DORA hai="53" /><V132/><F132/><AGARI ba="0,1" hai="42,43,65,66,67,90,93,94,98,99,103,132,134,135" machi="132" ten="40,2600,0" yaku="1,1,20,1,53,0" doraHai="58,53" doraHaiUra="102,35" who="1" fromWho="2" sc="432,0,432,36,176,-26,0,0" owari="432,3.0,468,42.0,150,-45.0,0,0.0" /></mjloggm>