<mjloggm ver="2.3"><GO type="169" lobby="0"/><UN n0="%E3%81%B2%E3%81%A3%E3%81%93%E3%82%8D%32%36" n1="%E3%82%A4%E3%83%8E%E3%82%A6%E3%82%A8%E3%82%AB%E3%82%BA%E3%83%9E" n2="%E4%BF%9D%E7%99%92%E8%BA%AB" n3="%41%47%72%64%6E" dan="16,17,17,16" rate="2118.97,2218.23,2240.82,2132.18" sx="M,M,M,M"/><TAIKYOKU oya="0"/><INIT seed="0,0,0,3,0,3" ten="250,250,250,250" oya="0" hai0="50,42,40,0,79,108,130,115,128,62,1,10,129" hai1="26,73,131,35,102,92,52,100,95,8,119,112,109" hai2="60,54,16,24,36,18,39,85,48,106,135,89,63" hai3="127,94,66,6,33,71,34,86,41,27,91,37,28"/><T80/><D115/><U2/><E119/><V84/><F106/><W123/><G127/><T64/><D50/><U121/><E73/><V65/><F135/><W29/><G123/><T134/><D134/><U69/><E69/><V38/><F84/><W122/><G122/><T57/><D108/><U11/><E121/><V87/><F85/><W78/><G78/><T5/><REACH who="0" step="1"/><D1/><REACH who="0" ten="240,250,250,250" step="2"/><U53/><E2/><V58/><F60/><W104/><G37/><T22/><D22/><U20/><E109/><V97/><F24/><W124/><G27/><T55/><D55/><N who="1" m="21067" /><E35/><V56/><REACH who="2" step="1"/><F97/><REACH who="2" ten="240,250,240,250" step="2"/><W46/><G34/><T68/><D68/><U99/><E112/><V74/><F74/><AGARI ba="0,2" hai="0,5,10,40,42,57,62,64,74,79,80,128,129,130" machi="74" ten="40,7700,0" yaku="1,1,19,1,52,1,53,0" doraHai="3" doraHaiUra="96" who="0" fromWho="2" sc="240,97,250,0,240,-77,250,0" /><INIT seed="0,1,0,1,3,69" ten="337,250,163,250" oya="0" hai0="98,65,17,52,131,62,83,6,2,41,92,132,45" hai1="46,100,0,85,19,60,40,135,80,27,77,70,86" hai2="21,38,51,13,58,84,68,33,122,57,87,99,29" hai3="124,22,3,96,109,113,104,81,10,11,129,106,116"/><T37/><D131/><U97/><E0/><V108/><F68/><W123/><G22/><T127/><D127/><U114/><E135/><V47/><F122/><W115/><G81/><T35/><D132/><U44/><E114/><V15/><F108/><W130/><G96/><T24/><D6/><U72/><E46/><V39/><F33/><W91/><G91/><T112/><D2/><U32/><E19/><V105/><F105/><W121/><G3/><T26/><D112/><U93/><E70/><V88/><F99/><W67/><G67/><T59/><D83/><U20/><E60/><V117/><F117/><W34/><G34/><T125/><D125/><U111/><E111/><V79/><F79/><W48/><G109/><T119/><D119/><U18/><REACH who="1" step="1"/><E32/><REACH who="1" ten="337,240,163,250" step="2"/><V133/><F133/><W118/><G124/><T76/><D35/><U134/><E134/><V90/><F47/><W128/><G129/><T64/><D76/><U43/><E43/><V1/><F1/><W36/><REACH who="3" step="1"/><G48/><AGARI ba="1,1" hai="18,20,27,40,44,48,72,77,80,85,86,93,97,100" machi="48" ten="30,3900,0" yaku="1,1,7,1,53,1" doraHai="69" doraHaiUra="107" who="1" fromWho="3" sc="337,0,240,52,163,0,250,-42" /><INIT seed="1,0,0,4,4,30" ten="337,292,163,208" oya="1" hai0="133,40,120,112,3,124,126,11,62,95,36,50,73" hai1="38,44,82,25,66,49,28,14,69,93,67,122,35" hai2="26,71,98,42,6,1,15,79,22,27,97,106,90" hai3="105,110,113,54,68,55,111,117,81,131,80,53,72"/><U33/><E122/><V135/><F71/><W10/><G105/><T87/><D112/><U115/><E38/><V78/><F135/><W83/><G113/><T52/><D73/><U128/><E115/><V103/><F1/><W75/><G68/><T13/><D3/><U48/><E128/><V37/><F37/><W57/><G131/><T21/><D21/><U65/><E69/><V63/><F42/><W100/><G100/><T76/><D120/><U92/><E35/><V77/><F63/><W46/><G57/><T64/><D40/><U56/><E56/><V132/><F132/><W5/><G46/><N who="0" m="27735" /><D36/><U0/><E0/><V61/><F61/><W39/><G39/><T114/><D114/><U29/><E29/><V9/><F22/><W125/><G117/><T60/><D64/><U104/><E104/><V96/><F106/><W127/><G10/><T58/><D58/><U43/><E49/><V19/><F103/><W7/><G75/><T86/><D86/><U91/><REACH who="1" step="1"/><E14/><REACH who="1" ten="337,282,163,208" step="2"/><V129/><F129/><W59/><G59/><T2/><D2/><U116/><E116/><V34/><F34/><W70/><G70/><T109/><D133/><U18/><E18/><V41/><F19/><W23/><G72/><T31/><D31/><U107/><E107/><V119/><F119/><W130/><G130/><T32/><D32/><U88/><E88/><V16/><F90/><W118/><G118/><T134/><D134/><U108/><E108/><N who="3" m="41514" /><G23/><T94/><D109/><U8/><E8/><V89/><F9/><W102/><G102/><T4/><D11/><U12/><E12/><RYUUKYOKU ba="0,1" sc="337,-15,282,15,163,-15,208,15" hai1="25,28,33,43,44,48,65,66,67,82,91,92,93" hai3="5,7,53,54,55,80,81,83,125,127" /><INIT seed="1,1,1,5,4,71" ten="322,297,148,223" oya="1" hai0="12,106,64,4,126,86,61,65,123,28,54,69,105" hai1="127,116,130,40,115,135,59,85,92,42,73,93,13" hai2="7,66,26,37,48,79,94,91,52,22,128,77,50" hai3="132,63,118,31,3,8,60,103,81,97,53,133,24"/><U87/><E73/><V110/><F110/><W78/><G118/><T25/><D123/><U80/><E116/><V14/><F37/><W96/><G3/><T83/><D126/><U0/><E0/><V36/><F36/><W20/><G8/><T112/><D65/><U17/><E115/><V10/><F66/><W111/><G111/><T39/><D54/><U129/><E59/><V125/><F50/><W134/><G53/><T102/><D112/><U56/><E56/><V9/><F9/><W58/><G58/><T19/><D4/><U72/><E72/><V45/><F128/><W98/><REACH who="3" step="1"/><G103/><REACH who="3" ten="322,297,148,213" step="2"/><T101/><D102/><U16/><E129/><V109/><F109/><W57/><G57/><T49/><D101/><U55/><E55/><V18/><REACH who="2" step="1"/><F125/><REACH who="2" ten="322,297,138,213" step="2"/><W122/><G122/><T121/><D121/><U100/><E127/><V68/><F68/><W120/><G120/><T114/><D69/><U131/><E131/><V15/><F15/><W119/><G119/><T62/><D12/><U6/><E13/><V2/><F2/><W23/><G23/><T108/><D64/><U33/><E130/><V51/><F51/><W82/><G82/><T124/><D49/><U30/><E80/><V29/><F29/><W107/><G107/><T74/><D83/><U38/><E30/><V35/><F35/><W5/><G5/><T113/><D28/><U88/><E33/><V90/><F90/><W41/><G41/><T11/><D124/><U67/><E6/><V1/><F1/><W84/><AGARI ba="1,3" hai="20,24,31,60,63,78,81,84,96,97,98,132,133,134" machi="84" ten="40,5200,0" yaku="1,1,0,1,20,1,53,0" doraHai="71" doraHaiUra="117" who="3" fromWho="3" sc="322,-14,297,-27,138,-14,213,85" /><INIT seed="2,0,0,3,1,85" ten="308,270,124,298" oya="2" hai0="131,60,59,107,44,86,135,66,58,134,122,28,12" hai1="30,45,26,48,110,69,109,9,129,41,82,47,50" hai2="128,67,106,104,102,11,84,20,121,74,36,24,35" hai3="52,94,2,125,25,37,92,89,39,81,54,115,78"/><V16/><F121/><W43/><G2/><T113/><D122/><U27/><E69/><V46/><F74/><W64/><G125/><T32/><D107/><U21/><E129/><V80/><F128/><W117/><G117/><T34/><D131/><U13/><E27/><V75/><F75/><W120/><G120/><T95/><D44/><U33/><E82/><V76/><F102/><W103/><G103/><T1/><D1/><U61/><E61/><V57/><F35/><W71/><G25/><T96/><D86/><U51/><E33/><V42/><REACH who="2" step="1"/><F11/><REACH who="2" ten="308,270,114,298" step="2"/><W116/><G116/><T62/><D34/><U105/><E105/><V53/><F53/><W31/><G115/><T91/><D113/><U3/><E110/><V15/><F15/><W19/><G54/><T22/><D12/><U0/><E109/><V72/><F72/><W108/><G108/><T132/><D32/><U65/><E3/><V99/><F99/><W97/><G52/><N who="0" m="33863" /><D22/><U73/><E73/><V77/><F77/><W124/><G97/><T123/><D123/><U70/><E0/><V118/><F118/><W63/><G124/><T17/><D135/><U79/><E79/><V114/><F114/><W23/><G23/><T38/><D134/><U55/><E55/><V68/><F68/><W126/><G126/><T130/><D132/><U29/><E70/><V90/><F90/><W56/><G71/><T18/><D91/><U101/><E101/><V127/><F127/><W98/><G89/><T8/><D96/><U83/><E21/><V10/><F10/><W7/><G98/><T112/><D130/><RYUUKYOKU ba="0,1" sc="308,-10,270,-10,114,30,298,-10" hai2="16,20,24,36,42,46,57,67,76,80,84,104,106" /><INIT seed="2,1,1,3,3,53" ten="298,260,144,288" oya="2" hai0="54,14,67,92,42,40,41,104,4,111,76,21,56" hai1="38,88,69,124,80,2,114,29,119,26,8,109,74" hai2="25,58,17,61,85,49,63,105,113,71,89,86,84" hai3="103,79,97,3,34,100,36,102,13,27,43,39,47"/><V96/><F113/><W116/><G3/><T117/><D104/><U134/><RYUUKYOKU type="yao9" ba="1,1" sc="298,0,260,0,144,0,288,0" hai1="2,8,26,29,38,69,74,80,88,109,114,119,124,134" /><INIT seed="2,2,1,4,2,58" ten="298,260,144,288" oya="2" hai0="39,41,26,40,66,83,30,120,4,53,59,97,111" hai1="133,32,122,84,134,19,7,87,72,116,128,14,100" hai2="117,99,70,46,71,20,101,48,52,62,36,25,121" hai3="1,2,24,73,77,95,28,9,81,34,96,38,104"/><V3/><F117/><W35/><G38/><T22/><D111/><U92/><E72/><V29/><F121/><W93/><G35/><T74/><D120/><U102/><E122/><V125/><F125/><W44/><G44/><T82/><D4/><U132/><E32/><V8/><F36/><W56/><G104/><T64/><D74/><U69/><E116/><V21/><F21/><W109/><G109/><T23/><D97/><U126/><E69/><V98/><F98/><W11/><G11/><T75/><D75/><U16/><E126/><V51/><F62/><W68/><G68/><T127/><D23/><U78/><E128/><V105/><REACH who="2" step="1"/><F51/><REACH who="2" ten="298,260,134,288" step="2"/><W130/><G130/><T57/><D39/><U6/><E134/><V129/><F129/><W118/><G118/><T47/><D127/><U80/><E133/><V45/><F45/><W54/><G9/><T49/><D47/><U43/><E132/><V0/><F0/><W27/><G96/><T55/><D66/><U103/><E103/><V110/><F110/><W65/><G65/><T17/><D64/><U61/><E61/><V15/><F15/><W91/><G1/><T107/><D22/><U33/><E14/><V114/><F114/><W18/><G2/><T85/><D49/><U79/><E102/><V12/><F12/><W108/><G108/><T106/><D26/><U5/><E100/><V31/><F31/><W60/><G28/><T119/><D30/><U115/><E115/><V13/><F13/><W131/><G131/><T94/><D119/><U89/><E33/><V76/><F76/><W86/><G77/><RYUUKYOKU ba="2,2" sc="298,-10,260,-10,134,30,288,-10" hai2="3,8,20,25,29,46,48,52,70,71,99,101,105" /><INIT seed="2,3,2,5,3,50" ten="288,250,164,278" oya="2" hai0="32,87,70,34,109,114,125,17,118,120,97,79,13" hai1="57,31,65,0,131,99,48,115,101,127,66,39,43" hai2="122,91,45,5,27,62,58,88,104,41,96,111,73" hai3="134,81,25,35,14,117,8,42,4,38,22,90,55"/><V19/><F122/><W76/><G117/><T51/><D120/><U77/><E115/><V30/><F73/><W84/><G134/><T36/><D114/><U103/><E0/><V60/><F5/><W113/><G113/><T26/><D36/><U135/><E39/><V47/><F111/><W80/><G35/><T129/><D70/><U116/><E116/><V68/><F19/><W10/><G10/><T126/><D34/><U11/><E135/><V7/><F7/><W53/><G42/><T124/><D32/><U86/><E11/><V59/><F68/><W40/><G40/><T71/><D129/><U1/><E1/><V52/><F104/><W110/><G38/><T128/><D109/><U33/><E31/><V94/><F91/><W105/><G105/><T92/><D71/><U46/><E33/><V130/><F130/><W95/><G110/><T61/><D128/><U44/><E44/><N who="2" m="16971" /><F41/><W9/><G9/><T16/><D118/><U23/><E131/><V100/><F100/><W15/><G15/><T56/><D126/><U64/><E127/><V63/><F59/><W2/><G2/><T132/><D132/><U85/><E57/><V106/><F106/><W74/><REACH who="3" step="1"/><G80/><REACH who="3" ten="288,250,164,268" step="2"/><T123/><D125/><U133/><E133/><V18/><F30/><AGARI ba="3,3" hai="4,8,14,22,25,30,53,55,74,76,81,84,90,95" machi="30" ten="30,12000,2" yaku="1,1,2,1,7,1,52,2,53,1" doraHai="50" doraHaiUra="89" who="3" fromWho="2" sc="288,0,250,0,164,-129,268,159" /><INIT seed="3,0,0,0,4,28" ten="288,250,35,427" oya="3" hai0="100,127,135,37,2,80,17,73,30,72,93,79,92" hai1="134,115,31,108,27,84,58,11,124,38,86,102,105" hai2="14,33,64,69,13,130,113,24,59,63,53,36,62" hai3="68,49,18,25,5,114,116,34,3,23,20,118,85"/><W133/><G68/><T106/><D135/><U7/><E115/><V50/><F113/><W109/><G85/><T96/><D2/><U103/><E38/><V129/><F36/><W111/><G49/><T35/><D37/><U74/><E74/><V107/><F62/><W99/><G99/><T16/><D127/><U75/><E75/><V94/><F94/><W65/><G65/><T60/><D73/><U57/><E124/><V12/><REACH who="2" step="1"/><F107/><REACH who="2" ten="288,250,25,427" step="2"/><W43/><G114/><T112/><D112/><U19/><E105/><V6/><F6/><W89/><G133/><T125/><D125/><U46/><E7/><V26/><F26/><W15/><G116/><T54/><D93/><U97/><E27/><V8/><F8/><N who="3" m="2111" /><G118/><T110/><D92/><U126/><E134/><V42/><F42/><W40/><G43/><T66/><D60/><U76/><E126/><V1/><F1/><W88/><G40/><T70/><D106/><U32/><E11/><V39/><F39/><W45/><G23/><T101/><D80/><U9/><E9/><V47/><F47/><W131/><G131/><T82/><D82/><U61/><E46/><V128/><F128/><W132/><G45/><T117/><D117/><U52/><E61/><V77/><F77/><W22/><G132/><T4/><D79/><U21/><E76/><V104/><F104/><W98/><G22/><T120/><D120/><U91/><E21/><V90/><F90/><W71/><G89/><T95/><D95/><U67/><E91/><V0/><F0/><W81/><G88/><T121/><D121/><U55/><E102/><RYUUKYOKU ba="0,1" sc="288,-10,250,-10,25,30,427,-10" hai2="12,13,14,24,33,50,53,59,63,64,69,129,130" /><INIT seed="4,1,1,3,1,121" ten="278,240,55,417" oya="0" hai0="18,103,100,76,108,0,10,123,4,91,54,13,58" hai1="55,20,56,95,53,106,61,26,8,117,84,40,51" hai2="27,86,126,43,119,87,105,34,1,134,36,2,127" hai3="79,59,60,80,93,72,14,77,112,66,9,129,29"/><T65/><D123/><U83/><E106/><V115/><F105/><W24/><G112/><T122/><D122/><U114/><E114/><V73/><F115/><W135/><G79/><T7/><D76/><U50/><E117/><V99/><F99/><W111/><G129/><T39/><D39/><U97/><E8/><V113/><F113/><W38/><G38/><T90/><D65/><U63/><E40/><V69/><F69/><W82/><G135/><T98/><D108/><U31/><E83/><V130/><F73/><W104/><G104/><T46/><D46/><U35/><E84/><V3/><F43/><W6/><G80/><T75/><D75/><U89/><REACH who="1" step="1"/><E35/><REACH who="1" ten="278,230,55,417" step="2"/><V81/><F119/><W131/><G131/><T41/><D41/><U109/><E109/><V21/><F130/><W88/><G111/><T28/><D98/><U96/><E96/><V49/><F34/><W71/><G82/><T19/><D10/><U17/><E17/><N who="2" m="12719" /><F86/><W32/><G72/><T15/><D28/><U70/><E70/><V125/><F134/><W47/><G71/><T102/><D102/><U94/><E94/><V124/><F124/><W45/><G77/><T42/><D42/><U44/><AGARI ba="1,2" hai="20,26,31,44,50,51,53,55,56,61,63,89,95,97" machi="44" ten="20,12000,2" yaku="1,1,0,1,7,1,8,1,53,2" doraHai="121" doraHaiUra="48" who="1" fromWho="1" sc="278,-61,230,143,55,-31,417,-31" /><INIT seed="5,0,0,2,4,110" ten="217,373,24,386" oya="1" hai0="92,22,104,1,62,77,128,67,5,123,55,132,53" hai1="100,60,17,54,99,114,63,0,70,34,49,80,6" hai2="29,119,130,30,87,58,109,25,95,14,122,101,74" hai3="33,107,124,18,43,8,81,3,127,90,83,48,94"/><U116/><E116/><V135/><F119/><W51/><G107/><T111/><D111/><U13/><E34/><V73/><F109/><W21/><G33/><T68/><D104/><U89/><E70/><V96/><F122/><W129/><G129/><T12/><D128/><U108/><E108/><V64/><F130/><W103/><G103/><T85/><D123/><U105/><E6/><V59/><F135/><W37/><G37/><T52/><D1/><U46/><E0/><V121/><F29/><W106/><G106/><T126/><D126/><N who="3" m="48169" /><G8/><T97/><D132/><U20/><E114/><V31/><F30/><W15/><G3/><T41/><D41/><U40/><E40/><V66/><F121/><W39/><G39/><T42/><D42/><U35/><E35/><V26/><F26/><W38/><G38/><T45/><D45/><U61/><E61/><V4/><F87/><N who="3" m="52575" /><G51/><T44/><D85/><U91/><E91/><V72/><F14/><W27/><G15/><T24/><D77/><U118/><E118/><V50/><F4/><W79/><G79/><T76/><D76/><U125/><E125/><V28/><F50/><W32/><G32/><T112/><D12/><U98/><E80/><V57/><REACH who="2" step="1"/><F25/><REACH who="2" ten="217,373,14,386" step="2"/><W11/><G48/><T117/><D5/><U47/><E47/><V10/><F10/><W82/><G11/><T9/><D9/><U84/><E13/><V88/><F88/><W19/><G43/><T93/><D44/><U134/><E134/><V16/><F16/><AGARI ba="0,1" hai="16,18,19,21,27,81,82,83" m="52575,48169" machi="16" ten="30,2000,0" yaku="18,1,54,1" doraHai="110" who="3" fromWho="2" sc="217,0,373,0,14,-20,386,30" owari="217,-18.0,373,17.0,-6,-51.0,416,52.0" /></mjloggm>