<mjloggm ver="2.3"><GO type="225" lobby="0"/><UN n0="%53%74%65%69%6E%73" n1="%E5%A4%A7%E8%94%B5%E9%81%8A%E6%98%9F" n2="%E3%81%93%E3%81%84%E3%82%8F%E3%81%84%E3%82%88%E3%81%A4%E3%81%B0" n3="%69%70%73%E6%88%A6%E5%A3%AB" dan="16,16,18,16" rate="2160.44,2126.04,2228.50,2130.14" sx="M,F,F,M"/><TAIKYOKU oya="0"/><INIT seed="0,0,0,4,0,131" ten="250,250,250,250" oya="0" hai0="38,110,43,118,83,78,65,116,99,12,9,54,64" hai1="120,26,0,18,5,98,91,84,33,3,53,19,44" hai2="87,25,60,51,35,76,57,1,81,122,69,75,77" hai3="89,11,112,31,36,37,28,104,16,106,42,70,56"/><T134/><D110/><U101/><E120/><V45/><F122/><W21/><G70/><T115/><D115/><U67/><E67/><V124/><F124/><W2/><G112/><T49/><D38/><U50/><E3/><V34/><F1/><W130/><G130/><T94/><D43/><U90/><E0/><V68/><F76/><W61/><G104/><T74/><D116/><U133/><E5/><V119/><F75/><W107/><G107/><T41/><D41/><U79/><E79/><V63/><F119/><W40/><G106/><T117/><D117/><U46/><E46/><V6/><F6/><W100/><G100/><T114/><D114/><U96/><E33/><V4/><F4/><W102/><G102/><T97/><D118/><U17/><E26/><V111/><F63/><W7/><G89/><T126/><D126/><U127/><E127/><V93/><F93/><W23/><G37/><T62/><D65/><U103/><E90/><V32/><F25/><W129/><G129/><T58/><D94/><U85/><E85/><V30/><F30/><W88/><G88/><T82/><D82/><U24/><E24/><V39/><F111/><W48/><G36/><T47/><D134/><U105/><E133/><V92/><F92/><W86/><G86/><T113/><REACH who="0" step="1"/><D113/><REACH who="0" ten="240,250,250,250" step="2"/><U128/><E128/><V13/><F39/><W22/><G42/><T95/><D95/><N who="1" m="54759" /><E105/><V72/><F87/><W27/><G31/><T132/><D132/><U109/><E109/><V10/><F81/><W20/><G28/><T125/><D125/><U108/><E108/><V73/><F73/><RYUUKYOKU ba="0,1" sc="240,15,250,15,250,-15,250,-15" hai0="9,12,47,49,54,58,62,64,74,78,83,97,99" hai1="17,18,19,44,50,53,96,98,101,103" /><INIT seed="0,1,1,4,2,13" ten="255,265,235,235" oya="0" hai0="90,37,77,6,9,89,31,69,41,0,117,91,50" hai1="130,98,30,84,10,20,110,71,83,36,100,55,19" hai2="14,85,63,42,67,127,57,35,78,119,8,120,52" hai3="96,46,75,116,12,15,44,68,87,24,105,58,80"/><T135/><D117/><U115/><E110/><V26/><F120/><W126/><G68/><T25/><D69/><U97/><E71/><V3/><F127/><W129/><G116/><T32/><D135/><U134/><E134/><V59/><F119/><W82/><G75/><T45/><REACH who="0" step="1"/><D77/><REACH who="0" ten="245,265,235,235" step="2"/><U27/><E115/><V28/><F78/><W132/><G132/><T65/><D65/><U74/><E130/><V7/><F42/><W23/><G129/><T5/><D5/><U95/><E74/><V125/><F125/><W64/><G126/><T61/><D61/><U73/><E73/><V133/><F133/><W29/><G64/><T121/><D121/><U54/><E36/><AGARI ba="1,2" hai="0,6,9,25,31,32,36,37,41,45,50,89,90,91" machi="36" ten="40,2000,0" yaku="1,1,53,0" doraHai="13" doraHaiUra="76" who="0" fromWho="1" sc="245,43,265,-23,235,0,235,0" /><INIT seed="0,2,0,1,2,58" ten="288,242,235,235" oya="0" hai0="33,90,72,16,66,21,128,114,11,76,52,53,133" hai1="92,31,47,134,69,22,99,122,80,115,74,8,116" hai2="60,131,50,63,40,104,83,25,38,3,45,78,103" hai3="5,39,77,2,121,20,109,19,67,98,118,32,70"/><T87/><D114/><U51/><E115/><V56/><F131/><W15/><G118/><T75/><D33/><U57/><E69/><V28/><F3/><W46/><G121/><T107/><D128/><U1/><E122/><V35/><F104/><W106/><G109/><T91/><D107/><U71/><E71/><V84/><F103/><W126/><G126/><T68/><D133/><U112/><E112/><V82/><F82/><W29/><G77/><T10/><D76/><U54/><E134/><V6/><F6/><W97/><G39/><T110/><D110/><U125/><E125/><V49/><REACH who="2" step="1"/><F63/><REACH who="2" ten="288,242,225,235" step="2"/><N who="3" m="40319" /><G106/><T124/><D124/><U48/><E116/><V89/><F89/><W13/><G2/><T101/><D101/><U123/><E123/><V95/><F95/><W43/><G5/><T0/><D0/><U64/><E80/><V36/><F36/><W129/><G129/><T37/><D37/><U113/><E113/><V86/><F86/><W130/><G130/><T14/><D90/><U85/><E85/><V135/><F135/><W102/><G102/><T42/><D75/><U41/><E74/><V62/><F62/><W27/><G98/><T132/><D72/><U127/><E127/><V111/><F111/><W61/><G97/><T30/><D132/><U34/><E99/><V93/><F93/><W24/><G61/><T108/><D108/><U88/><E92/><V17/><F17/><W119/><G119/><T100/><D100/><U12/><E1/><V105/><F105/><W96/><G96/><T23/><D87/><U79/><E88/><V9/><F9/><RYUUKYOKU ba="2,1" sc="288,-15,242,-15,225,15,235,15" hai2="25,28,35,38,40,45,49,50,56,60,78,83,84" hai3="13,15,19,20,24,27,29,32,43,46" /><INIT seed="1,3,1,5,5,64" ten="273,227,240,250" oya="1" hai0="87,59,6,121,89,39,28,134,48,36,99,67,42" hai1="56,52,24,14,78,16,44,17,116,29,21,119,104" hai2="135,113,51,37,34,54,85,19,65,107,109,40,133" hai3="93,128,76,32,69,38,73,4,74,122,108,103,132"/><U23/><E104/><V111/><F107/><W41/><G122/><T47/><D121/><U20/><E78/><V61/><F34/><W123/><G123/><T18/><D134/><N who="2" m="51210" /><F19/><W68/><G132/><T80/><D28/><U91/><E44/><N who="2" m="23567" /><F113/><W124/><G32/><T55/><D6/><U84/><E23/><V71/><F85/><W125/><G108/><T115/><D115/><U101/><E101/><V70/><F70/><N who="3" m="27243" /><G128/><T13/><D67/><U27/><E29/><V2/><F2/><W77/><G4/><T131/><D131/><U12/><E119/><V62/><F62/><W86/><G93/><T82/><D99/><U95/><E116/><V75/><F75/><N who="3" m="28683" /><G103/><T105/><D105/><U100/><REACH who="1" step="1"/><E100/><REACH who="1" ten="273,217,240,250" step="2"/><V30/><F30/><W8/><G77/><T97/><D97/><U130/><E130/><V25/><F25/><W15/><G76/><T117/><D117/><U7/><E7/><V58/><AGARI ba="3,2" hai="51,54,58,61,65,71,109,111" m="23567,51210" machi="58" ten="30,8000,1" yaku="24,1,20,1,34,2,52,1" doraHai="64" who="2" fromWho="2" sc="273,-23,217,-43,240,109,250,-23" /><INIT seed="2,0,0,5,2,4" ten="250,174,349,227" oya="2" hai0="3,126,45,128,10,71,66,116,9,74,105,124,123" hai1="56,41,70,14,32,49,76,110,28,36,109,50,12" hai2="43,83,96,98,88,132,81,1,51,114,31,78,27" hai3="22,59,37,57,6,97,13,72,64,61,101,73,91"/><V21/><F114/><W46/><G91/><T30/><D3/><U67/><E76/><V129/><F129/><W121/><G121/><T7/><D123/><U86/><E86/><V100/><F132/><W85/><G85/><T87/><D74/><U55/><E49/><V60/><F1/><W122/><G122/><T130/><D7/><U79/><E79/><V112/><F112/><W62/><G46/><T119/><D105/><U2/><E2/><V38/><F38/><W80/><G37/><T99/><D30/><U40/><E40/><V54/><F60/><W39/><G39/><T104/><D45/><U111/><E28/><V63/><F63/><W24/><G80/><T26/><D26/><U108/><N who="1" m="27648" /><DORA hai="0" /><U107/><E107/><V120/><F43/><W84/><G84/><T135/><D87/><U8/><E32/><V92/><F120/><W65/><G24/><T58/><D71/><U93/><E93/><N who="2" m="58447" /><F78/><W113/><G113/><T15/><D135/><U48/><E48/><V19/><F31/><W89/><G89/><T5/><D128/><U29/><E29/><V133/><F133/><W102/><G102/><T18/><D130/><U115/><E115/><V52/><F51/><W35/><G35/><T34/><D34/><U47/><REACH who="1" step="1"/><E8/><REACH who="1" ten="250,164,349,227" step="2"/><V103/><F81/><W131/><G131/><T82/><D9/><U33/><E33/><V77/><F77/><W118/><G73/><T17/><D10/><U44/><E44/><V90/><F83/><W68/><G72/><T134/><D104/><U95/><E95/><V11/><F11/><W117/><G22/><RYUUKYOKU ba="0,1" sc="250,-15,164,15,349,15,227,-15" hai1="12,14,36,41,47,50,55,56,67,70" hai2="19,21,27,52,54,88,90,92,96,103" /><INIT seed="2,1,1,1,2,24" ten="235,179,364,212" oya="2" hai0="9,112,124,4,126,15,26,105,0,37,132,68,42" hai1="10,98,133,128,1,7,39,70,52,134,111,59,18" hai2="25,3,83,100,96,93,106,58,5,14,82,29,102" hai3="40,121,62,51,36,33,107,22,69,21,20,117,110"/><V119/><F119/><W71/><G117/><T44/><D105/><U32/><E70/><V47/><F3/><W127/><G121/><T115/><D68/><U77/><E39/><V99/><F47/><W95/><G107/><T114/><D132/><U131/><E77/><V35/><REACH who="2" step="1"/><F58/><REACH who="2" ten="235,179,354,212" step="2"/><W122/><G122/><T17/><D0/><U89/><E134/><V87/><F87/><W16/><G36/><T2/><D2/><U66/><E133/><V64/><F64/><W41/><G69/><T135/><D135/><U123/><E123/><V80/><F80/><W60/><G71/><T90/><D112/><U78/><E1/><V94/><F94/><W118/><G95/><T11/><D114/><U103/><E59/><V48/><F48/><W45/><G118/><T61/><D115/><U101/><E66/><V13/><F13/><W46/><G51/><T63/><D37/><U125/><E128/><V130/><F130/><W6/><G45/><T65/><D65/><U113/><E131/><V67/><F67/><W86/><G46/><T84/><D44/><U85/><E85/><V88/><F88/><W76/><G86/><T56/><D56/><U120/><E89/><V31/><F31/><W97/><G62/><T116/><D63/><U91/><E91/><V30/><F30/><W19/><G60/><T43/><D61/><U72/><E113/><V57/><F57/><W23/><G41/><T108/><D43/><U54/><E120/><V50/><F50/><W109/><G40/><T74/><D42/><U92/><E92/><V81/><F81/><W79/><G79/><RYUUKYOKU ba="1,2" sc="235,-10,179,-10,354,30,212,-10" hai2="5,14,25,29,35,82,83,93,96,99,100,102,106" /><INIT seed="2,2,2,4,2,54" ten="225,169,384,202" oya="2" hai0="3,67,8,103,45,25,88,97,69,55,77,82,7" hai1="89,18,37,106,110,66,113,104,78,71,12,76,96" hai2="9,10,63,116,105,26,43,129,28,20,38,112,134" hai3="31,117,90,39,94,126,52,74,64,17,119,92,6"/><V102/><F116/><W4/><G126/><T80/><D69/><U127/><E113/><V83/><F112/><W120/><G120/><T72/><D67/><U115/><E115/><V130/><F134/><W111/><G111/><T46/><D25/><U132/><E37/><V23/><F83/><W68/><G74/><T0/><D0/><U118/><E118/><V42/><F102/><W125/><G125/><T36/><D36/><U13/><E127/><V81/><F105/><W22/><G39/><T50/><D82/><U49/><E66/><V40/><F38/><W58/><G31/><T2/><D2/><U101/><E71/><V60/><F81/><W109/><G109/><T48/><D88/><U128/><E110/><V122/><F122/><W53/><G68/><T79/><D79/><U30/><E30/><V34/><F34/><W62/><G119/><T107/><REACH who="0" step="1"/><D50/><REACH who="0" ten="215,169,384,202" step="2"/><U123/><E49/><V11/><F26/><N who="3" m="14671" /><G117/><T59/><AGARI ba="2,3" hai="3,7,8,45,46,48,55,59,72,77,80,97,103,107" machi="59" ten="20,8000,1" yaku="1,1,0,1,7,1,52,1,53,1" doraHai="54" doraHaiUra="95" who="0" fromWho="0" sc="215,116,169,-22,384,-42,202,-22" /><INIT seed="3,0,0,2,5,40" ten="331,147,342,180" oya="3" hai0="43,13,0,108,122,93,128,118,135,102,98,53,24" hai1="1,30,72,64,52,69,23,109,87,49,94,73,134" hai2="3,39,56,4,104,55,105,74,44,7,22,12,75" hai3="103,36,28,29,129,133,61,16,37,58,48,125,127"/><W6/><G133/><T35/><D0/><U57/><E1/><V101/><F44/><W62/><G129/><T5/><D118/><U68/><E134/><V59/><F39/><N who="3" m="14923" /><G6/><T131/><D135/><U51/><E109/><V81/><F3/><W32/><G103/><T31/><D122/><U82/><E94/><V90/><F90/><W85/><G85/><T77/><D108/><U83/><E83/><V54/><F12/><W21/><G32/><T78/><D43/><U46/><E30/><N who="3" m="11882" /><G48/><T96/><D96/><U97/><E97/><V130/><F22/><W88/><G88/><T11/><D53/><U14/><E23/><V67/><F81/><W10/><G58/><T15/><D15/><U132/><E14/><V71/><F101/><W115/><G115/><T91/><REACH who="0" step="1"/><D91/><REACH who="0" ten="321,147,342,180" step="2"/><U20/><E132/><V99/><F99/><W113/><G113/><T95/><D95/><U110/><E110/><V9/><F130/><AGARI ba="0,1" hai="5,11,13,24,31,35,77,78,93,98,102,128,130,131" machi="130" ten="40,2600,0" yaku="1,1,19,1,53,0" doraHai="40" doraHaiUra="45" who="0" fromWho="2" sc="321,36,147,0,342,-26,180,0" owari="357,45.0,147,-35.0,316,12.0,180,-22.0" /></mjloggm>