<mjloggm ver="2.3"><GO type="185" lobby="0"/><UN n0="%E8%97%A4%E4%BA%95%E8%81%A1%E5%A4%AA" n1="%E3%82%BF%E3%82%B3%E8%B8%8A%E3%82%8A%E4%B8%89%E9%83%8E" n2="%E8%B5%A4%E8%A3%8F%E3%83%9B%E3%82%B7%E3%83%BC%E3%83%8E" n3="" dan="20,16,16,0" rate="2428.94,2177.23,2135.74,1500.00" sx="M,M,M,C"/><TAIKYOKU oya="0"/><INIT seed="0,0,0,5,5,130" ten="350,350,350,0" oya="0" hai0="112,104,118,96,83,102,57,32,61,101,41,93,124" hai1="127,49,77,64,45,69,63,33,66,103,75,52,81" hai2="35,115,97,95,43,85,51,46,74,54,72,42,128" hai3=""/><T117/><D112/><U90/><E33/><V67/><F115/><T1/><D32/><U92/><E127/><V99/><F35/><T48/><D1/><U88/><REACH who="1" step="1"/><E66/><REACH who="1" ten="350,340,350,0" step="2"/><V2/><F128/><T47/><D124/><U70/><E70/><V65/><F2/><T37/><D118/><U105/><E105/><V91/><F74/><T110/><D117/><U3/><E3/><V71/><F72/><T106/><D104/><U125/><E125/><V76/><F71/><T126/><D106/><U131/><E131/><V107/><F107/><T86/><D126/><U114/><E114/><V122/><N who="2" m="31264" /><V82/><F99/><AGARI ba="0,1" hai="45,49,52,63,64,69,75,77,81,88,90,92,99,103" machi="99" ten="40,8000,1" yaku="1,1,54,2,53,1" doraHai="130" doraHaiUra="98" who="1" fromWho="2" sc="350,0,340,90,350,-80,0,0" /><INIT seed="1,0,0,4,4,96" ten="350,430,270,0" oya="1" hai0="68,120,72,97,91,102,132,37,118,40,130,57,82" hai1="74,134,58,52,56,77,78,100,66,34,95,122,128" hai2="124,106,41,121,92,131,116,36,45,76,53,98,125" hai3=""/><U126/><N who="1" m="31264" /><U89/><E34/><V59/><N who="2" m="31008" /><V71/><F116/><T62/><N who="0" m="30752" /><T42/><D118/><U108/><E126/><N who="2" m="48747" /><F106/><T39/><D68/><U35/><E35/><V109/><F71/><T88/><D130/><U105/><E128/><V60/><F131/><T2/><D2/><U87/><E134/><V51/><F76/><T85/><D72/><U107/><E108/><V133/><F133/><T115/><D115/><U110/><E110/><V65/><F109/><T111/><D132/><U33/><E33/><V135/><F135/><T43/><D91/><U83/><E78/><V73/><F73/><T129/><D111/><U1/><E1/><V123/><N who="2" m="31520" /><V117/><F117/><T86/><D86/><U79/><E79/><V0/><F0/><T94/><REACH who="0" step="1"/><D129/><REACH who="0" ten="340,430,270,0" step="2"/><U81/><E74/><V61/><F65/><AGARI ba="0,1" hai="37,39,40,42,43,57,62,65,82,85,88,94,97,102" m="30752" machi="65" ten="40,12000,2" yaku="1,1,2,1,52,2,54,1,53,2" doraHai="96" doraHaiUra="70" who="0" fromWho="2" sc="340,130,430,0,270,-120,0,0" /><INIT seed="2,0,0,2,3,68" ten="470,430,150,0" oya="2" hai0="128,115,129,120,58,54,50,40,88,32,35,47,60" hai1="90,77,48,121,132,1,0,134,130,74,94,91,55" hai2="34,85,122,108,49,39,92,41,101,59,95,131,102" hai3=""/><V83/><N who="2" m="31264" /><V109/><F34/><T56/><N who="0" m="30752" /><T36/><D115/><U45/><N who="1" m="31008" /><U118/><E130/><N who="0" m="50281" /><D88/><U63/><E118/><V57/><F131/><T75/><D75/><U116/><E116/><V2/><F2/><T99/><D99/><U81/><E90/><V127/><F127/><T79/><D79/><U82/><E82/><V96/><F95/><T114/><D114/><U87/><REACH who="1" step="1"/><E63/><REACH who="1" ten="470,420,150,0" step="2"/><V124/><F124/><T69/><D69/><U89/><E89/><V51/><F102/><T93/><D93/><U37/><E37/><V86/><F86/><T105/><D105/><U65/><E65/><AGARI ba="0,1" hai="32,35,36,40,47,50,54,56,58,60,65" m="50281,30752" machi="65" ten="30,3900,0" yaku="19,1,52,2" doraHai="68" who="0" fromWho="1" sc="470,49,420,-39,150,0,0,0" /><INIT seed="4,0,0,1,0,39" ten="519,381,150,0" oya="0" hai0="90,89,67,74,121,54,117,93,53,83,63,112,122" hai1="58,133,127,71,76,125,111,116,61,77,128,59,73" hai2="135,52,92,46,47,36,99,57,65,56,43,49,69" hai3=""/><T87/><N who="0" m="31008" /><T66/><N who="0" m="31264" /><T1/><D117/><U130/><E116/><V88/><REACH who="2" step="1"/><F135/><REACH who="2" ten="519,381,140,0" step="2"/><T48/><D1/><U42/><E133/><V110/><F110/><T114/><D74/><U103/><E111/><V68/><F68/><T119/><D119/><U84/><E71/><V94/><F94/><T45/><D53/><U102/><E127/><V106/><F106/><T134/><D134/><U115/><E125/><V38/><F38/><T33/><D33/><U98/><E130/><V81/><F81/><T0/><D0/><U113/><E128/><V120/><N who="2" m="30752" /><V97/><F97/><T75/><D75/><U131/><E115/><N who="0" m="44073" /><D63/><AGARI ba="0,1" hai="36,43,46,47,49,52,56,57,63,65,69,88,92,99" m="30752" machi="63" ten="40,12000,2" yaku="1,1,52,2,54,2,53,1" doraHai="39" doraHaiUra="50" who="2" fromWho="0" sc="519,-120,381,0,140,130,0,0" /><INIT seed="5,0,0,0,3,42" ten="399,381,270,0" oya="1" hai0="56,97,112,82,52,48,124,88,108,120,129,135,68" hai1="69,73,115,96,53,102,51,63,93,58,55,47,57" hai2="61,117,86,98,66,80,33,36,44,116,81,43,78" hai3=""/><U131/><E73/><V40/><F33/><T114/><N who="0" m="30752" /><T77/><D108/><U87/><E115/><N who="0" m="44073" /><D129/><U84/><E131/><V122/><N who="2" m="31264" /><V3/><F3/><T130/><D130/><U125/><E125/><V39/><F98/><T32/><D124/><U85/><E69/><V133/><F133/><T0/><D135/><U67/><REACH who="1" step="1"/><E57/><REACH who="1" ten="399,371,270,0" step="2"/><V79/><F43/><AGARI ba="0,1" hai="43,47,51,53,55,58,63,67,84,85,87,93,96,102" machi="43" ten="40,12000,1" yaku="1,1,2,1,8,1,52,1,53,0" doraHai="42" doraHaiUra="74" who="1" fromWho="2" sc="399,0,371,130,270,-120,0,0" /><INIT seed="5,1,0,5,5,2" ten="399,501,150,0" oya="1" hai0="107,104,39,122,114,48,57,115,113,47,3,110,67" hai1="43,91,93,112,126,44,106,89,35,70,119,77,37" hai2="1,73,80,84,124,34,71,81,123,102,75,92,46" hai3=""/><U87/><E35/><V53/><N who="2" m="31520" /><V111/><F1/><T135/><N who="0" m="31264" /><T54/><D3/><U60/><E119/><V85/><F71/><T45/><D110/><U33/><E33/><V97/><F111/><T51/><D135/><U121/><N who="1" m="31008" /><U0/><E0/><V63/><F34/><T129/><D129/><U83/><E106/><V132/><F132/><T68/><D39/><U98/><E126/><V131/><F131/><T56/><D68/><U62/><E112/><V100/><F124/><T99/><D67/><U88/><REACH who="1" step="1"/><E70/><REACH who="1" ten="399,491,150,0" step="2"/><V50/><F63/><AGARI ba="1,1" hai="37,43,44,60,62,63,77,83,87,88,89,91,93,98" m="31008" machi="63" ten="40,12000,1" yaku="1,1,2,1,52,1,54,1,53,1" doraHai="2" doraHaiUra="94" who="1" fromWho="2" sc="399,0,491,132,150,-122,0,0" /><INIT seed="5,2,0,0,2,123" ten="399,623,28,0" oya="1" hai0="35,44,135,97,112,124,36,33,110,39,122,90,3" hai1="69,64,119,116,59,32,103,55,74,45,102,41,67" hai2="42,115,71,126,86,2,93,77,53,130,75,81,131" hai3=""/><U50/><E32/><V83/><F71/><T128/><RYUUKYOKU type="yao9" ba="2,0" sc="399,0,623,0,28,0,0,0" hai0="3,33,35,36,39,44,90,97,110,112,122,124,128,135" /><INIT seed="5,3,0,5,2,94" ten="399,623,28,0" oya="1" hai0="131,36,50,47,120,89,88,57,107,109,32,99,117" hai1="45,41,33,123,38,73,111,93,130,77,42,78,79" hai2="81,125,124,75,97,135,115,133,103,134,83,64,61" hai3=""/><U112/><N who="1" m="31520" /><U3/><E33/><V101/><F61/><T106/><N who="0" m="30752" /><T80/><D109/><U37/><E111/><V52/><F52/><T90/><D32/><U95/><E130/><V84/><F64/><T59/><D131/><U118/><E3/><V56/><F56/><T128/><D128/><U55/><E118/><V114/><F75/><T70/><D70/><U34/><E34/><V110/><F110/><T92/><D36/><U74/><E112/><N who="2" m="43051" /><F84/><T44/><D117/><U66/><E66/><V76/><F76/><T1/><D1/><U48/><E38/><V51/><F51/><T63/><D57/><U82/><E41/><V119/><F119/><T67/><D44/><U39/><E39/><V121/><N who="2" m="31008" /><V87/><F87/><T49/><D50/><U113/><E113/><V0/><F0/><T35/><D35/><U86/><E74/><V69/><F69/><T116/><D116/><U91/><REACH who="1" step="1"/><E73/><REACH who="1" ten="399,613,28,0" step="2"/><V98/><F81/><T122/><N who="0" m="31264" /><T40/><REACH who="0" step="1"/><D80/><REACH who="0" ten="389,613,28,0" step="2"/><U100/><E100/><AGARI ba="3,2" hai="40,47,49,59,63,67,88,89,90,92,99,100,106,107" m="31264,30752" machi="100" ten="40,12000,2" yaku="1,1,2,1,52,3,54,1,53,1" doraHai="94" doraHaiUra="60" who="0" fromWho="1" sc="389,146,613,-126,28,0,0,0" /><INIT seed="6,0,0,0,1,3" ten="535,487,28,0" oya="2" hai0="78,92,131,73,85,60,44,121,135,111,86,128,45" hai1="125,103,101,56,132,70,100,82,49,104,1,54,89" hai2="113,0,42,32,81,51,46,97,72,34,35,66,126" hai3=""/><V95/><F0/><T133/><N who="0" m="31008" /><T74/><D111/><U123/><N who="1" m="31520" /><U80/><E1/><V59/><F113/><T52/><D60/><U55/><E70/><V106/><F106/><T127/><D127/><U130/><E104/><V65/><F126/><T36/><D36/><U102/><E125/><V75/><F59/><T83/><D92/><U61/><E130/><N who="0" m="49705" /><D86/><U108/><E132/><N who="0" m="50761" /><D52/><U105/><E108/><V118/><F118/><T76/><D76/><U53/><E53/><V58/><F58/><T47/><AGARI ba="0,0" hai="44,45,47,73,74,78,83,85" m="50761,49705,31008" machi="47" ten="40,3900,0" yaku="19,1,20,1,52,1" doraHai="3" who="0" fromWho="0" sc="535,39,487,-13,28,-26,0,0" owari="574,53.0,474,7.0,2,-60.0,0,0.0" /></mjloggm>