<mjloggm ver="2.3"><GO type="169" lobby="0"/><UN n0="%E6%AF%94%E5%98%89%E6%84%9B%E6%9C%AA" n1="%74%6E%66%73%68%32%30%34" n2="%4E%41%4F%59%41%31%30%35" n3="%4D%4D%44%54%30%37%31%35" dan="16,17,18,16" rate="2100.86,2214.79,2198.66,2131.68" sx="F,M,M,M"/><TAIKYOKU oya="0"/><INIT seed="0,0,0,0,0,101" ten="250,250,250,250" oya="0" hai0="49,4,77,18,122,9,117,79,98,0,63,123,29" hai1="7,27,50,45,115,74,99,129,56,6,105,24,126" hai2="121,11,107,84,26,130,61,82,128,2,95,94,32" hai3="21,103,80,104,93,10,39,109,68,116,58,96,22"/><T65/><D117/><U133/><E74/><V17/><F121/><W19/><G116/><T118/><D118/><U135/><E56/><V57/><F107/><W125/><G68/><T67/><D67/><U60/><E60/><V87/><F32/><W12/><G109/><T127/><D127/><U76/><E76/><V72/><F72/><W52/><G39/><T124/><D124/><U53/><E126/><V34/><F34/><W90/><G80/><T23/><D29/><U113/><E27/><V97/><F26/><W91/><G125/><T43/><D98/><U5/><E24/><V119/><F119/><W102/><G102/><T108/><D108/><U112/><E129/><N who="2" m="49771" /><F97/><W15/><G104/><T51/><D122/><U100/><AGARI ba="0,0" hai="5,6,7,45,50,53,99,100,105,112,113,115,133,135" machi="100" ten="40,5200,0" yaku="0,1,11,1,52,1" doraHai="101" who="1" fromWho="1" sc="250,-26,250,52,250,-13,250,-13" /><INIT seed="1,0,0,4,2,5" ten="224,302,237,237" oya="1" hai0="11,60,114,96,16,132,8,127,22,87,9,4,47" hai1="122,106,40,56,75,78,69,43,35,134,19,63,57" hai2="14,90,61,129,88,100,62,27,113,133,126,89,98" hai3="101,7,84,31,65,50,86,53,30,119,70,77,64"/><U29/><E106/><V102/><F129/><W42/><G70/><T74/><D74/><U15/><E122/><V23/><F133/><W135/><G135/><T24/><D132/><U104/><E104/><V110/><F126/><W82/><G119/><T112/><D127/><U21/><E134/><V6/><F110/><W46/><G101/><T130/><D130/><U34/><E69/><V71/><F113/><W58/><G86/><T45/><D4/><U51/><E78/><V120/><F120/><W54/><G54/><T52/><D112/><U20/><E75/><V107/><F102/><W41/><G41/><T111/><D111/><U0/><E0/><V118/><F71/><W67/><REACH who="3" step="1"/><G7/><REACH who="3" ten="224,302,237,227" step="2"/><T80/><D114/><U131/><E43/><V68/><F68/><W97/><G97/><T95/><D52/><N who="1" m="31775" /><E40/><V94/><F118/><W1/><G1/><T48/><D60/><AGARI ba="0,1" hai="30,31,42,46,50,53,58,60,64,65,67,77,82,84" machi="60" ten="40,2600,0" yaku="1,1,8,1,53,0" doraHai="5" doraHaiUra="33" who="3" fromWho="0" sc="224,-26,302,0,237,0,227,36" /><INIT seed="2,0,0,5,1,27" ten="198,302,237,263" oya="2" hai0="69,48,130,6,86,95,20,112,135,28,116,60,103" hai1="84,90,39,129,131,106,73,72,44,9,21,98,74" hai2="31,133,3,66,13,122,57,125,88,80,46,55,32" hai3="67,109,45,54,68,1,41,17,38,30,134,47,76"/><V50/><F122/><W92/><G134/><T16/><D112/><U120/><E9/><V65/><F133/><W97/><G109/><T94/><D135/><U64/><E64/><V107/><F3/><W29/><G1/><T96/><D6/><U10/><E10/><V114/><F114/><W2/><G2/><T5/><D5/><U118/><E39/><V77/><F125/><W117/><G117/><T61/><D116/><U99/><E44/><V42/><F107/><W22/><G76/><T0/><D0/><U18/><E118/><V104/><F104/><W79/><G79/><T62/><D130/><N who="1" m="49675" /><E106/><V123/><F13/><W100/><G67/><T53/><D69/><U19/><E19/><V101/><F101/><W124/><G124/><T132/><D132/><U59/><E59/><V51/><F123/><W37/><G68/><T115/><D115/><U119/><E119/><V87/><REACH who="2" step="1"/><F77/><REACH who="2" ten="198,302,227,263" step="2"/><W70/><G70/><T24/><D103/><U11/><E120/><V105/><F105/><W108/><G108/><T126/><BYE who="3" /><D126/><U7/><E74/><V93/><F93/><W40/><G40/><T89/><D95/><N who="1" m="54727" /><E73/><V35/><F35/><W14/><G14/><T33/><D33/><U71/><E72/><V111/><F111/><W56/><G56/><N who="0" m="32807" /><D86/><U85/><E85/><V113/><F113/><W4/><G4/><T75/><D75/><U15/><E71/><V43/><F43/><W128/><G128/><T8/><D8/><U25/><AGARI ba="0,1" hai="7,11,15,18,21,25,98,99" m="54727,49675" machi="25" ten="30,1100,0" yaku="19,1" doraHai="27" who="1" fromWho="1" sc="198,-3,302,21,227,-5,263,-3" /><INIT seed="3,0,0,5,0,21" ten="195,323,222,260" oya="3" hai0="110,36,22,44,61,64,40,52,132,34,0,48,69" hai1="80,82,49,20,60,12,131,123,113,8,79,5,38" hai2="37,41,120,55,88,10,67,75,43,71,2,32,95" hai3="74,92,26,45,24,3,30,53,94,50,56,63,25"/><W54/><G54/><T125/><D34/><U89/><E113/><V99/><F120/><W117/><G117/><T13/><D0/><U59/><E123/><V31/><F75/><W33/><G33/><T98/><D110/><U84/><E38/><V106/><F106/><UN n3="%4D%4D%44%54%30%37%31%35" /><W39/><G74/><T91/><D132/><U23/><E49/><V134/><F134/><W62/><G39/><T16/><D125/><U83/><E131/><V78/><F78/><W28/><G3/><T6/><D6/><U115/><E115/><V121/><F121/><W124/><G124/><T68/><D68/><U7/><E5/><V127/><F37/><W29/><REACH who="3" step="1"/><G62/><REACH who="3" ten="195,323,222,250" step="2"/><T128/><D128/><U42/><E42/><V86/><F55/><W108/><G108/><T116/><D116/><U129/><E129/><V126/><F126/><W76/><G76/><T65/><D36/><U81/><E79/><V105/><F127/><W90/><G90/><T17/><D61/><U109/><E109/><V11/><F43/><W19/><G19/><T119/><D119/><U4/><E7/><V103/><F41/><W118/><G118/><T96/><D40/><U27/><E60/><V47/><F2/><W72/><G72/><T112/><D112/><U114/><E114/><V51/><F51/><W9/><G9/><N who="0" m="6191" /><D91/><U85/><E89/><V93/><F88/><W104/><G104/><T135/><D135/><U14/><E8/><V1/><F105/><W133/><G133/><T130/><D130/><U70/><E4/><V87/><F1/><W77/><G77/><T18/><D48/><U73/><E73/><RYUUKYOKU ba="0,1" sc="195,-10,323,-10,222,-10,250,30" hai3="24,25,26,28,29,30,45,50,53,56,63,92,94" /><INIT seed="3,1,1,2,3,64" ten="185,313,212,280" oya="3" hai0="48,74,108,133,89,0,97,50,7,88,13,127,14" hai1="87,24,83,126,17,106,86,77,57,117,79,28,114" hai2="98,129,20,29,3,5,42,135,22,8,116,105,113" hai3="67,34,33,69,92,53,110,40,1,111,125,132,35"/><W31/><G1/><T85/><D74/><U10/><E114/><V16/><F113/><W45/><G125/><T81/><D127/><U71/><E106/><V119/><F42/><W51/><G132/><T2/><D133/><U120/><E126/><V37/><F37/><W73/><G73/><T21/><D108/><N who="3" m="41513" /><G92/><N who="0" m="56455" /><D0/><U121/><E57/><V60/><F135/><W82/><G82/><T66/><D66/><U46/><E46/><V103/><F129/><W19/><G19/><N who="0" m="10479" /><D2/><U128/><E128/><V76/><F76/><W12/><G12/><T54/><D54/><U72/><E79/><V101/><F101/><W70/><G67/><T38/><D38/><U4/><E77/><V47/><F47/><N who="3" m="27903" /><G31/><T109/><D109/><U134/><E28/><V115/><F115/><W58/><G58/><T123/><D123/><U99/><E121/><V55/><F29/><W9/><G9/><AGARI ba="1,1" hai="7,9,14,48,50,81,85,89" m="10479,56455" machi="9" ten="30,2000,0" yaku="8,1,54,1" doraHai="64" who="0" fromWho="3" sc="185,33,313,0,212,0,280,-23" /><INIT seed="4,0,0,3,0,48" ten="218,313,212,257" oya="0" hai0="125,89,68,13,36,118,60,72,22,8,54,107,65" hai1="10,101,42,87,12,67,29,1,80,82,106,114,97" hai2="111,70,130,103,56,102,81,105,26,32,76,31,6" hai3="96,109,17,38,98,83,132,88,47,61,93,66,84"/><T7/><D118/><U100/><E1/><V131/><F111/><W64/><G109/><T94/><D107/><U24/><E114/><V116/><F116/><W37/><G132/><T30/><D72/><U71/><E42/><V117/><F117/><W35/><G35/><T9/><D36/><U5/><E101/><V40/><F70/><W39/><G98/><T79/><D79/><U58/><E58/><V108/><F108/><W91/><G17/><T110/><D110/><U133/><E133/><V45/><F6/><W33/><G33/><T62/><D125/><U28/><E87/><V115/><F115/><W122/><G122/><T11/><D30/><U2/><E2/><V126/><F126/><W74/><G74/><T128/><D128/><N who="2" m="49194" /><F56/><W21/><G21/><T120/><D22/><U92/><E29/><V19/><F19/><W49/><REACH who="3" step="1"/><G61/><REACH who="3" ten="218,313,212,247" step="2"/><T23/><D120/><U112/><E112/><V135/><F135/><W134/><G134/><T41/><D62/><U85/><E97/><V129/><F129/><W15/><G15/><T119/><D119/><U46/><E12/><V55/><F105/><W77/><G77/><T16/><D60/><U20/><E106/><V78/><F78/><W86/><G86/><T73/><D73/><U104/><E85/><V113/><F76/><W4/><G4/><T127/><D7/><U14/><E104/><V44/><F113/><W34/><G34/><T90/><D16/><U0/><E5/><V57/><F32/><W121/><G121/><T43/><D127/><U75/><E75/><V50/><F31/><W52/><AGARI ba="0,1" hai="37,38,39,47,49,52,64,66,83,84,88,91,93,96" machi="52" ten="30,12000,2" yaku="1,1,5,1,0,1,52,1,54,2,53,0" doraHai="48" doraHaiUra="124" who="3" fromWho="3" sc="218,-60,313,-30,212,-30,247,130" /><INIT seed="5,0,0,2,2,132" ten="158,283,182,377" oya="1" hai0="66,31,73,97,116,8,46,39,85,15,114,16,123" hai1="108,23,76,2,7,130,14,84,129,78,103,24,9" hai2="10,120,133,113,44,101,38,52,88,109,29,50,72" hai3="68,21,57,105,62,119,71,104,60,106,64,4,41"/><U112/><E103/><V49/><F109/><W5/><G119/><T111/><D111/><U87/><E108/><V69/><F120/><W96/><G41/><T36/><D116/><U11/><E87/><V32/><F133/><W94/><G21/><T93/><D73/><U12/><E84/><V37/><F113/><W48/><G48/><T117/><D117/><U74/><E74/><V19/><F72/><W20/><G20/><T95/><D114/><U89/><E89/><V99/><F69/><W90/><REACH who="3" step="1"/><G68/><REACH who="3" ten="158,283,182,367" step="2"/><T26/><D123/><U121/><E121/><V118/><F118/><W75/><G75/><T82/><D39/><U45/><E112/><V81/><F38/><W47/><G47/><T92/><D46/><U3/><E45/><V63/><F49/><W30/><G30/><T51/><D51/><U67/><E23/><V127/><F37/><W115/><G115/><T55/><D36/><U28/><E28/><V128/><F29/><W102/><G102/><T65/><D31/><U58/><E58/><V134/><F101/><W22/><G22/><T77/><D26/><U125/><E24/><V80/><F134/><W110/><G110/><T6/><D97/><U17/><E67/><AGARI ba="0,1" hai="4,5,57,60,62,64,67,71,90,94,96,104,105,106" machi="67" ten="40,1300,0" yaku="1,1,53,0" doraHai="132" doraHaiUra="18" who="3" fromWho="1" sc="158,0,283,-13,182,0,367,23" /><INIT seed="6,0,0,4,3,66" ten="158,270,182,390" oya="2" hai0="20,30,44,8,16,95,9,100,42,75,108,134,114" hai1="25,5,121,24,12,118,65,6,48,125,29,84,104" hai2="130,35,96,76,69,46,68,57,88,78,81,58,71" hai3="13,117,101,90,97,127,51,28,126,14,15,113,91"/><V41/><F35/><W123/><G117/><T36/><D108/><U53/><E104/><V37/><F130/><W82/><G123/><T132/><D75/><U89/><E118/><V45/><F45/><W63/><G28/><T133/><D30/><U49/><E125/><N who="3" m="47626" /><G113/><T32/><D32/><U107/><E107/><V99/><F76/><W85/><G63/><T23/><D114/><U43/><E65/><V39/><F39/><W34/><G34/><T103/><D20/><U27/><E29/><V61/><F88/><N who="3" m="51255" /><G51/><T70/><D70/><U122/><E49/><V64/><REACH who="2" step="1"/><F58/><REACH who="2" ten="158,270,172,390" step="2"/><W74/><G74/><AGARI ba="0,1" hai="37,41,46,57,61,64,68,69,71,74,78,81,96,99" machi="74" ten="40,18000,2" yaku="1,1,2,1,52,3,53,2" doraHai="66" doraHaiUra="92" who="2" fromWho="3" sc="158,0,270,0,172,190,390,-180" /><INIT seed="6,1,0,1,1,61" ten="158,270,362,210" oya="2" hai0="85,43,63,72,106,80,94,74,119,13,35,108,84" hai1="82,132,18,2,90,32,112,101,1,130,87,34,45" hai2="91,20,33,134,57,62,68,29,49,78,83,96,65" hai3="125,16,60,120,58,111,70,53,73,59,8,4,133"/><V3/><F134/><W14/><G120/><T5/><D108/><U92/><E132/><V36/><F36/><W48/><G133/><T66/><D106/><U102/><E112/><V114/><F114/><W24/><G111/><T86/><D35/><U47/><E130/><V118/><F118/><W97/><G125/><T52/><D43/><U121/><E121/><V39/><F39/><W21/><G73/><T107/><D107/><U17/><E82/><V131/><F3/><W75/><G75/><T89/><D119/><U50/><E87/><V25/><F131/><W115/><G115/><T109/><D109/><U12/><E92/><V127/><F127/><W22/><G70/><T40/><D40/><U122/><E122/><V135/><F135/><W9/><G97/><T44/><D74/><U81/><E81/><V71/><F49/><W26/><G9/><N who="0" m="4271" /><D72/><U123/><E123/><V0/><F0/><W15/><REACH who="3" step="1"/><G22/><REACH who="3" ten="158,270,362,200" step="2"/><T46/><D80/><U104/><E34/><V30/><F33/><W88/><G88/><T42/><D84/><U11/><E90/><V126/><F91/><W117/><G117/><T79/><D85/><U54/><E11/><V37/><F96/><W98/><G98/><T67/><D79/><U93/><E32/><V105/><F83/><W28/><G28/><T129/><D129/><U116/><E116/><V38/><F30/><W69/><G69/><T103/><D103/><U110/><E102/><V56/><F78/><W27/><G27/><T19/><D86/><U99/><E101/><V23/><F126/><W7/><G7/><T77/><D77/><RYUUKYOKU ba="1,1" sc="158,-10,270,-10,362,-10,200,30" hai3="4,8,14,15,16,21,24,26,48,53,58,59,60" /><INIT seed="7,2,1,0,3,25" ten="148,260,352,230" oya="3" hai0="11,121,68,130,26,111,76,100,41,83,86,32,94" hai1="51,96,19,16,12,57,124,1,79,104,61,109,54" hai2="119,8,0,18,113,134,97,5,59,46,63,37,38" hai3="95,53,56,36,2,48,23,17,91,43,49,114,135"/><W10/><G114/><T44/><D121/><U131/><E109/><V122/><F119/><W125/><G135/><T29/><D111/><U92/><E1/><V82/><F134/><W66/><G125/><T120/><D120/><U15/><E104/><V129/><F113/><W20/><G36/><T75/><D130/><U127/><E79/><V123/><F129/><W42/><G66/><T99/><D68/><U87/><E87/><V132/><F132/><W39/><G39/><T50/><D11/><U52/><E131/><V24/><F38/><W126/><G126/><N who="1" m="48170" /><E12/><V47/><F37/><W74/><G74/><T128/><D128/><U73/><E15/><V118/><F97/><W116/><G116/><T9/><D9/><U69/><E73/><V35/><F118/><W22/><G2/><T7/><D7/><U30/><E30/><V102/><F8/><W77/><G77/><T93/><REACH who="0" step="1"/><D75/><REACH who="0" ten="138,260,352,230" step="2"/><U106/><E69/><V110/><F5/><W65/><G10/><T60/><D60/><U85/><E61/><V70/><F63/><N who="3" m="38119" /><G17/><T108/><D108/><U28/><E16/><V6/><F70/><W34/><G34/><T58/><D58/><U103/><E57/><V107/><F18/><W67/><G67/><T84/><D84/><U33/><E85/><V115/><F110/><W98/><G49/><T4/><D4/><U80/><E51/><V81/><F6/><W72/><G72/><T55/><D55/><U14/><E52/><V31/><F35/><W133/><G133/><T13/><D13/><U40/><E14/><V101/><F122/><W117/><G117/><RYUUKYOKU ba="2,2" sc="138,15,260,-15,352,-15,230,15" hai0="26,29,32,41,44,50,76,83,86,93,94,99,100" hai3="20,22,23,42,43,48,53,91,95,98" /><INIT seed="7,3,2,2,5,97" ten="153,245,337,245" oya="3" hai0="87,131,123,134,111,20,117,82,36,133,52,124,127" hai1="132,100,38,7,74,79,54,12,56,77,10,35,88" hai2="105,31,14,17,23,18,126,93,98,80,104,67,120" hai3="62,15,4,16,22,28,8,0,75,32,34,41,108"/><W59/><G75/><T64/><D20/><U114/><E35/><V48/><F126/><N who="0" m="48170" /><D111/><U50/><E38/><V9/><F120/><W2/><G41/><T65/><D123/><U26/><E74/><V57/><F80/><W13/><G62/><T103/><D117/><U85/><E132/><N who="0" m="50793" /><D36/><U30/><E100/><V116/><F31/><W125/><G59/><T37/><D37/><U76/><E114/><V27/><F116/><W92/><G92/><T128/><D103/><U40/><E40/><V84/><F48/><W45/><G45/><T44/><D52/><U112/><E112/><V33/><F33/><N who="3" m="12907" /><G125/><T29/><D29/><U81/><E26/><V129/><F57/><W25/><G108/><T89/><D44/><U73/><E30/><V106/><F67/><AGARI ba="3,2" hai="64,65,67,82,87,89,128,131" m="50793,48170" machi="67" ten="40,8000,1" yaku="30,2,18,1,20,1" doraHai="97" who="0" fromWho="2" sc="153,109,245,0,337,-89,245,0" /><INIT seed="8,0,0,3,3,133" ten="262,245,248,245" oya="0" hai0="84,1,127,0,66,119,68,118,19,53,102,60,96" hai1="48,10,4,112,16,109,20,11,125,114,9,22,44" hai2="35,12,38,75,93,100,52,108,42,46,81,132,29" hai3="110,41,39,13,91,105,40,95,3,15,134,90,50"/><T62/><D84/><U116/><E109/><V61/><F108/><W55/><G110/><T111/><D111/><U103/><E103/><V37/><F132/><W31/><G105/><T33/><D19/><U72/><E72/><V131/><F131/><W27/><G134/><T17/><D17/><U7/><E48/><V6/><F38/><W73/><G3/><T36/><D36/><U57/><E57/><V2/><F12/><N who="3" m="4683" /><G39/><T18/><D18/><U87/><E87/><V32/><F29/><W115/><G73/><T14/><D14/><N who="1" m="9239" /><E44/><V71/><F93/><W28/><G115/><N who="1" m="44074" /><E116/><V130/><F100/><W26/><G95/><T113/><D113/><U85/><E85/><V107/><F107/><W88/><G55/><T117/><D53/><U97/><E97/><V128/><F128/><W63/><G63/><T54/><D54/><U122/><E122/><V56/><F71/><W98/><G98/><T101/><D62/><U8/><E125/><V25/><F25/><N who="3" m="9227" /><G50/><T121/><D121/><U86/><E86/><V129/><F129/><W5/><G5/><N who="1" m="2122" /><E11/><N who="2" m="2519" /><F130/><W79/><G79/><AGARI ba="0,0" hai="32,35,37,42,46,52,56,61,75,79,81" m="2519" machi="79" ten="30,2000,0" yaku="25,1,54,1" doraHai="133" who="2" fromWho="3" sc="262,0,245,0,248,20,245,-20" /><INIT seed="9,0,0,5,3,119" ten="262,245,268,225" oya="1" hai0="69,48,6,28,8,16,87,64,61,93,47,40,62" hai1="78,98,45,73,14,27,103,58,37,5,36,100,106" hai2="124,54,82,56,63,86,17,102,123,122,108,21,71" hai3="92,104,76,30,109,43,51,127,29,95,19,75,70"/><U13/><E103/><V74/><F108/><W39/><G109/><T84/><D28/><N who="3" m="10857" /><G39/><T55/><D93/><U11/><E27/><V79/><F124/><W0/><G70/><T23/><D61/><U99/><E99/><V46/><F102/><W94/><G0/><T125/><D125/><U12/><E58/><V50/><F71/><W10/><G104/><T112/><D112/><U67/><E67/><V114/><F74/><W1/><G1/><T20/><D20/><U18/><E45/><V91/><F79/><W4/><G75/><T53/><D53/><U121/><E121/><V81/><F81/><W120/><G120/><T35/><D35/><U130/><E14/><V90/><F90/><W105/><G105/><T96/><D55/><U85/><E73/><V66/><F114/><W107/><G107/><T38/><D38/><U2/><E2/><V133/><F133/><W9/><G4/><T80/><D80/><U33/><E33/><V22/><F22/><W88/><G76/><T111/><D96/><U25/><E25/><AGARI ba="0,0" hai="17,21,25,46,50,54,56,63,66,82,86,91,122,123" machi="25" ten="30,3900,0" yaku="7,1,52,2" doraHai="119" who="2" fromWho="1" sc="262,0,245,-39,268,39,225,0" owari="262,6.0,206,-29.0,307,40.0,225,-17.0" /></mjloggm>