<mjloggm ver="2.3"><GO type="169" lobby="0"/><UN n0="%61%6F%70%79%6F%6E%2D%7A" n1="%E6%AF%94%E5%98%89%E6%84%9B%E6%9C%AA" n2="%70%6F%70%69%70%61" n3="%E3%82%A2%E3%83%95%E3%83%AA%E3%82%AB" dan="18,16,16,16" rate="2200.62,2105.34,2074.72,2178.07" sx="M,F,M,M"/><TAIKYOKU oya="0"/><INIT seed="0,0,0,2,2,101" ten="250,250,250,250" oya="0" hai0="104,130,135,121,39,124,48,38,57,123,78,102,67" hai1="35,24,69,10,60,44,59,106,81,134,12,20,126" hai2="110,55,131,26,109,64,52,129,3,89,125,118,86" hai3="56,80,82,58,61,111,7,8,71,30,99,113,112"/><T16/><D78/><U76/><E35/><V29/><F3/><W13/><G71/><T36/><D124/><U45/><E69/><V128/><F64/><W72/><G30/><T50/><D130/><U87/><E126/><V97/><F97/><W34/><G34/><T49/><D135/><U83/><E106/><V70/><F70/><W85/><G72/><T103/><D16/><N who="1" m="12295" /><E81/><N who="2" m="49359" /><F118/><W28/><G28/><T66/><D57/><U31/><E31/><V4/><F4/><W116/><G58/><T41/><D41/><U5/><E134/><V91/><F91/><W98/><G80/><T114/><D114/><U51/><E51/><V27/><F27/><W107/><G99/><T46/><D46/><U68/><E68/><V14/><F14/><W22/><G116/><T75/><D75/><U40/><E40/><V53/><F125/><W15/><G113/><T122/><D104/><U11/><E10/><V77/><F77/><W119/><G119/><T94/><REACH who="0" step="1"/><D94/><REACH who="0" ten="240,250,250,250" step="2"/><U32/><E32/><AGARI ba="0,1" hai="26,29,32,52,53,55,109,110,128,129,131" m="49359" machi="32" ten="40,2600,0" yaku="19,1,54,1" doraHai="101" who="2" fromWho="1" sc="240,0,250,-26,250,36,250,0" /><INIT seed="1,0,0,1,3,102" ten="240,224,286,250" oya="1" hai0="58,118,124,132,135,49,40,6,114,113,98,48,111" hai1="109,33,0,31,39,22,54,68,75,46,2,92,127" hai2="93,34,80,133,119,134,83,59,72,53,112,85,29" hai3="81,60,87,95,130,45,64,117,123,27,47,125,78"/><U30/><E75/><V37/><F119/><W28/><G117/><T121/><D6/><U69/><E33/><V94/><F37/><W50/><G123/><T107/><D98/><U100/><E127/><V25/><F83/><W8/><G130/><T96/><D96/><U4/><E100/><V1/><F1/><W57/><G125/><T17/><D17/><U128/><E92/><V89/><F112/><W24/><G95/><T79/><D79/><U19/><E128/><V11/><F11/><W66/><G66/><T77/><D77/><U41/><E109/><V43/><F43/><W52/><G8/><T35/><D35/><U38/><E54/><V110/><F110/><W88/><G78/><T36/><D111/><U122/><E122/><V76/><REACH who="2" step="1"/><F93/><REACH who="2" ten="240,224,276,250" step="2"/><W131/><G131/><T86/><D118/><U18/><E41/><V3/><F3/><W9/><G9/><T91/><D114/><U51/><E2/><V10/><F10/><W103/><G103/><T62/><D113/><U21/><E0/><V13/><F13/><W105/><G105/><T26/><D107/><U61/><E38/><V90/><F90/><W23/><REACH who="3" step="1"/><G27/><REACH who="3" ten="240,224,276,240" step="2"/><T63/><D26/><U5/><E5/><V73/><F73/><W82/><G82/><T129/><D129/><U44/><E4/><V20/><F20/><W42/><G42/><T71/><D40/><U7/><E7/><V16/><F16/><W126/><G126/><T74/><D124/><U12/><E39/><V32/><F32/><W106/><G106/><T120/><D36/><U97/><E19/><V14/><F14/><RYUUKYOKU ba="0,2" sc="240,-15,224,-15,276,15,240,15" hai2="25,29,34,53,59,72,76,80,85,89,94,133,134" hai3="23,24,28,45,47,50,52,57,60,64,81,87,88" /><INIT seed="2,1,2,5,3,45" ten="225,209,291,255" oya="2" hai0="52,78,68,19,134,30,111,48,44,51,29,50,70" hai1="123,121,21,14,54,132,33,28,116,42,0,72,46" hai2="96,130,108,81,89,114,113,126,23,2,36,117,79" hai3="24,34,25,103,73,83,80,131,53,128,92,12,99"/><V32/><F23/><W120/><G120/><N who="1" m="46154" /><E116/><V9/><F117/><W66/><G66/><T93/><D70/><U71/><E0/><V75/><F126/><W40/><G40/><T102/><D68/><U63/><E72/><V97/><F130/><N who="3" m="49707" /><G73/><T67/><D134/><U37/><E132/><V122/><F122/><W94/><G94/><T129/><D129/><U7/><E33/><V87/><F32/><W84/><G83/><T58/><D111/><U1/><E1/><V109/><F36/><W18/><G53/><T82/><D67/><N who="1" m="41471" /><E7/><N who="2" m="1271" /><F114/><W35/><G35/><T95/><D44/><U26/><E54/><V15/><F15/><AGARI ba="1,2" hai="14,15,21,26,28,37,42,46" m="41471,46154" machi="15" ten="30,1000,0" yaku="13,1" doraHai="45" who="1" fromWho="2" sc="225,0,209,33,291,-13,255,0" /><INIT seed="3,0,0,5,4,131" ten="225,242,278,255" oya="3" hai0="52,33,2,66,9,15,24,0,99,88,18,133,129" hai1="31,72,46,98,23,51,60,64,87,21,103,126,55" hai2="1,97,92,122,47,91,28,130,100,114,109,44,58" hai3="61,25,118,11,82,12,112,41,81,59,134,104,29"/><W74/><G104/><T35/><D66/><U120/><E72/><V57/><F109/><W38/><G118/><T36/><D36/><U7/><E120/><V111/><F111/><W102/><G112/><T39/><D39/><U49/><E126/><V116/><F130/><W101/><G41/><T27/><D129/><U6/><E51/><V121/><F1/><N who="0" m="618" /><D52/><U69/><E21/><V17/><F28/><W95/><G38/><T77/><D88/><U94/><E31/><V48/><F17/><W20/><G74/><T89/><D89/><U14/><E23/><V71/><F114/><W127/><G127/><T75/><D99/><U30/><E30/><V5/><F5/><W19/><G101/><T115/><D77/><U8/><E87/><N who="2" m="52351" /><F71/><W128/><G128/><T22/><D75/><U107/><E107/><N who="2" m="63887" /><F44/><W26/><G26/><N who="0" m="14679" /><D133/><U124/><E124/><V113/><F116/><W68/><G68/><T4/><D115/><U79/><E79/><V50/><F50/><W70/><G134/><T106/><D106/><U108/><E108/><V96/><F96/><N who="3" m="59679" /><G70/><T13/><D13/><U37/><E37/><V86/><F86/><W10/><G59/><T3/><D3/><U42/><E42/><N who="2" m="24695" /><F113/><W43/><G43/><T83/><D83/><N who="3" m="31753" /><G61/><T56/><D56/><U78/><E78/><V135/><F135/><W34/><G34/><AGARI ba="0,0" hai="4,9,15,24,27,33,34,35" m="14679,618" machi="34" ten="30,8000,1" yaku="35,5" doraHai="131" who="0" fromWho="3" sc="225,80,242,0,278,0,255,-80" /><INIT seed="4,0,0,5,1,32" ten="305,242,278,175" oya="0" hai0="91,116,90,21,127,47,56,77,134,74,15,82,108" hai1="132,87,104,110,92,48,102,120,59,57,60,63,20" hai2="125,33,93,34,79,71,25,46,4,65,111,88,78" hai3="50,45,1,27,22,55,130,23,113,19,49,41,9"/><T53/><D116/><U2/><E120/><V114/><F111/><W72/><G72/><T70/><D127/><U67/><E110/><V66/><F125/><W129/><G113/><T83/><D70/><U123/><E123/><V11/><F114/><W61/><G61/><T117/><D117/><U17/><E104/><V85/><F46/><W51/><G23/><T0/><D47/><U7/><E132/><V35/><F25/><W13/><G1/><T89/><D0/><U29/><E29/><V52/><F52/><W131/><REACH who="3" step="1"/><G55/><REACH who="3" ten="305,242,278,165" step="2"/><T24/><D108/><U81/><E2/><V18/><F65/><W106/><G106/><T119/><D119/><U101/><E63/><V115/><F66/><W16/><AGARI ba="0,1" hai="9,13,16,19,22,27,41,45,49,50,51,129,130,131" machi="16" ten="30,7900,0" yaku="1,1,0,1,19,1,54,1,53,0" doraHai="32" doraHaiUra="103" who="3" fromWho="3" sc="305,-39,242,-20,278,-20,165,89" /><INIT seed="5,0,0,1,3,102" ten="266,222,258,254" oya="1" hai0="34,92,55,82,20,135,41,6,3,128,73,100,24" hai1="118,45,81,48,71,63,109,103,26,129,62,70,11" hai2="13,105,72,30,36,87,121,29,134,83,40,112,49" hai3="37,67,57,7,85,98,107,108,47,120,53,23,95"/><U60/><E118/><V51/><F121/><W76/><G120/><T125/><D34/><U77/><E129/><V93/><F36/><W113/><G7/><T88/><D41/><U54/><E109/><V50/><F40/><W1/><G1/><T10/><D125/><U91/><E91/><V25/><F134/><W9/><G9/><T111/><D128/><U21/><E11/><V122/><F122/><W22/><G67/><T68/><D68/><U33/><E103/><V46/><F72/><W94/><G47/><T79/><D100/><U97/><E97/><V116/><F93/><W69/><G69/><T8/><D8/><U127/><E33/><V28/><F116/><W131/><G37/><T31/><D111/><U84/><REACH who="1" step="1"/><E127/><REACH who="1" ten="266,212,258,254" step="2"/><V2/><F2/><W80/><G108/><T14/><D3/><U16/><AGARI ba="0,1" hai="16,21,26,45,48,54,60,62,63,70,71,77,81,84" machi="16" ten="30,11700,0" yaku="1,1,2,1,0,1,54,1,53,0" doraHai="102" doraHaiUra="99" who="1" fromWho="1" sc="266,-39,212,127,258,-39,254,-39" /><INIT seed="5,1,0,5,4,68" ten="227,339,219,215" oya="1" hai0="31,37,75,55,130,61,38,109,98,59,112,74,117" hai1="24,11,110,97,73,40,102,81,124,107,128,22,33" hai2="60,96,114,85,90,119,118,71,129,120,67,77,46" hai3="127,115,132,23,105,63,5,122,111,28,126,123,6"/><U101/><E128/><V53/><F120/><N who="3" m="46123" /><G105/><T41/><D41/><U103/><E33/><V121/><F121/><W7/><G63/><T15/><D109/><U88/><E110/><V95/><F129/><W27/><G111/><T93/><D130/><U64/><E124/><N who="3" m="47658" /><G115/><T131/><D131/><U25/><E64/><V83/><F114/><W12/><G132/><T13/><D117/><U48/><E73/><V17/><F53/><W108/><G108/><T133/><D112/><U91/><E107/><V21/><REACH who="2" step="1"/><F46/><REACH who="2" ten="227,339,209,215" step="2"/><W80/><G80/><T16/><D133/><U9/><E81/><V125/><F125/><W100/><G100/><T29/><D55/><U87/><E101/><V3/><F3/><W116/><G116/><T62/><D62/><U0/><E0/><V34/><F34/><W1/><G1/><T54/><D54/><U113/><E113/><V89/><F89/><W86/><G86/><T35/><D61/><U66/><E87/><V65/><F65/><W39/><G39/><T4/><D38/><U94/><E66/><V104/><F104/><W32/><G32/><T20/><D37/><U51/><E102/><V70/><F70/><W78/><G78/><T19/><D35/><U30/><E103/><V79/><F79/><W52/><G52/><T36/><D36/><U84/><E84/><V69/><F69/><W44/><G44/><T14/><D75/><U45/><E91/><V50/><F50/><W42/><G42/><T8/><D74/><U135/><E135/><V56/><F56/><W10/><AGARI ba="1,1" hai="5,6,7,10,12,23,27,28" m="47658,46123" machi="10" ten="40,5200,0" yaku="18,1,34,2" doraHai="68" who="3" fromWho="3" sc="227,-14,339,-27,209,-14,215,65" /><INIT seed="6,0,0,5,1,124" ten="213,312,195,280" oya="2" hai0="10,74,48,60,29,43,112,89,129,130,104,70,39" hai1="62,33,79,134,9,77,67,44,121,0,18,54,93" hai2="65,73,114,32,5,26,24,90,57,117,17,25,94" hai3="101,6,19,123,22,120,84,1,50,23,15,118,132"/><V99/><F117/><W122/><G118/><T72/><D39/><U82/><E33/><V53/><F114/><W63/><G101/><T7/><D104/><U61/><E134/><V51/><F73/><W97/><G97/><T85/><D29/><U126/><E126/><V20/><F5/><W3/><G63/><T119/><D119/><U125/><E125/><V111/><F111/><W59/><G84/><T37/><D37/><U135/><E135/><V4/><F32/><W81/><G81/><T115/><D48/><U107/><E107/><V14/><F4/><W28/><G59/><T116/><D43/><U87/><E0/><N who="3" m="74" /><G50/><T96/><D96/><U49/><E121/><V86/><F99/><W35/><G6/><T16/><D7/><U21/><E77/><V110/><F110/><W88/><G88/><T76/><D76/><U58/><E93/><V45/><REACH who="2" step="1"/><F65/><REACH who="2" ten="213,312,185,280" step="2"/><W92/><G132/><T47/><D116/><U13/><E67/><V41/><F41/><W113/><G113/><T2/><D115/><U105/><E87/><V40/><F40/><W68/><G35/><T109/><D112/><U75/><E75/><V64/><F64/><W42/><G42/><T100/><D74/><U55/><E55/><V66/><F66/><W31/><G68/><T98/><D70/><U30/><E54/><V46/><AGARI ba="0,1" hai="14,17,20,24,25,26,45,46,51,53,57,86,90,94" machi="46" ten="30,18000,2" yaku="1,1,0,1,25,2,8,1,53,1" doraHai="124" doraHaiUra="52" who="2" fromWho="2" sc="213,-60,312,-60,185,190,280,-60" /><INIT seed="6,1,0,1,3,100" ten="153,252,375,220" oya="2" hai0="27,75,118,123,128,73,89,105,50,40,56,24,30" hai1="23,119,86,19,20,101,49,18,70,87,96,116,14" hai2="83,47,110,4,93,108,114,120,98,106,79,26,127" hai3="32,51,43,122,132,9,68,125,95,22,121,2,124"/><V5/><F120/><N who="3" m="46187" /><G68/><T129/><D123/><U7/><E70/><V25/><F47/><W102/><G95/><T53/><D118/><U16/><E116/><V13/><F106/><W35/><G51/><T91/><D40/><U54/><E119/><V67/><F67/><W8/><G102/><T39/><D39/><U126/><E126/><N who="3" m="48746" /><G43/><T69/><D69/><U15/><E18/><V41/><F114/><W104/><G104/><T88/><D105/><U107/><E7/><N who="2" m="2635" /><F13/><W1/><G22/><T6/><D6/><U34/><E34/><N who="3" m="12842" /><G132/><T74/><REACH who="0" step="1"/><D30/><REACH who="0" ten="143,252,375,220" step="2"/><U10/><E107/><V31/><F41/><W113/><G113/><T60/><D60/><U130/><E49/><V85/><F127/><W0/><AGARI ba="1,1" hai="0,1,2,8,9" m="12842,48746,46187" machi="0" ten="50,8000,1" yaku="28,2,18,1,34,2" doraHai="100" who="3" fromWho="3" sc="143,-21,252,-21,375,-41,220,93" /><INIT seed="7,0,0,4,5,96" ten="122,231,334,313" oya="3" hai0="73,113,90,79,36,114,93,41,134,129,112,35,107" hai1="128,88,111,38,70,65,25,47,127,16,48,49,20" hai2="28,122,121,69,15,10,46,135,55,84,43,105,131" hai3="63,32,44,64,21,0,22,45,94,109,72,51,123"/><W97/><G72/><T89/><D35/><U13/><E111/><V58/><F69/><W100/><G32/><T11/><D11/><U3/><E3/><V132/><F105/><W87/><G0/><T52/><D107/><U118/><E128/><V50/><F28/><W56/><G109/><T76/><D36/><U91/><E38/><N who="2" m="21879" /><F84/><W116/><G116/><T80/><D41/><U117/><E127/><V39/><F39/><W31/><G123/><N who="2" m="47113" /><F131/><W19/><G87/><T53/><D129/><U54/><E49/><V23/><F23/><W92/><G92/><T66/><D134/><U9/><E65/><V101/><F101/><W102/><G102/><T37/><D37/><U75/><E70/><V125/><F125/><W27/><G51/><T110/><D110/><U40/><E75/><V59/><F59/><W17/><G31/><T133/><D133/><U99/><E40/><V34/><F34/><W106/><G106/><T24/><D79/><U130/><E130/><V82/><F82/><W60/><G60/><T1/><D66/><U18/><E99/><V124/><F124/><W12/><AGARI ba="0,0" hai="12,17,19,21,22,27,44,45,56,63,64,94,97,100" machi="12" ten="20,7800,0" yaku="0,1,7,1,8,1,52,1" doraHai="96" who="3" fromWho="3" sc="122,-26,231,-26,334,-26,313,78" owari="96,-40.0,205,-19.0,308,11.0,391,48.0" /></mjloggm>