<mjloggm ver="2.3"><GO type="169" lobby="0"/><UN n0="%36%36%E4%B8%87%E5%88%86%E3%81%AE%31" n1="%E9%9B%BB%E8%BB%8A%E9%81%93" n2="%E2%98%85%E5%B9%B3%E5%92%8C%E5%A7%AB%E2%98%85" n3="%4F%4D%41%4E%54%41" dan="16,16,16,19" rate="2103.69,2090.17,2089.42,2229.15" sx="M,M,F,M"/><TAIKYOKU oya="0"/><INIT seed="0,0,0,0,2,45" ten="250,250,250,250" oya="0" hai0="25,21,97,133,105,95,53,12,26,65,81,61,80" hai1="22,32,119,69,42,90,49,72,64,84,0,82,50" hai2="127,46,8,98,94,7,134,132,48,38,79,92,86" hai3="19,11,87,73,131,96,57,5,77,9,35,37,28"/><T2/><D2/><U39/><E32/><V10/><F38/><W33/><G37/><T85/><D105/><U6/><E119/><V54/><F127/><W66/><G73/><T88/><D133/><U3/><E69/><V121/><F121/><W1/><G131/><T113/><D113/><U14/><E64/><V99/><F79/><W112/><G112/><T107/><D107/><U52/><E39/><V109/><F86/><W13/><G96/><T124/><D124/><U16/><E72/><V102/><F109/><W110/><G110/><T62/><D53/><U36/><E36/><V47/><F7/><W83/><G28/><T89/><D80/><U135/><E135/><N who="2" m="51755" /><F47/><W130/><G130/><T75/><D75/><U125/><E125/><V63/><F63/><N who="0" m="24074" /><D65/><U30/><E30/><V40/><F54/><W17/><G66/><T129/><D129/><U31/><E31/><V126/><F126/><W104/><G104/><T70/><D70/><U60/><E6/><V93/><F93/><W128/><G128/><T18/><AGARI ba="0,0" hai="12,18,21,25,26,81,85,88,89,95,97" m="24074" machi="18" ten="30,3000,0" yaku="8,1,54,1" doraHai="45" who="0" fromWho="0" sc="250,30,250,-10,250,-10,250,-10" /><INIT seed="0,1,0,2,2,65" ten="280,240,240,240" oya="0" hai0="22,121,29,21,113,34,116,132,5,36,135,93,83" hai1="61,0,50,109,94,40,51,8,35,129,72,45,88" hai2="23,1,37,106,107,17,54,87,20,42,14,124,25" hai3="57,39,119,92,32,33,115,12,15,110,85,70,131"/><T111/><D36/><U90/><E72/><V122/><F122/><W3/><G39/><T71/><D121/><U73/><E73/><V56/><F1/><W97/><G3/><T103/><D113/><U46/><E35/><V31/><F124/><W7/><G119/><T101/><D116/><U58/><E129/><V48/><F37/><W127/><G115/><T13/><D34/><U2/><E109/><V27/><F42/><W108/><G127/><T118/><D118/><U74/><E74/><V52/><F27/><W128/><G85/><T55/><D111/><N who="3" m="42537" /><G57/><T75/><D55/><U96/><E8/><V99/><F99/><W26/><G70/><T117/><D71/><U64/><REACH who="1" step="1"/><E90/><REACH who="1" ten="280,230,240,240" step="2"/><V16/><F31/><N who="3" m="19575" /><G33/><T91/><D117/><U43/><AGARI ba="1,1" hai="0,2,40,43,45,46,50,51,58,61,64,88,94,96" machi="43" ten="20,8000,1" yaku="1,1,0,1,7,1,9,1,54,1,53,0" doraHai="65" doraHaiUra="78" who="1" fromWho="1" sc="280,-41,230,93,240,-21,240,-21" /><INIT seed="1,0,0,1,1,131" ten="239,323,219,219" oya="1" hai0="29,19,122,127,71,117,15,91,53,74,31,112,134" hai1="14,43,32,82,113,98,115,87,22,123,125,101,37" hai2="105,49,129,50,79,67,47,75,6,1,33,89,97" hai3="23,96,28,48,109,88,85,135,133,9,59,95,92"/><U0/><E0/><V52/><F129/><W70/><G70/><T116/><D74/><U41/><E32/><V17/><F33/><W108/><G9/><T56/><D71/><U78/><E123/><V18/><F67/><W93/><G28/><T62/><D112/><U45/><E41/><V24/><F1/><W25/><G59/><T81/><D122/><U100/><E125/><V40/><F6/><W76/><G48/><T124/><D31/><U7/><E100/><V51/><F105/><W65/><G65/><T104/><D29/><U68/><E68/><V63/><F79/><W107/><G76/><T114/><D104/><U99/><E99/><V84/><F75/><W5/><G5/><T42/><D42/><U120/><E120/><V60/><F97/><W10/><G10/><N who="0" m="6647" /><D114/><U128/><E128/><V118/><F118/><W46/><G46/><T20/><D20/><U58/><E58/><V34/><F34/><W66/><G66/><T72/><D72/><U132/><E132/><N who="3" m="50762" /><G107/><T16/><D134/><U80/><E7/><V61/><F51/><W110/><G96/><T35/><D35/><U73/><E113/><V126/><F126/><N who="0" m="48170" /><D16/><N who="1" m="10519" /><E115/><V103/><F18/><W26/><G23/><T44/><D44/><U106/><E73/><V57/><F17/><W2/><G2/><T55/><D55/><U54/><E54/><V94/><REACH who="2" step="1"/><F24/><AGARI ba="0,0" hai="24,25,26,85,88,92,93,95,108,109,110" m="50762" machi="24" ten="40,12000,2" yaku="14,1,20,1,52,3,54,1" doraHai="131" who="3" fromWho="2" sc="239,0,323,0,219,-120,219,120" /><INIT seed="2,0,0,0,2,28" ten="239,323,99,339" oya="2" hai0="54,26,92,8,25,45,30,126,72,37,55,86,108" hai1="10,88,22,80,135,57,11,103,111,3,97,130,85" hai2="73,117,98,87,20,84,12,68,60,66,79,109,115" hai3="56,9,69,96,104,82,102,40,122,0,118,41,17"/><V91/><F117/><W77/><G118/><T48/><D72/><U76/><E135/><V128/><F115/><W35/><G69/><T44/><D108/><U78/><E111/><V34/><F109/><W27/><G122/><T101/><D126/><U64/><E130/><V71/><F128/><W131/><G131/><T21/><D37/><U90/><E22/><V51/><F71/><W133/><G133/><T46/><D8/><U107/><E90/><V39/><F39/><W94/><G104/><T129/><D129/><U134/><E134/><V124/><F124/><W120/><G120/><T127/><D127/><U42/><E42/><V43/><F34/><W63/><G0/><T70/><D70/><U1/><E3/><V36/><F36/><W123/><G123/><T32/><D55/><U114/><E114/><V31/><F73/><W100/><G100/><T67/><D67/><U53/><E64/><V29/><F79/><W19/><G9/><T47/><D101/><U105/><E107/><V110/><F110/><W14/><G14/><T58/><N who="0" m="11264" /><DORA hai="49" /><T75/><D75/><U7/><REACH who="1" step="1"/><E10/><REACH who="1" ten="239,313,99,339" step="2"/><V106/><F43/><W61/><G41/><T112/><D112/><U24/><E24/><V95/><F106/><W18/><G40/><T125/><D125/><U99/><E99/><V59/><F68/><W52/><G27/><T33/><REACH who="0" step="1"/><D26/><REACH who="0" ten="229,313,99,339" step="2"/><U81/><E81/><V2/><F2/><W62/><G35/><T4/><D4/><U132/><E132/><V121/><F121/><W6/><G6/><T113/><D113/><U23/><E23/><V83/><F83/><RYUUKYOKU ba="0,2" sc="229,10,313,10,99,-30,339,10" hai0="21,25,30,32,33,48,54,58,86,92" hai1="1,7,11,53,57,76,78,80,85,88,97,103,105" hai3="17,18,19,52,56,61,62,63,77,82,94,96,102" /><INIT seed="3,1,2,4,0,51" ten="239,323,69,349" oya="3" hai0="71,113,11,30,38,18,123,122,50,32,14,72,9" hai1="53,118,114,79,31,74,129,98,121,54,23,41,13" hai2="0,57,85,81,92,19,80,64,100,17,59,76,90" hai3="77,47,135,39,96,45,36,82,116,78,130,60,99"/><W131/><G116/><T61/><D38/><N who="3" m="14377" /><G60/><T102/><D72/><U49/><E121/><V70/><F0/><W63/><G63/><T44/><D113/><U10/><E114/><V69/><F81/><W55/><G82/><T67/><D102/><U101/><E74/><V103/><F69/><W84/><G84/><T115/><D115/><U29/><E79/><N who="3" m="30218" /><G55/><N who="1" m="21002" /><E129/><N who="3" m="49162" /><G135/><T21/><D32/><U25/><E118/><V42/><F70/><W3/><G3/><T16/><D30/><N who="1" m="17727" /><E101/><V73/><F103/><W87/><G87/><T128/><D128/><U132/><E132/><V97/><F42/><W125/><G125/><T35/><D35/><U104/><E98/><AGARI ba="1,2" hai="45,47,96,98,99" m="49162,30218,14377" machi="98" ten="40,7700,0" yaku="28,2,19,1" doraHai="51" who="3" fromWho="1" sc="239,0,323,-80,69,0,349,100" /><INIT seed="3,2,0,0,5,58" ten="239,243,69,449" oya="3" hai0="21,108,23,39,90,83,109,112,129,40,70,44,13" hai1="91,50,80,47,65,121,126,81,46,128,124,61,97" hai2="82,69,0,1,22,54,114,119,59,84,120,2,8" hai3="64,26,55,9,74,104,17,35,51,42,111,49,134"/><W20/><G104/><T116/><D116/><U102/><E121/><V100/><F69/><W113/><G74/><T67/><D129/><U37/><E37/><V3/><F114/><W12/><G113/><T15/><D112/><U122/><E122/><V14/><F119/><W34/><G134/><T78/><D90/><U33/><E33/><V68/><F68/><W101/><G111/><N who="0" m="42571" /><D67/><U43/><E46/><V86/><F120/><W79/><G101/><T127/><D70/><U6/><E6/><V93/><N who="2" m="0" /><DORA hai="73" /><V98/><F22/><N who="0" m="8202" /><D127/><N who="1" m="48683" /><E91/><V16/><REACH who="2" step="1"/><F82/><REACH who="2" ten="239,243,59,449" step="2"/><W25/><G79/><T131/><D131/><U133/><E128/><V110/><F110/><W24/><G20/><T31/><D31/><U52/><E133/><V77/><F77/><W125/><G125/><T53/><D83/><U38/><E80/><V94/><F94/><W10/><G34/><T5/><D78/><U18/><E81/><V27/><F27/><W88/><G35/><T30/><D30/><U135/><E135/><V56/><F56/><W57/><G25/><T123/><D123/><U75/><E75/><V89/><F89/><W107/><G88/><T105/><D105/><U87/><E102/><V118/><F118/><W85/><G107/><T45/><D15/><U99/><E87/><V28/><F28/><W130/><G85/><T32/><D32/><U36/><E97/><V62/><AGARI ba="2,1" hai="8,14,16,54,59,62,84,86,93,98,100" m="0" machi="62" ten="60,8000,1" yaku="1,1,0,1,52,1,54,1,53,1" doraHai="58,73" doraHaiUra="96,19" who="2" fromWho="2" sc="239,-22,243,-22,59,96,449,-42" /><INIT seed="4,0,0,0,5,89" ten="217,221,155,407" oya="0" hai0="80,68,2,33,135,121,93,32,71,43,4,44,29" hai1="111,50,125,86,109,107,3,15,100,64,47,101,60" hai2="42,134,65,51,5,128,35,127,13,97,120,61,133" hai3="9,23,20,118,56,24,26,132,31,72,70,110,69"/><T114/><D121/><U17/><E3/><V7/><F120/><W75/><G110/><T73/><D114/><U27/><E125/><V12/><F35/><W98/><G118/><T6/><D135/><U18/><E107/><V8/><F127/><W41/><G132/><N who="2" m="50793" /><F128/><W99/><G56/><T62/><D93/><U108/><E27/><V95/><F51/><W36/><G9/><N who="0" m="2199" /><D6/><N who="2" m="2058" /><F42/><W96/><G41/><T38/><D62/><U21/><E17/><V117/><F117/><W81/><G36/><T123/><D123/><U88/><E50/><V94/><F97/><W48/><G48/><T92/><D92/><N who="2" m="35370" /><F8/><W10/><G10/><T79/><D29/><U126/><E126/><V57/><AGARI ba="0,0" hai="12,13,57,61,65" m="35370,2058,50793" machi="57" ten="30,7900,0" yaku="20,1,52,3" doraHai="89" who="2" fromWho="2" sc="217,-39,221,-20,155,79,407,-20" /><INIT seed="5,0,0,5,1,57" ten="178,201,234,387" oya="1" hai0="128,102,17,22,69,36,93,18,119,124,11,48,62" hai1="60,42,104,38,5,116,133,16,15,134,50,113,111" hai2="65,109,41,97,78,31,106,80,99,74,35,44,75" hai3="88,45,6,1,127,103,84,121,83,46,94,118,90"/><U30/><E38/><V81/><F109/><W112/><G121/><T21/><D119/><U130/><E104/><V70/><F99/><W0/><G112/><T76/><D36/><U58/><E116/><V108/><F108/><W2/><G118/><T110/><D110/><U53/><E111/><V107/><F44/><W126/><G103/><T87/><D124/><N who="3" m="47657" /><G6/><T61/><D69/><U20/><E113/><V98/><F41/><W52/><G52/><T26/><D128/><U82/><E130/><V27/><F98/><AGARI ba="0,0" hai="0,1,2,45,46,83,84,88,90,94,98" m="47657" machi="98" ten="40,2600,0" yaku="18,1,54,1" doraHai="57" who="3" fromWho="2" sc="178,0,201,0,234,-26,387,26" /><INIT seed="6,0,0,4,3,38" ten="178,201,208,413" oya="2" hai0="55,27,4,6,21,59,120,7,75,76,117,104,34" hai1="9,68,74,83,110,30,54,93,118,87,62,58,90" hai2="10,32,28,84,60,99,101,31,67,8,33,123,109" hai3="50,71,98,116,114,13,97,48,16,135,69,3,86"/><V5/><F123/><W72/><G72/><T100/><D120/><U122/><E110/><V103/><F109/><W107/><G3/><T80/><D34/><U89/><E118/><V47/><F84/><W113/><G116/><T132/><D117/><U35/><E68/><V43/><F101/><W129/><G129/><T57/><D132/><U49/><E74/><V105/><F28/><W70/><G86/><T125/><D125/><U23/><E35/><V39/><F10/><W65/><G65/><T0/><D0/><U18/><E9/><V128/><F128/><W51/><G135/><T29/><REACH who="0" step="1"/><D55/><REACH who="0" ten="168,201,208,413" step="2"/><U106/><E122/><V56/><REACH who="2" step="1"/><F31/><REACH who="2" ten="168,201,198,413" step="2"/><W1/><G1/><AGARI ba="0,2" hai="1,5,8,32,33,39,43,47,56,60,67,99,103,105" machi="1" ten="30,12000,1" yaku="1,1,2,1,7,1,52,1,53,1" doraHai="38" doraHaiUra="53" who="2" fromWho="3" sc="168,0,201,0,198,140,413,-120" /><INIT seed="6,1,0,0,2,49" ten="168,201,338,293" oya="2" hai0="65,76,23,99,90,29,17,33,126,58,53,15,122" hai1="44,5,73,18,45,63,26,106,19,102,105,13,11" hai2="36,67,124,59,54,69,129,91,64,108,74,94,89" hai3="55,131,25,57,81,56,2,31,93,79,46,7,123"/><V27/><F74/><W28/><G123/><T40/><D122/><U120/><E73/><V125/><F108/><W75/><G131/><T71/><D126/><N who="2" m="48746" /><F36/><W87/><G46/><T70/><D76/><U88/><E120/><V109/><F109/><W135/><G135/><T104/><D40/><U14/><E102/><V100/><F27/><W12/><G2/><T37/><D37/><U78/><E78/><V127/><F129/><W86/><G57/><T62/><D33/><U114/><E114/><V42/><F42/><W83/><G93/><T6/><D29/><U22/><E63/><V95/><F69/><W68/><G68/><T52/><D6/><U16/><E88/><N who="2" m="33867" /><F127/><W39/><G39/><T98/><D71/><U111/><E111/><V84/><F84/><W119/><G81/><T72/><D72/><U38/><E38/><V51/><F95/><W132/><G132/><T82/><D104/><U43/><E43/><V77/><F77/><W41/><G41/><T30/><D30/><U101/><E106/><V3/><F3/><W0/><G31/><T118/><D118/><U92/><E105/><V32/><F32/><N who="3" m="20495" /><G0/><T60/><REACH who="0" step="1"/><D53/><REACH who="0" ten="158,201,338,293" step="2"/><U48/><E5/><V134/><F134/><W50/><G119/><T10/><D10/><U8/><E11/><V66/><F66/><W24/><G7/><T117/><D117/><U96/><E8/><V130/><F130/><W107/><G107/><T97/><D97/><AGARI ba="1,1" hai="51,54,59,64,67,94,97,100" m="33867,48746" machi="97" ten="30,5800,0" yaku="18,1,52,1,54,1" doraHai="49" who="2" fromWho="0" sc="158,-61,201,0,338,71,293,0" /><INIT seed="6,2,0,3,4,0" ten="97,201,409,293" oya="2" hai0="72,7,121,62,117,127,6,58,74,48,110,102,82" hai1="93,98,135,9,55,106,18,57,91,33,76,63,75" hai2="112,53,5,115,66,32,10,69,123,100,52,34,16" hai3="94,107,30,37,21,2,80,15,54,101,118,97,130"/><V105/><F123/><W70/><G118/><T61/><D110/><U12/><E135/><V51/><F66/><W125/><G2/><T79/><D121/><U59/><E33/><V26/><F69/><W120/><G120/><T116/><D74/><U108/><E106/><V81/><F81/><W42/><G70/><T14/><D127/><U128/><E128/><V3/><F100/><W38/><G130/><T39/><D39/><U11/><E108/><V87/><F87/><W133/><G133/><T24/><D102/><U119/><E119/><N who="0" m="45641" /><D24/><U73/><E76/><V46/><F53/><W96/><G54/><N who="0" m="32071" /><D14/><U29/><E29/><V56/><F46/><W104/><G125/><T84/><D72/><U113/><E113/><N who="2" m="43595" /><F105/><W71/><G104/><T103/><D103/><U40/><E75/><V22/><AGARI ba="2,0" hai="3,5,10,16,22,26,32,34,51,52,56" m="43595" machi="22" ten="30,11700,0" yaku="15,1,52,1,54,2" doraHai="0" who="2" fromWho="2" sc="97,-41,201,-41,409,123,293,-41" /><INIT seed="6,3,0,3,5,120" ten="56,160,532,252" oya="2" hai0="122,17,62,90,128,130,87,110,54,8,15,68,58" hai1="72,108,4,32,107,123,117,34,132,18,125,70,60" hai2="41,101,59,100,24,83,36,96,86,45,7,127,116" hai3="74,55,1,5,112,135,51,134,106,75,56,105,65"/><V42/><F116/><W63/><G112/><T73/><D122/><U31/><RYUUKYOKU type="yao9" ba="3,0" sc="56,0,160,0,532,0,252,0" hai1="4,18,31,32,34,60,70,72,107,108,117,123,125,132" /><INIT seed="6,4,0,0,3,112" ten="56,160,532,252" oya="2" hai0="134,131,67,87,72,91,18,32,75,16,69,54,3" hai1="28,49,110,44,8,63,88,111,76,5,14,74,34" hai2="2,132,133,38,121,78,39,86,79,6,73,77,66" hai3="10,115,61,106,116,64,85,48,95,135,33,25,127"/><V52/><F66/><W12/><G106/><T108/><D108/><U57/><E76/><V19/><F121/><W83/><G116/><T55/><D32/><U107/><E74/><V60/><F73/><W40/><G127/><T1/><D134/><N who="2" m="51818" /><F19/><W7/><G115/><T62/><D131/><U23/><E107/><V35/><F35/><W0/><G95/><T53/><D75/><U119/><E119/><V22/><F22/><W46/><G135/><T80/><REACH who="0" step="1"/><D72/><REACH who="0" ten="46,160,532,252" step="2"/><U109/><E34/><V94/><F39/><W9/><G33/><T103/><D103/><U82/><E110/><V93/><F38/><W51/><G0/><AGARI ba="4,1" hai="0,1,3,16,18,53,54,55,62,67,69,80,87,91" machi="0" ten="40,2600,0" yaku="1,1,54,1,53,0" doraHai="112" doraHaiUra="4" who="0" fromWho="3" sc="46,48,160,0,532,0,252,-38" /><INIT seed="7,0,0,5,3,31" ten="94,160,532,214" oya="3" hai0="128,132,6,94,15,130,93,120,53,32,36,25,99" hai1="34,106,4,9,49,70,108,88,5,37,64,2,65" hai2="107,18,1,73,19,110,35,112,134,78,80,55,133" hai3="22,111,12,105,21,104,28,123,0,85,48,23,131"/><W129/><G0/><T10/><D120/><U100/><E108/><V79/><F1/><W59/><G123/><T43/><D132/><U77/><E4/><V101/><F110/><W58/><G111/><T97/><D53/><U76/><E37/><V44/><F112/><W7/><G28/><T83/><D83/><U87/><E34/><V40/><F35/><W102/><G85/><T67/><D67/><U84/><E100/><V69/><F69/><W42/><G42/><T91/><D43/><U29/><E29/><V13/><F55/><W11/><G48/><T38/><D25/><U24/><E24/><V116/><F79/><W54/><G102/><T3/><D3/><U62/><E106/><V118/><F107/><W66/><G66/><T127/><D127/><U51/><E65/><V95/><F95/><W90/><G90/><T121/><D121/><U61/><E61/><V119/><F101/><W27/><G27/><T89/><REACH who="0" step="1"/><D32/><REACH who="0" ten="84,160,532,214" step="2"/><U17/><E2/><V71/><F71/><W126/><G54/><T41/><D41/><U115/><E64/><V75/><F75/><W72/><G72/><T86/><D86/><U109/><E84/><V16/><F13/><W124/><G126/><T82/><D82/><N who="1" m="49271" /><E109/><V45/><REACH who="2" step="1"/><F45/><REACH who="2" ten="84,160,522,214" step="2"/><W68/><G12/><T60/><D60/><U47/><E62/><V39/><AGARI ba="0,2" hai="16,18,19,39,40,44,73,78,80,116,118,119,133,134" machi="39" ten="40,12000,2" yaku="1,1,2,1,0,1,54,1,53,3" doraHai="31" doraHaiUra="14" who="2" fromWho="2" sc="84,-30,160,-30,522,140,214,-60" owari="54,-45.0,130,-27.0,662,77.0,154,-5.0" /></mjloggm>