<mjloggm ver="2.3"><GO type="169" lobby="0"/><UN n0="%E3%81%B2%E3%81%94%E3%82%93%E3%81%9F" n1="%E6%9C%A8%E4%B8%8B%E3%83%99%E3%83%83%E3%82%AB%E3%83%A0" n2="%E3%83%9C%E3%83%9E%E3%83%BC" n3="%E9%BA%BB%E9%9B%80%49%51%31%32%30" dan="16,16,16,16" rate="2148.44,2108.90,2207.69,2157.22" sx="M,M,M,M"/><TAIKYOKU oya="0"/><INIT seed="0,0,0,4,3,51" ten="250,250,250,250" oya="0" hai0="96,82,75,98,47,23,9,49,121,38,15,116,66" hai1="64,122,40,16,54,33,28,24,27,4,83,44,34" hai2="11,107,117,79,37,95,123,110,10,92,101,12,20" hai3="102,125,0,56,109,32,91,134,106,6,132,67,133"/><T76/><D116/><U52/><E122/><V118/><F37/><W19/><G32/><T22/><D121/><U89/><E4/><V39/><F39/><W129/><G109/><T7/><D38/><U59/><E64/><V35/><F35/><W57/><G102/><T63/><D98/><U5/><E5/><V72/><F123/><W55/><G106/><T1/><D96/><U45/><E59/><V41/><F41/><W105/><G105/><T78/><D78/><U73/><E73/><V86/><F110/><W74/><G74/><T50/><D1/><U90/><E83/><N who="2" m="45543" /><F20/><W114/><G114/><T81/><D81/><U31/><E40/><V119/><F86/><W126/><G91/><T43/><REACH who="0" step="1"/><D50/><REACH who="0" ten="240,250,250,250" step="2"/><U84/><E84/><V58/><F117/><W131/><G0/><T60/><D60/><U17/><AGARI ba="0,1" hai="16,17,24,27,28,31,33,34,44,45,52,54,89,90" machi="17" ten="25,12000,2" yaku="0,1,22,2,52,2,54,2" doraHai="51" who="1" fromWho="1" sc="240,-60,250,130,250,-30,250,-30" /><INIT seed="1,0,0,2,2,117" ten="180,380,220,220" oya="1" hai0="14,128,108,11,121,131,3,58,98,43,120,37,129" hai1="55,82,39,66,0,34,2,100,65,67,72,35,122" hai2="54,125,21,42,116,30,94,78,46,76,19,93,51" hai3="16,104,84,50,62,8,132,130,80,73,27,61,70"/><U68/><E100/><V64/><F116/><W25/><G73/><T111/><D98/><U135/><E39/><V17/><F64/><W79/><G104/><T103/><D103/><U22/><E22/><V114/><F125/><W38/><G38/><T112/><D112/><U92/><E92/><V87/><F114/><W56/><G130/><T118/><D118/><U24/><E24/><V124/><F124/><W6/><G132/><T85/><D85/><U53/><E82/><V86/><F42/><W95/><G70/><T13/><D37/><U1/><E72/><V9/><F9/><W91/><G50/><T52/><D43/><U15/><E15/><N who="0" m="5641" /><D11/><U126/><E126/><V7/><F7/><W102/><G62/><N who="0" m="36167" /><D3/><U97/><E97/><V88/><F30/><W83/><G102/><T105/><D105/><U96/><E96/><V77/><REACH who="2" step="1"/><F21/><REACH who="2" ten="180,380,210,220" step="2"/><N who="3" m="13735" /><G8/><T18/><D18/><U101/><E68/><V115/><F115/><W32/><G6/><T20/><D20/><U31/><E31/><V81/><F81/><W29/><G79/><T133/><D133/><U75/><E135/><V28/><F28/><W57/><G83/><T71/><D71/><U99/><E34/><V26/><F26/><W106/><G80/><T33/><D33/><U119/><E35/><V69/><F69/><W89/><G25/><T107/><D107/><N who="1" m="63935" /><E75/><V44/><F44/><W110/><G106/><T113/><D113/><U36/><E119/><V40/><F40/><W10/><G32/><T48/><D48/><U109/><E36/><V74/><F74/><W123/><G29/><T90/><D128/><RYUUKYOKU ba="0,1" sc="180,-10,380,-10,210,30,220,-10" hai2="17,19,46,51,54,76,77,78,86,87,88,93,94" /><INIT seed="2,1,1,0,1,130" ten="170,370,240,210" oya="2" hai0="112,53,54,106,87,43,57,17,70,26,94,38,116" hai1="99,66,115,96,2,4,72,110,118,119,12,0,127" hai2="90,36,6,41,25,122,37,35,31,120,56,123,121" hai3="108,47,29,111,76,8,9,124,117,84,15,18,62"/><V133/><F6/><W102/><G102/><T5/><D112/><U131/><E12/><V23/><F41/><W24/><G62/><T40/><D106/><U48/><E72/><V95/><F35/><W132/><G76/><T44/><D116/><U71/><E48/><V65/><N who="2" m="30720" /><DORA hai="113" /><V126/><F126/><W20/><G84/><T109/><D70/><U51/><E51/><V21/><F21/><W92/><G92/><T103/><D109/><N who="3" m="42057" /><G47/><T79/><D43/><U100/><E0/><V49/><F133/><W107/><G107/><T69/><D69/><U27/><E2/><V50/><F50/><W3/><G124/><T88/><D5/><U63/><E4/><V60/><REACH who="2" step="1"/><F49/><REACH who="2" ten="170,370,230,210" step="2"/><W45/><G45/><T22/><D57/><N who="1" m="37231" /><E110/><V89/><F89/><W80/><G132/><T98/><REACH who="0" step="1"/><D79/><REACH who="0" ten="160,370,230,210" step="2"/><U77/><E77/><V39/><F39/><W74/><G117/><T55/><D55/><U78/><E118/><V85/><AGARI ba="1,3" hai="23,25,31,36,37,56,60,65,85,90,95" m="30720" machi="85" ten="60,6000,0" yaku="1,1,0,1,53,0" doraHai="130,113" doraHaiUra="105,64" who="2" fromWho="2" sc="160,-21,370,-21,230,93,210,-21" /><INIT seed="2,2,0,4,0,106" ten="139,349,323,189" oya="2" hai0="49,72,19,66,29,107,84,44,73,128,33,123,45" hai1="116,129,38,11,41,113,20,102,57,10,98,8,90" hai2="23,25,126,35,12,100,3,96,24,34,46,50,104" hai3="111,127,74,91,62,95,70,9,71,51,88,69,21"/><V110/><F3/><W14/><G111/><T99/><D123/><U13/><E129/><V60/><F126/><W37/><G37/><T59/><D128/><U28/><E113/><V2/><F2/><W78/><G21/><T56/><D84/><U6/><E116/><V85/><F110/><W133/><G133/><T97/><D44/><U80/><E38/><V82/><F60/><W131/><G127/><T43/><D29/><U30/><E41/><V130/><F130/><W109/><G109/><T112/><D33/><U17/><E57/><V48/><F48/><W47/><G62/><T64/><D112/><U58/><E58/><V119/><F12/><W31/><G31/><N who="1" m="11818" /><E102/><V32/><F23/><W87/><G91/><T68/><D68/><U124/><E124/><V92/><F104/><W18/><G131/><T5/><D5/><U63/><E63/><V77/><REACH who="2" step="1"/><F119/><REACH who="2" ten="139,349,313,189" step="2"/><W76/><REACH who="3" step="1"/><G74/><REACH who="3" ten="139,349,313,179" step="2"/><T134/><D134/><U39/><E20/><V36/><F36/><W103/><G103/><T120/><D73/><U135/><E39/><V93/><F93/><W1/><G1/><T55/><D72/><U94/><E135/><V122/><F122/><W132/><G132/><T22/><D107/><U83/><E11/><V16/><F16/><W101/><G101/><T40/><D120/><U86/><E10/><V114/><F114/><W81/><G81/><T15/><D19/><U42/><E17/><V61/><F61/><W105/><G105/><T7/><D22/><U115/><E115/><V65/><F65/><W89/><G89/><T108/><D64/><U54/><E80/><RYUUKYOKU ba="2,2" sc="139,-15,349,-15,313,15,179,15" hai2="24,25,32,34,35,46,50,77,82,85,92,96,100" hai3="9,14,18,47,51,69,70,71,76,78,87,88,95" /><INIT seed="2,3,2,1,4,81" ten="124,334,328,194" oya="2" hai0="134,135,41,70,99,95,97,23,50,11,96,26,17" hai1="114,6,73,5,25,44,77,38,33,109,125,62,19" hai2="126,18,9,59,94,12,119,127,45,63,48,39,32" hai3="84,51,102,31,104,131,133,90,105,130,42,53,67"/><V56/><F119/><W36/><G31/><T65/><D11/><U30/><E114/><V123/><F39/><W86/><G133/><N who="0" m="50699" /><D65/><U34/><E73/><V2/><F123/><W16/><G67/><T40/><D70/><U74/><E77/><V66/><F32/><W76/><G42/><N who="0" m="16491" /><D50/><U82/><E38/><V101/><F2/><W64/><G64/><T43/><N who="0" m="16499" /><T10/><DORA hai="24" /><D10/><U129/><E44/><V71/><F48/><W98/><G36/><T122/><D122/><U91/><E62/><V72/><F45/><W112/><G112/><T80/><D80/><U89/><E82/><V69/><F72/><W117/><G117/><T29/><D17/><U120/><E19/><V78/><F78/><W14/><G76/><T37/><D37/><U87/><E74/><V1/><F1/><W20/><G105/><T61/><D61/><U93/><E120/><V3/><F3/><W106/><G106/><T47/><D47/><U58/><E6/><V15/><F15/><W100/><G100/><AGARI ba="3,2" hai="23,26,29,95,96,97,99,100" m="16499,50699" machi="100" ten="40,2600,0" yaku="20,1,52,1" doraHai="81,24" who="0" fromWho="3" sc="124,55,334,0,328,0,194,-35" /><INIT seed="3,0,0,4,1,133" ten="179,334,328,159" oya="3" hai0="111,9,104,125,135,8,34,109,80,117,85,54,19" hai1="99,103,37,77,4,67,87,62,118,14,64,75,35" hai2="41,70,10,22,102,51,31,55,101,15,29,95,120" hai3="3,97,71,123,121,47,52,113,12,134,92,130,98"/><W38/><G3/><T91/><D135/><U66/><E37/><V20/><F70/><W60/><G134/><T36/><D117/><U107/><E118/><V131/><F41/><W88/><G113/><T6/><D104/><U126/><E35/><V106/><F106/><W96/><G130/><T110/><D34/><U23/><E75/><V17/><F120/><W21/><G121/><T45/><D19/><U68/><E126/><V0/><F0/><W65/><G123/><T81/><D9/><U94/><E107/><V56/><F131/><W30/><G38/><T59/><D45/><U72/><E72/><V76/><F76/><W105/><G105/><T83/><D36/><U114/><E4/><V13/><F22/><W112/><G112/><T24/><D24/><U18/><E114/><V73/><F73/><W93/><G12/><T40/><D40/><U27/><E14/><V86/><F102/><W78/><G78/><T33/><D33/><U43/><E43/><V50/><F50/><W1/><G1/><N who="0" m="79" /><D125/><U124/><E124/><V49/><F49/><AGARI ba="0,0" hai="49,54,59,80,81,83,85,91,109,110,111" m="79" machi="49" ten="30,1000,0" yaku="14,1" doraHai="133" who="0" fromWho="2" sc="179,10,334,0,328,-10,159,0" /><INIT seed="4,0,0,3,4,27" ten="189,334,318,159" oya="0" hai0="53,24,33,66,113,65,132,116,5,26,86,44,88" hai1="93,14,95,122,18,100,23,19,49,109,0,121,37" hai2="112,74,17,68,89,50,77,102,105,75,6,3,131" hai3="57,61,54,70,30,90,79,36,117,124,103,108,118"/><T40/><D116/><U9/><E109/><V20/><F68/><W41/><G108/><T51/><D113/><U110/><E110/><V43/><F112/><W35/><G124/><T4/><D132/><U126/><E37/><V114/><F114/><W13/><G79/><T8/><D53/><U130/><E130/><V119/><F131/><W83/><G103/><T47/><D47/><U106/><E126/><V128/><F128/><W16/><G70/><T69/><D69/><U31/><E31/><V87/><F119/><W133/><G133/><T72/><D72/><U82/><E82/><V98/><F43/><W15/><G15/><N who="0" m="5511" /><D33/><U28/><E28/><V58/><F3/><W29/><G35/><T10/><D10/><U107/><E49/><V32/><F6/><W2/><G2/><T104/><D104/><U84/><E0/><V123/><F32/><W56/><G118/><T91/><D91/><U73/><E73/><V111/><F111/><W115/><G115/><T67/><D5/><U80/><E106/><V92/><F77/><W39/><G117/><T22/><D22/><U94/><E107/><V59/><F59/><W96/><G57/><T38/><D38/><U134/><E100/><V81/><F123/><W76/><G39/><T125/><D125/><U62/><E134/><V135/><F135/><W99/><G36/><T97/><D97/><N who="3" m="37449" /><G90/><T45/><D45/><U78/><REACH who="1" step="1"/><E62/><REACH who="1" ten="189,324,318,159" step="2"/><V55/><REACH who="2" step="1"/><F81/><AGARI ba="0,1" hai="24,26,40,44,51,65,66,67,81,86,88" m="5511" machi="81" ten="30,2900,0" yaku="8,1,54,1" doraHai="27" who="0" fromWho="2" sc="189,39,324,0,318,-29,159,0" /><INIT seed="4,1,0,3,0,80" ten="228,324,289,159" oya="0" hai0="106,94,42,36,105,121,90,31,32,110,133,108,95" hai1="17,82,3,39,11,40,70,37,62,15,47,88,61" hai2="12,51,128,48,102,23,119,93,27,63,101,0,99" hai3="91,118,126,132,57,45,38,109,111,41,16,129,85"/><T124/><D121/><U97/><E3/><V43/><F0/><W18/><G118/><T66/><D66/><U117/><E117/><V122/><F119/><W77/><G77/><T100/><D42/><U19/><E19/><V2/><F2/><W92/><G126/><T53/><D53/><U20/><E37/><V52/><F122/><W104/><G104/><N who="0" m="40043" /><D36/><U79/><E70/><V29/><F128/><W127/><G129/><T71/><D31/><U4/><E97/><V78/><F78/><W1/><G132/><T33/><D71/><U50/><E39/><V96/><F12/><W89/><G127/><T107/><N who="0" m="40051" /><T59/><DORA hai="64" /><D59/><U114/><E88/><V123/><F123/><W69/><G57/><T30/><D30/><U81/><E81/><V25/><F25/><W65/><G1/><T115/><D124/><U68/><E68/><V72/><F72/><W13/><G18/><T75/><D75/><U56/><E56/><V24/><F24/><W125/><G65/><T116/><D116/><U21/><E21/><V9/><F9/><W49/><G69/><T74/><D74/><U87/><REACH who="1" step="1"/><E114/><REACH who="1" ten="228,314,289,159" step="2"/><V98/><F23/><W5/><G38/><T26/><D115/><U120/><E120/><V76/><F99/><W6/><G125/><T54/><D133/><U60/><E60/><V112/><F63/><W86/><G6/><T10/><D10/><U113/><E113/><V46/><F112/><W55/><G5/><T84/><D33/><U103/><E103/><V131/><F101/><W58/><G16/><T14/><D32/><U134/><E134/><RYUUKYOKU ba="1,1" sc="228,-10,314,30,289,-10,159,-10" hai1="4,11,15,17,20,40,47,50,61,62,79,82,87" /><INIT seed="5,2,1,1,2,50" ten="218,344,279,149" oya="1" hai0="55,5,49,108,21,59,102,11,18,64,86,107,110" hai1="104,90,82,9,130,133,103,98,62,80,83,22,68" hai2="75,0,114,67,73,35,109,113,16,6,126,63,23" hai3="119,85,25,77,33,120,56,47,7,60,32,125,44"/><U2/><E130/><V93/><F35/><W71/><G71/><T91/><D107/><U96/><E133/><V74/><F109/><W20/><G120/><T15/><D102/><U4/><E96/><V29/><F29/><W1/><G125/><T78/><D78/><U89/><REACH who="1" step="1"/><E22/><REACH who="1" ten="218,334,279,149" step="2"/><V46/><F126/><W66/><G32/><T69/><D69/><U10/><E10/><V99/><F113/><W87/><G33/><T13/><REACH who="0" step="1"/><D64/><AGARI ba="2,2" hai="2,4,9,62,64,68,80,82,83,89,90,98,103,104" machi="64" ten="40,2000,0" yaku="1,1,53,0" doraHai="50" doraHaiUra="48" who="1" fromWho="0" sc="218,-26,334,46,279,0,149,0" /><INIT seed="5,3,0,2,3,25" ten="192,380,279,149" oya="1" hai0="122,45,71,54,12,77,65,48,55,9,103,51,28" hai1="79,89,86,82,121,94,46,124,33,23,10,61,90" hai2="76,36,84,70,120,58,53,41,123,88,56,96,107" hai3="131,42,113,3,111,35,110,27,67,44,115,100,119"/><U95/><E33/><V5/><F70/><W133/><G100/><T132/><D132/><U85/><E121/><V34/><F34/><W29/><G67/><T69/><D122/><U0/><E124/><V6/><F76/><W18/><G44/><T104/><D77/><U7/><E23/><V31/><F36/><W97/><G97/><T98/><D65/><U60/><REACH who="1" step="1"/><E46/><REACH who="1" ten="192,370,279,149" step="2"/><V30/><F120/><W87/><G35/><T83/><D83/><U78/><E78/><V40/><F123/><W59/><G133/><T13/><D13/><U47/><E47/><V20/><F20/><W93/><G3/><T63/><D45/><U109/><E109/><V57/><F107/><W118/><G110/><T68/><D104/><U21/><E21/><V129/><F129/><W62/><G131/><T32/><D32/><U11/><E11/><V134/><F134/><W114/><G111/><T66/><D9/><U52/><E52/><V106/><F53/><W101/><G42/><N who="2" m="16489" /><F106/><W117/><G117/><T105/><D55/><U26/><E26/><V15/><F96/><AGARI ba="3,1" hai="0,7,10,60,61,79,82,85,86,89,90,94,95,96" machi="96" ten="30,2900,0" yaku="1,1,7,1,53,0" doraHai="25" doraHaiUra="14" who="1" fromWho="2" sc="192,0,370,48,279,-38,149,0" /><INIT seed="5,4,0,4,1,39" ten="192,418,241,149" oya="1" hai0="15,88,69,104,113,120,13,29,82,81,10,112,38" hai1="126,41,77,27,1,123,75,121,74,31,94,89,5" hai2="42,99,33,63,127,86,64,116,55,131,102,110,59" hai3="36,91,37,45,103,135,2,32,114,93,3,119,73"/><U128/><E126/><V66/><F33/><W47/><G91/><T67/><D104/><U133/><E128/><V106/><F110/><W25/><G93/><T96/><D38/><U54/><E54/><V20/><F116/><W76/><G103/><T134/><D29/><U111/><E133/><V105/><F127/><W70/><G70/><T130/><D134/><U40/><E5/><V4/><F131/><W57/><G57/><T11/><D130/><U48/><E48/><V109/><F109/><W60/><G60/><T30/><D30/><U7/><E7/><V65/><F4/><W107/><G107/><T0/><D0/><U84/><E1/><V12/><F86/><W122/><G122/><T132/><D132/><U61/><E61/><V129/><F129/><W117/><G135/><T90/><D96/><U16/><E16/><V101/><F12/><W9/><G25/><T56/><D56/><U21/><E111/><V17/><F17/><W78/><G73/><T43/><D43/><U87/><E87/><V58/><F20/><W35/><G114/><T14/><D14/><U95/><E95/><V79/><F79/><W108/><G108/><T85/><D85/><U19/><E31/><V98/><F59/><W22/><G22/><T44/><D44/><U125/><E125/><V97/><F97/><W18/><G18/><T124/><D124/><U51/><E51/><V28/><F28/><W115/><G115/><T23/><D23/><U26/><E27/><V8/><F8/><AGARI ba="4,0" hai="2,3,8,9,32,35,36,37,45,47,76,78,117,119" machi="8" ten="25,1600,0" yaku="22,2" doraHai="39" who="3" fromWho="2" sc="192,0,418,0,241,-28,149,28" /><INIT seed="6,0,0,2,4,93" ten="192,418,213,177" oya="2" hai0="20,47,79,52,111,122,15,38,61,69,82,67,121" hai1="41,89,125,24,19,3,110,129,18,5,75,80,76" hai2="70,104,57,68,87,27,30,45,22,99,114,9,100" hai3="4,78,53,132,102,105,14,91,124,16,49,84,112"/><V59/><F114/><W90/><G124/><T85/><D111/><U109/><E125/><V60/><F57/><W46/><G132/><T37/><D37/><U74/><E74/><V106/><F106/><W43/><G112/><T98/><D98/><U128/><E89/><V116/><F116/><W48/><G4/><T88/><D79/><U0/><E41/><V107/><F87/><W96/><G78/><T126/><D126/><U133/><E133/><V44/><F104/><W11/><REACH who="3" step="1"/><G84/><REACH who="3" ten="192,418,213,167" step="2"/><T26/><D15/><U117/><E110/><V39/><F70/><W2/><G2/><T40/><REACH who="0" step="1"/><D52/><REACH who="0" ten="182,418,213,167" step="2"/><U28/><E3/><V86/><F68/><W72/><G72/><T65/><D65/><U63/><E109/><V92/><F86/><W119/><G119/><T21/><D21/><U54/><E117/><V118/><F118/><W8/><G8/><T55/><D55/><U7/><E0/><V77/><F9/><W108/><G108/><T34/><D34/><U131/><E54/><V25/><F77/><W1/><G1/><T81/><D81/><U66/><E5/><V103/><F22/><W120/><G120/><T35/><D35/><N who="1" m="20871" /><E7/><V6/><F6/><W33/><G33/><T23/><D23/><U127/><E127/><V50/><F39/><W13/><G13/><T56/><D56/><AGARI ba="0,2" hai="18,19,56,63,66,75,76,80,128,129,131" m="20871" machi="56" ten="30,1000,0" yaku="19,1" doraHai="93" who="1" fromWho="0" sc="182,-10,418,30,213,0,167,0" /><AGARI ba="0,0" hai="11,14,16,43,46,48,49,53,56,90,91,96,102,105" machi="56" ten="30,7700,0" yaku="1,1,7,1,52,1,54,1,53,0" doraHai="93" doraHaiUra="134" who="3" fromWho="0" sc="172,-77,448,0,213,0,167,77" /><INIT seed="7,0,0,2,5,33" ten="95,448,213,244" oya="3" hai0="48,114,124,26,37,14,78,9,61,52,46,109,45" hai1="99,54,112,10,39,108,32,126,27,5,63,135,15" hai2="93,107,62,36,98,97,113,4,101,47,57,56,20" hai3="96,43,106,110,117,17,132,100,73,2,115,50,120"/><W77/><G17/><T90/><D109/><U7/><E108/><V105/><F113/><W69/><G115/><T123/><D114/><U89/><E39/><V38/><F4/><W92/><G69/><T24/><D123/><U34/><E135/><V51/><F20/><W8/><G117/><T3/><D124/><U103/><E89/><V19/><F19/><W85/><G50/><T82/><D90/><U87/><E87/><V58/><F62/><W25/><G25/><T6/><D61/><U76/><E76/><V133/><F133/><W75/><G43/><T119/><D119/><U59/><E126/><V29/><F29/><W74/><G8/><T134/><D14/><U42/><E42/><V111/><F111/><W0/><G110/><T130/><D130/><U65/><E7/><V44/><F44/><W72/><G132/><T12/><D12/><U116/><E116/><V125/><F125/><W60/><G60/><T88/><D88/><U21/><E54/><V22/><F22/><W67/><G67/><T68/><D68/><U86/><E86/><V23/><F23/><W35/><G35/><T30/><D30/><N who="1" m="17775" /><E112/><V31/><F31/><W18/><G18/><T79/><D79/><U80/><E80/><V121/><F121/><W11/><G120/><T83/><D83/><U41/><E41/><N who="2" m="25071" /><F107/><W104/><G11/><T28/><D28/><U122/><E122/><V128/><F128/><W66/><G66/><T49/><D134/><U53/><E53/><V129/><F129/><W70/><N who="3" m="18432" /><DORA hai="95" /><W84/><G70/><T102/><D102/><U16/><E16/><RYUUKYOKU ba="0,0" sc="95,-15,448,15,213,15,244,-15" hai1="5,10,15,32,34,59,63,65,99,103" hai2="36,38,56,57,58,93,97,98,101,105" owari="80,-42.0,463,56.0,228,-17.0,229,3.0" /></mjloggm>