<mjloggm ver="2.3"><GO type="169" lobby="0"/><UN n0="%6E%2D%6D%69%7A%75" n1="%33%30%63%6D%33%30%63%6D" n2="%E3%82%84%E3%81%AE%E3%81%A1" n3="%79%61%6D%69%6E%65%6B%6F" dan="16,16,17,16" rate="2082.33,2095.17,2147.41,2171.26" sx="M,M,M,F"/><TAIKYOKU oya="0"/><INIT seed="0,0,0,0,5,51" ten="250,250,250,250" oya="0" hai0="19,25,26,80,119,122,66,101,56,55,117,96,79" hai1="113,100,106,81,15,3,45,71,63,77,86,127,121" hai2="12,95,38,11,108,42,4,112,135,30,6,8,65" hai3="52,94,21,83,58,123,124,49,92,76,111,72,17"/><T44/><D122/><U103/><E3/><V41/><F112/><W130/><G123/><T67/><D117/><U118/><E113/><V110/><F135/><W36/><G130/><T115/><D115/><U20/><E106/><V102/><F30/><W33/><G111/><N who="2" m="42537" /><F65/><W35/><G124/><T54/><D119/><U133/><E133/><V93/><F38/><W75/><G75/><T125/><D125/><U16/><E127/><V128/><F128/><W5/><G5/><N who="2" m="2153" /><F102/><W98/><G36/><T68/><D68/><U120/><E118/><V37/><F37/><W74/><G74/><T88/><D79/><U131/><E131/><V129/><F12/><W48/><G48/><N who="0" m="28935" /><D101/><U62/><E121/><V31/><F31/><W61/><G49/><N who="0" m="30831" /><D19/><U39/><E120/><V70/><F70/><W29/><G29/><T7/><D7/><U78/><E78/><V10/><F129/><W126/><G126/><T105/><D105/><U107/><E107/><V114/><F114/><W27/><REACH who="3" step="1"/><G92/><AGARI ba="0,0" hai="8,10,11,41,42,92,93,95" m="2153,42537" machi="92" ten="40,5200,0" yaku="28,2,14,1" doraHai="51" who="2" fromWho="3" sc="250,0,250,0,250,52,250,-52" /><INIT seed="1,0,0,2,4,88" ten="250,250,302,198" oya="1" hai0="64,81,119,102,113,124,93,72,120,52,47,38,82" hai1="45,61,91,5,73,59,6,42,35,134,111,28,130" hai2="99,68,25,126,1,46,32,129,17,96,80,54,131" hai3="98,19,133,105,24,40,58,30,9,48,27,71,26"/><U53/><E73/><V39/><F68/><W3/><G71/><T12/><D113/><U107/><E107/><V70/><F70/><W67/><G133/><T128/><D119/><U43/><E134/><V84/><F1/><W4/><G40/><T89/><D64/><U60/><E43/><V49/><F39/><W106/><G30/><T37/><D102/><U8/><E130/><N who="2" m="49675" /><F126/><W114/><G114/><T14/><D124/><U92/><E111/><V20/><F32/><W56/><G19/><T34/><D34/><U125/><E125/><V21/><F21/><W123/><G123/><T117/><D117/><U7/><E61/><V69/><F69/><W83/><G83/><T110/><D110/><U2/><E28/><V78/><AGARI ba="0,0" hai="17,20,25,46,49,54,78,80,84,96,99" m="49675" machi="78" ten="30,1100,0" yaku="19,1" doraHai="88" who="2" fromWho="2" sc="250,-3,250,-5,302,11,198,-3" /><INIT seed="2,0,0,1,4,6" ten="247,245,313,195" oya="2" hai0="118,57,4,120,94,38,10,1,55,114,29,123,80" hai1="104,100,96,70,49,21,8,58,90,27,44,9,81" hai2="74,19,112,28,87,16,129,101,85,26,36,135,23" hai3="79,45,54,102,47,84,132,73,121,119,41,122,75"/><V2/><F74/><W35/><G35/><T89/><D38/><U134/><E70/><V64/><F36/><W108/><G102/><T3/><D114/><U125/><E125/><V7/><F112/><W67/><G119/><T106/><D106/><U46/><E134/><V31/><F64/><W115/><G115/><T18/><D3/><U53/><E46/><V82/><F101/><W66/><G132/><T83/><D118/><U127/><E127/><V88/><F135/><W99/><G84/><T51/><D29/><U71/><E71/><V97/><F97/><W22/><G99/><T37/><D37/><U52/><E81/><N who="2" m="49199" /><F2/><W116/><G116/><T13/><D120/><U93/><E100/><V105/><F7/><W39/><G75/><T15/><D1/><U69/><E69/><V63/><F63/><W111/><G73/><T43/><D43/><U131/><E104/><V95/><F95/><W14/><G79/><T33/><D33/><U42/><E131/><V24/><F129/><W92/><G92/><T62/><D62/><N who="1" m="36175" /><E42/><V34/><F105/><W59/><G121/><T50/><D51/><U0/><E0/><V103/><F103/><W11/><G122/><T17/><D123/><U117/><E117/><V77/><F34/><W65/><G41/><T48/><D48/><U133/><E133/><V86/><F86/><W128/><G39/><T126/><D126/><U91/><E91/><V20/><AGARI ba="0,0" hai="16,19,20,23,24,26,28,31,77,82,87" m="49199" machi="20" ten="30,6000,0" yaku="8,1,54,2" doraHai="6" who="2" fromWho="2" sc="247,-20,245,-20,313,60,195,-20" /><INIT seed="2,1,0,1,1,125" ten="227,225,373,175" oya="2" hai0="77,25,17,110,108,62,85,88,48,51,0,92,82" hai1="114,96,69,50,27,111,49,20,22,41,67,61,24" hai2="105,2,11,126,133,83,18,15,109,91,66,84,64" hai3="7,99,65,120,76,23,115,9,93,21,46,12,102"/><V94/><F126/><W28/><G120/><T1/><D62/><U78/><E111/><N who="0" m="42537" /><D17/><U8/><E114/><V80/><F109/><W37/><G115/><T104/><D25/><U56/><E78/><V38/><F38/><W45/><G76/><T132/><D104/><U33/><E33/><V81/><F105/><W4/><G65/><N who="2" m="25193" /><F133/><W86/><G86/><N who="0" m="52247" /><D132/><U40/><E8/><V95/><F2/><AGARI ba="1,0" hai="0,1,2,48,51,77,82,85" m="52247,42537" machi="2" ten="30,2000,0" yaku="14,1,54,1" doraHai="125" who="0" fromWho="2" sc="227,23,225,0,373,-23,175,0" /><INIT seed="3,0,0,5,1,134" ten="250,225,350,175" oya="3" hai0="99,128,69,92,129,30,1,0,70,40,46,61,8" hai1="119,42,74,103,16,113,106,110,33,58,115,17,105" hai2="24,48,15,126,77,7,127,39,31,104,18,34,87" hai3="13,109,9,54,26,11,90,12,80,67,122,63,81"/><W20/><G122/><T98/><D30/><U64/><E42/><V59/><F104/><N who="1" m="40041" /><E58/><V21/><F39/><W94/><G109/><T5/><D1/><U117/><E64/><V101/><F101/><W43/><G43/><T76/><D76/><U66/><E66/><V86/><F7/><W107/><G107/><T41/><D41/><U52/><E103/><V6/><F6/><W27/><G54/><T10/><D10/><U22/><E22/><V108/><F108/><W84/><G27/><T82/><D82/><U116/><E110/><V124/><F77/><W36/><G36/><T95/><D61/><U2/><E52/><AGARI ba="0,0" hai="15,18,21,24,31,34,48,52,59,86,87,124,126,127" machi="52" ten="40,8000,1" yaku="18,1,52,3,54,1" doraHai="134" who="2" fromWho="1" sc="250,0,225,-80,350,80,175,0" /><INIT seed="4,0,0,0,5,5" ten="250,145,430,175" oya="0" hai0="110,70,61,125,3,46,2,64,132,88,17,71,77" hai1="116,120,14,59,75,67,51,68,66,36,123,60,69" hai2="39,94,21,49,44,115,114,131,62,82,112,72,130" hai3="86,55,57,96,41,53,9,48,126,32,0,35,45"/><T16/><D77/><U117/><E75/><V31/><F39/><W33/><G126/><T73/><D73/><U91/><E91/><V20/><F62/><W79/><G96/><T109/><D125/><U12/><E51/><V99/><F31/><W95/><G57/><T111/><D71/><U50/><E50/><V11/><F82/><W133/><G133/><T107/><D107/><U100/><E59/><V80/><F80/><W118/><G118/><T74/><D74/><U101/><REACH who="1" step="1"/><E60/><REACH who="1" ten="250,135,430,175" step="2"/><V29/><F72/><W4/><REACH who="3" step="1"/><G79/><REACH who="3" ten="250,135,430,165" step="2"/><T18/><D132/><U27/><E27/><N who="2" m="16615" /><F114/><W84/><G84/><T135/><D135/><U58/><E58/><V102/><F115/><W37/><G37/><AGARI ba="0,2" hai="12,14,36,37,66,67,68,69,100,101,116,117,120,123" machi="37" ten="25,8000,1" yaku="1,1,22,2,53,2" doraHai="5" doraHaiUra="63" who="1" fromWho="3" sc="250,0,135,100,430,0,165,-80" /><INIT seed="5,0,0,4,3,81" ten="250,235,430,85" oya="1" hai0="51,22,112,45,13,28,40,102,34,99,67,123,122" hai1="2,50,129,70,79,90,101,65,20,38,60,116,106" hai2="9,30,24,36,107,95,39,17,53,82,6,11,110" hai3="134,41,88,76,47,87,83,0,7,63,77,104,62"/><U26/><E116/><V85/><F107/><W92/><G134/><T66/><D34/><U19/><E38/><V57/><F110/><W132/><G104/><T55/><D112/><U71/><E2/><V25/><F95/><W109/><G109/><T58/><D28/><U73/><E129/><V46/><F46/><W8/><G132/><T93/><D22/><U37/><E37/><V15/><F30/><W108/><G76/><T64/><REACH who="0" step="1"/><D13/><REACH who="0" ten="240,235,430,85" step="2"/><U124/><E20/><V4/><F25/><W133/><G133/><T128/><D128/><U16/><E26/><V113/><F24/><W68/><G108/><T78/><D78/><U42/><E79/><V44/><F15/><W126/><G126/><T118/><D118/><U3/><E3/><V119/><F119/><W105/><G105/><T97/><D97/><U56/><E124/><V75/><F11/><W96/><REACH who="3" step="1"/><G68/><REACH who="3" ten="240,235,430,75" step="2"/><T94/><D94/><U135/><E135/><V14/><F9/><W35/><G35/><T103/><D103/><U91/><E101/><V100/><F100/><W1/><G1/><T98/><D98/><U121/><E106/><V12/><F12/><W127/><G127/><T52/><D52/><U31/><E71/><V59/><F14/><W84/><G84/><T86/><D86/><U43/><E70/><V69/><F85/><W89/><G89/><T49/><AGARI ba="0,2" hai="40,45,49,51,55,58,64,66,67,93,99,102,122,123" machi="49" ten="30,2000,0" yaku="1,1,0,1,53,0" doraHai="81" doraHaiUra="80" who="0" fromWho="0" sc="240,40,235,-10,430,-5,75,-5" /><INIT seed="6,0,0,0,5,6" ten="280,225,425,70" oya="2" hai0="43,21,51,60,105,19,10,48,98,108,23,124,125" hai1="90,133,129,119,39,37,74,16,4,71,113,130,80" hai2="28,59,94,25,2,49,135,42,78,36,95,84,72" hai3="117,126,7,114,11,120,55,101,47,58,96,45,102"/><V31/><F2/><W104/><G120/><T9/><D108/><U15/><E119/><V54/><F135/><W66/><G117/><T127/><D127/><U82/><BYE who="0" /><E71/><V3/><F72/><W57/><G126/><T79/><D79/><U99/><E4/><V81/><F3/><W38/><G102/><T53/><D53/><U5/><E5/><UN n0="%6E%2D%6D%69%7A%75" /><V88/><F78/><W76/><G76/><T0/><D0/><U121/><E74/><V20/><F36/><N who="1" m="13897" /><E133/><V112/><F112/><W91/><G114/><T44/><D60/><U132/><E132/><V107/><F107/><W40/><G91/><T92/><D105/><U46/><E46/><N who="2" m="25815" /><F31/><W65/><G57/><T30/><D30/><U1/><E1/><V18/><F28/><W110/><G47/><T61/><D61/><AGARI ba="0,0" hai="18,20,25,54,59,61,81,84,88,94,95" m="25815" machi="61" ten="30,2900,0" yaku="8,1,54,1" doraHai="6" who="2" fromWho="0" sc="280,-29,225,0,425,29,70,0" /><INIT seed="6,1,0,1,0,97" ten="251,225,454,70" oya="2" hai0="65,18,0,63,62,68,50,4,21,27,3,54,17" hai1="98,61,77,74,39,47,52,82,85,113,60,75,114" hai2="43,81,8,34,71,90,109,25,76,38,58,1,16" hai3="45,32,37,126,103,2,51,115,44,94,131,11,108"/><V70/><F90/><W29/><G108/><T53/><D4/><U130/><E130/><V122/><F58/><W88/><G131/><T9/><D62/><U118/><E118/><V107/><F16/><W120/><G120/><T121/><D54/><U128/><E128/><V83/><F83/><W15/><G126/><T78/><D78/><U135/><E135/><V48/><F48/><W100/><G115/><N who="1" m="44042" /><E98/><V57/><F57/><W132/><G2/><T96/><D121/><U42/><E60/><V7/><F107/><W133/><G29/><T28/><D96/><U49/><E61/><V20/><F20/><W5/><G32/><T33/><D9/><U116/><E116/><V80/><F80/><W127/><G127/><T35/><D17/><U89/><E77/><V6/><F6/><W112/><G112/><T87/><D87/><U99/><E99/><V36/><F122/><W24/><G37/><N who="2" m="14441" /><F43/><N who="3" m="24991" /><G45/><AGARI ba="1,0" hai="39,42,45,47,49,52,74,75,82,85,89" m="44042" machi="45" ten="30,2000,0" yaku="15,1,54,1" doraHai="97" who="1" fromWho="3" sc="251,0,225,23,454,0,70,-23" /><INIT seed="7,0,0,4,3,33" ten="251,248,454,47" oya="3" hai0="65,17,42,15,29,24,76,122,74,121,113,53,67" hai1="117,99,21,130,34,13,131,61,39,40,46,106,23" hai2="31,103,9,57,82,73,79,83,41,91,36,8,62" hai3="37,101,66,48,47,94,112,3,19,20,7,107,68"/><W16/><G107/><T11/><D113/><U44/><E34/><V119/><F103/><W93/><G112/><T58/><D42/><N who="1" m="22623" /><E13/><V28/><F119/><W135/><G37/><T22/><D74/><U26/><E61/><V105/><F41/><W108/><G108/><T71/><D76/><U18/><E21/><V72/><F91/><W125/><G125/><T86/><D86/><U84/><E84/><V118/><F36/><W133/><G19/><T60/><D67/><U78/><E78/><V124/><F79/><W90/><G66/><T128/><D128/><N who="1" m="49195" /><E99/><V64/><F105/><W38/><G68/><T63/><AGARI ba="0,0" hai="11,15,17,22,24,29,53,58,60,63,65,71,121,122" machi="63" ten="20,1500,0" yaku="0,1,7,1" doraHai="33" who="0" fromWho="0" sc="251,15,248,-4,454,-4,47,-7" owari="266,7.0,244,-16.0,450,55.0,40,-46.0" /></mjloggm>