<mjloggm ver="2.3"><GO type="185" lobby="0"/><UN n0="%E7%9C%81%E5%AE%9F" n1="%E5%A4%9A%E6%9E%97%E6%99%8B" n2="%E7%A5%9E%E6%9D%A1%E7%B4%AB%E6%9D%8F" n3="" dan="17,17,16,0" rate="2214.58,2210.76,2168.30,1500.00" sx="F,M,F,C"/><TAIKYOKU oya="0"/><INIT seed="0,0,0,1,2,70" ten="350,350,350,0" oya="0" hai0="119,135,130,72,120,63,33,115,96,99,64,47,131" hai1="133,32,83,108,121,2,0,90,45,122,74,134,51" hai2="1,125,110,102,109,3,73,116,132,91,50,111,34" hai3=""/><T81/><N who="0" m="30752" /><T97/><D119/><U62/><N who="1" m="31008" /><U42/><N who="1" m="31264" /><U43/><E32/><V123/><N who="2" m="31520" /><V128/><F34/><T46/><D115/><U65/><E108/><V84/><F116/><T103/><D33/><U35/><E35/><V112/><F112/><T60/><D135/><N who="1" m="51723" /><E42/><V58/><F73/><T49/><D103/><U118/><E118/><V55/><F125/><T79/><D60/><U107/><E107/><V39/><F128/><N who="0" m="49194" /><D49/><U101/><E101/><V104/><F39/><T54/><D54/><U69/><E90/><V36/><F132/><T92/><D92/><U105/><E105/><V117/><F117/><T44/><D46/><U127/><E127/><V113/><F113/><T88/><D88/><U71/><E69/><AGARI ba="0,0" hai="44,47,63,64,69,72,79,81,96,97,99" m="49194,30752" machi="69" ten="30,2900,0" yaku="19,1,52,1" doraHai="70" who="0" fromWho="1" sc="350,29,350,-29,350,0,0,0" /><INIT seed="0,1,0,0,1,134" ten="379,321,350,0" oya="0" hai0="3,111,118,69,61,49,109,103,82,73,113,53,37" hai1="100,55,125,0,72,77,102,91,79,135,58,41,39" hai2="32,112,131,40,54,127,81,108,70,71,86,68,56" hai3=""/><T34/><D113/><U66/><E0/><V93/><F112/><T101/><D118/><U130/><E135/><V89/><F32/><T48/><D3/><U65/><E130/><V62/><F131/><T78/><D34/><U47/><E125/><V104/><F108/><N who="0" m="41546" /><D37/><U63/><E91/><V80/><F127/><T75/><D73/><U43/><E43/><V51/><F104/><T38/><D38/><U46/><E46/><V59/><REACH who="2" step="1"/><F40/><REACH who="2" ten="379,321,340,0" step="2"/><T87/><D75/><U107/><E107/><V92/><F92/><T35/><D35/><U117/><E117/><V119/><F119/><T110/><D110/><U106/><E106/><V105/><F105/><T126/><D126/><U94/><E72/><V121/><N who="2" m="31008" /><V85/><F85/><T115/><D115/><U132/><E132/><V44/><F44/><T120/><N who="0" m="30752" /><T97/><D87/><U99/><E100/><V88/><F88/><T90/><D103/><U64/><AGARI ba="1,1" hai="39,41,47,55,58,63,64,65,66,77,79,94,99,102" machi="64" ten="30,800,0" yaku="0,1" doraHai="134" who="1" fromWho="1" sc="379,-6,321,20,340,-4,0,0" /><INIT seed="1,0,0,1,4,111" ten="373,341,336,0" oya="1" hai0="125,102,70,45,49,1,33,95,113,62,80,107,110" hai1="135,78,100,38,37,34,32,82,131,40,98,60,123" hai2="112,128,85,47,43,86,87,39,109,63,66,101,61" hai3=""/><U94/><N who="1" m="31520" /><U55/><E135/><V41/><F109/><T2/><D110/><U58/><E131/><V42/><F128/><T129/><D129/><U81/><E81/><V96/><F63/><T64/><D33/><U119/><E119/><V89/><F89/><T97/><D125/><U116/><E116/><V44/><F112/><T84/><D107/><U132/><E132/><V115/><F115/><T83/><D113/><U124/><E124/><V36/><F43/><T53/><D83/><U118/><E118/><V52/><F52/><T35/><D35/><U134/><E134/><V68/><REACH who="2" step="1"/><F85/><REACH who="2" ten="373,341,326,0" step="2"/><T103/><D102/><U130/><E130/><V127/><F127/><T67/><D64/><U76/><E32/><V65/><F65/><T92/><D67/><U90/><E34/><V104/><AGARI ba="0,1" hai="36,39,41,42,44,47,61,66,68,86,87,96,101,104" machi="104" ten="20,3900,0" yaku="1,1,0,1,7,1,9,1,53,0" doraHai="111" doraHaiUra="51" who="2" fromWho="2" sc="373,-13,341,-26,326,49,0,0" /><INIT seed="2,0,0,3,5,131" ten="360,315,375,0" oya="2" hai0="96,83,0,99,36,118,122,50,112,115,85,42,56" hai1="74,117,65,86,129,49,76,45,98,120,133,119,37" hai2="104,34,105,90,121,81,93,79,95,48,111,124,101" hai3=""/><V108/><N who="2" m="31008" /><V78/><F34/><T33/><N who="0" m="31264" /><T61/><D118/><N who="1" m="45067" /><E129/><V41/><F124/><T123/><N who="0" m="31520" /><T132/><D33/><U114/><N who="1" m="30752" /><U53/><E114/><V32/><F32/><T62/><D0/><U58/><E98/><V82/><F48/><T44/><D36/><U80/><E133/><V103/><F41/><T130/><D130/><U63/><E37/><V64/><F64/><T57/><D132/><U3/><E74/><V92/><F92/><T102/><D115/><U110/><E110/><V134/><F134/><T77/><D102/><U43/><E3/><V126/><F126/><T71/><D71/><U46/><E43/><V109/><F109/><T91/><D112/><U89/><E76/><V116/><F116/><T40/><D40/><U94/><E94/><V128/><F128/><T39/><D39/><U88/><E89/><AGARI ba="0,0" hai="78,79,81,82,89,90,93,95,101,103,104,105,108,111" m="31008" machi="89" ten="25,18000,2" yaku="22,2,34,3,52,1" doraHai="131" who="2" fromWho="1" sc="360,0,315,-180,375,180,0,0" /><INIT seed="2,1,0,3,0,107" ten="360,135,555,0" oya="2" hai0="38,74,108,133,59,122,37,3,130,101,111,110,58" hai1="106,2,121,103,40,73,96,53,75,76,109,51,95" hai2="112,46,98,33,72,91,71,69,66,41,62,132,43" hai3=""/><V114/><F33/><T1/><N who="0" m="31264" /><T127/><D133/><U80/><N who="1" m="31008" /><U129/><E2/><V113/><F132/><T131/><D101/><U68/><E129/><N who="0" m="49161" /><D127/><U120/><N who="1" m="30752" /><U88/><E109/><V39/><F72/><T42/><D74/><U94/><E68/><V45/><F91/><T63/><D1/><U61/><E61/><V54/><F98/><T115/><D3/><U47/><E73/><V67/><F54/><T55/><D115/><U118/><E118/><V79/><F79/><T125/><D125/><U77/><E77/><V90/><F90/><T44/><D59/><U52/><E94/><V50/><F67/><T119/><D119/><U104/><E106/><V36/><F69/><T64/><D64/><U99/><AGARI ba="1,0" hai="40,47,51,52,53,75,76,80,88,95,96,99,103,104" m="30752,31008" machi="99" ten="20,9000,2" yaku="0,1,7,1,52,3,54,2" doraHai="107" who="1" fromWho="1" sc="360,-31,135,92,555,-61,0,0" /><INIT seed="4,0,0,2,4,76" ten="329,227,494,0" oya="0" hai0="101,105,126,89,86,37,107,51,57,124,56,47,103" hai1="62,53,104,82,35,59,55,45,120,63,97,114,79" hai2="84,70,41,54,100,113,111,127,106,110,81,74,66" hai3=""/><T130/><D37/><U131/><N who="1" m="30752" /><U49/><E35/><V40/><F113/><T80/><D130/><U122/><N who="1" m="31264" /><U32/><E32/><V102/><F127/><N who="0" m="48682" /><D57/><U98/><E131/><V58/><F74/><T39/><D39/><U43/><E114/><V50/><F110/><T109/><D56/><U48/><E104/><N who="0" m="40009" /><D109/><U46/><REACH who="1" step="1"/><E62/><REACH who="1" ten="329,217,494,0" step="2"/><V125/><F125/><T75/><D75/><AGARI ba="0,1" hai="43,45,46,48,49,53,55,59,63,75,79,82,97,98" m="31264,30752" machi="75" ten="30,12000,2" yaku="1,1,2,1,7,1,52,3,53,1" doraHai="76" doraHaiUra="52" who="1" fromWho="0" sc="329,-120,217,130,494,0,0,0" /><INIT seed="5,0,0,1,4,106" ten="209,347,494,0" oya="1" hai0="130,118,85,49,131,3,34,46,41,76,127,121,117" hai1="96,93,122,48,101,100,114,87,56,75,64,109,55" hai2="53,51,102,43,113,123,134,80,74,66,128,78,129" hai3=""/><U107/><N who="1" m="31264" /><U103/><E109/><V77/><N who="2" m="31520" /><V105/><F134/><T62/><N who="0" m="31008" /><T92/><D3/><U32/><E32/><V70/><F113/><T112/><D34/><U69/><E114/><V1/><F1/><T91/><D112/><U135/><E135/><V88/><F43/><T79/><D127/><U71/><E75/><V52/><F78/><T108/><D108/><U33/><E33/><V39/><F39/><T0/><D0/><U65/><E87/><V82/><F66/><T47/><D62/><U73/><E73/><V54/><F70/><T42/><D79/><U133/><E133/><V38/><F38/><T84/><D76/><U40/><E40/><V116/><F116/><T86/><D84/><U99/><REACH who="1" step="1"/><E101/><REACH who="1" ten="209,337,494,0" step="2"/><V44/><F102/><T125/><D85/><U124/><E124/><V115/><F115/><T61/><D125/><U110/><E110/><V119/><F74/><T37/><REACH who="0" step="1"/><D61/><REACH who="0" ten="199,337,494,0" step="2"/><U104/><E104/><V59/><F105/><T90/><D90/><U2/><E2/><V132/><F88/><T50/><D50/><U60/><E60/><V35/><F35/><T98/><D98/><U36/><E36/><V97/><F97/><T89/><D89/><U95/><E95/><RYUUKYOKU ba="0,2" sc="199,10,337,10,494,-20,0,0" hai0="37,41,42,46,47,49,86,91,92,117,118,130,131" hai1="48,55,56,64,65,69,71,93,96,99,100,103,107" /><INIT seed="5,1,2,3,0,39" ten="209,347,474,0" oya="1" hai0="59,82,51,125,65,56,102,52,75,105,78,35,74" hai1="43,72,117,115,100,79,108,113,67,97,70,123,89" hai2="62,66,77,42,84,53,92,90,34,45,124,95,118" hai3=""/><U0/><N who="1" m="31520" /><U132/><E0/><V104/><F104/><T57/><D35/><U60/><E117/><V122/><N who="2" m="31264" /><V127/><F118/><T83/><D125/><N who="2" m="48202" /><F53/><T107/><D65/><U114/><E108/><V96/><F34/><T116/><D116/><U38/><E132/><V54/><F54/><T3/><D3/><U36/><E89/><V119/><F119/><T2/><D2/><U98/><E98/><V41/><F77/><T87/><D75/><U50/><E79/><V130/><F130/><T99/><REACH who="0" step="1"/><D107/><REACH who="0" ten="199,347,474,0" step="2"/><U91/><E72/><V106/><F106/><T112/><D112/><U103/><E36/><V44/><F66/><T128/><D128/><U69/><E38/><V88/><F62/><T61/><D61/><U71/><E60/><V85/><F95/><T94/><D94/><U76/><E67/><V68/><F92/><T101/><D101/><U131/><E131/><V48/><F48/><T129/><D129/><U121/><N who="1" m="31008" /><U73/><E100/><V81/><F81/><T64/><D64/><U32/><E103/><V134/><F134/><T120/><N who="0" m="30752" /><T40/><D40/><U37/><E37/><V63/><F41/><T46/><D46/><U133/><E133/><V58/><F44/><RYUUKYOKU ba="1,3" sc="199,20,347,-10,474,-10,0,0" hai0="51,52,56,57,59,74,78,82,83,87,99,102,105" /><INIT seed="6,2,3,2,2,68" ten="219,337,464,0" oya="2" hai0="132,38,65,96,78,129,75,134,50,116,103,61,81" hai1="59,90,35,84,117,130,69,83,60,95,86,54,0" hai2="127,100,1,93,64,88,51,73,108,98,44,104,45" hai3=""/><V46/><F127/><T3/><D3/><U119/><E130/><V56/><F73/><T120/><N who="0" m="30752" /><T72/><D129/><U118/><E0/><V122/><N who="2" m="31264" /><V41/><F1/><T66/><D116/><U87/><E35/><V80/><F108/><T89/><D75/><U85/><REACH who="1" step="1"/><E69/><REACH who="1" ten="219,327,464,0" step="2"/><V36/><F44/><T91/><D38/><U121/><N who="1" m="31008" /><U32/><E32/><V48/><F45/><T110/><D110/><U37/><E37/><V107/><F36/><T125/><D125/><U109/><E109/><V114/><F56/><T113/><D113/><U82/><AGARI ba="2,4" hai="54,59,60,82,83,84,85,86,87,90,95,117,118,119" m="31008" machi="82" ten="40,6000,1" yaku="1,1,0,1,12,1,52,1,53,0" doraHai="68" doraHaiUra="34" who="1" fromWho="1" sc="219,-22,327,104,464,-42,0,0" owari="197,-40.0,431,38.0,422,2.0,0,0.0" /></mjloggm>