<mjloggm ver="2.3"><GO type="169" lobby="0"/><UN n0="%41%53%41%4B%41%57%41" n1="%41%6D%61%79%62%65" n2="%E3%82%BF%E3%83%9E%E3%83%8D%E3%82%AE" n3="%E7%8C%BF%2D%53%61%72%75%2D" dan="16,16,17,17" rate="2152.49,2074.24,2126.32,2254.19" sx="M,M,M,M"/><TAIKYOKU oya="0"/><INIT seed="0,0,0,1,4,9" ten="250,250,250,250" oya="0" hai0="10,66,127,84,65,70,58,89,120,76,107,54,29" hai1="115,130,92,129,4,69,135,117,111,68,45,101,109" hai2="33,96,37,61,75,55,80,105,64,7,77,24,17" hai3="51,116,20,90,6,16,110,40,103,21,42,23,36"/><T49/><D120/><U1/><E117/><V46/><F7/><W32/><G32/><T74/><D127/><U132/><E45/><V87/><F105/><W31/><G31/><T124/><D124/><U121/><E121/><V62/><F96/><W113/><G6/><T43/><D107/><U41/><E41/><V22/><F33/><W39/><G103/><T53/><D29/><U26/><E26/><V99/><F99/><W57/><G113/><T50/><D70/><N who="1" m="27243" /><E92/><V82/><F64/><N who="0" m="24682" /><D74/><U19/><E19/><V119/><F119/><W81/><G110/><N who="1" m="41994" /><E101/><V106/><F106/><W14/><G39/><T88/><D10/><N who="1" m="2319" /><E115/><V71/><F71/><W85/><G116/><T134/><D43/><N who="3" m="16425" /><G36/><T95/><D134/><AGARI ba="0,0" hai="129,130,132,134,135" m="2319,41994,27243" machi="134" ten="40,5200,0" yaku="20,1,14,1,23,1" doraHai="9" who="1" fromWho="0" sc="250,-52,250,52,250,0,250,0" /><INIT seed="1,0,0,4,4,63" ten="198,302,250,250" oya="1" hai0="84,114,107,101,66,134,59,31,130,5,133,3,94" hai1="13,82,26,88,103,37,126,109,120,124,17,100,27" hai2="69,24,58,90,11,116,99,67,87,41,79,85,78" hai3="47,111,132,65,56,129,77,96,117,104,21,53,71"/><U9/><E37/><V29/><F69/><W35/><G35/><T2/><D114/><U28/><E120/><V7/><F116/><W75/><G111/><T92/><D5/><U105/><E109/><V4/><F41/><W0/><G0/><N who="0" m="43" /><D31/><U113/><E113/><V106/><F99/><W83/><G132/><N who="0" m="50795" /><D130/><U121/><E121/><V16/><F106/><W34/><G34/><T19/><D19/><U127/><E105/><V118/><F29/><W55/><G47/><T60/><D84/><N who="2" m="32330" /><F90/><W93/><G71/><T33/><D33/><N who="1" m="20639" /><E26/><V122/><F118/><W6/><G6/><N who="2" m="2089" /><F122/><W115/><G115/><T40/><D40/><U1/><E1/><V8/><F8/><W68/><G68/><T42/><D42/><U89/><E82/><V125/><F125/><W119/><G119/><T98/><AGARI ba="0,0" hai="59,60,66,92,94,98,101,107" m="50795,43" machi="98" ten="40,2700,0" yaku="20,1,52,1" doraHai="63" who="0" fromWho="0" sc="198,27,302,-13,250,-7,250,-7" /><INIT seed="2,0,0,0,4,4" ten="225,289,243,243" oya="2" hai0="114,88,25,106,121,79,41,7,108,82,33,119,91" hai1="6,123,135,2,125,122,47,56,65,134,15,3,112" hai2="120,31,69,29,20,66,109,26,98,90,23,11,48" hai3="85,80,58,19,14,115,87,75,84,74,17,81,57"/><V21/><F120/><N who="1" m="46121" /><E47/><V59/><F69/><W8/><G115/><T51/><D114/><U52/><E65/><V131/><F131/><W92/><G92/><T78/><D119/><U63/><E112/><V96/><F109/><W100/><G100/><T93/><D106/><U103/><E103/><V133/><F133/><N who="1" m="50697" /><E125/><V86/><F11/><AGARI ba="0,0" hai="2,3,6,11,15,52,56,63" m="50697,46121" machi="11" ten="30,7700,0" yaku="13,1,20,1,52,1,54,1" doraHai="4" who="1" fromWho="2" sc="225,0,289,77,243,-77,243,0" /><INIT seed="3,0,0,2,0,30" ten="225,366,166,243" oya="3" hai0="128,2,18,116,21,77,58,32,99,104,23,34,15" hai1="16,68,63,28,97,22,49,75,5,1,78,72,100" hai2="85,25,70,84,7,54,24,110,92,74,55,37,62" hai3="107,46,50,98,65,41,113,82,47,133,10,11,44"/><W8/><G113/><T121/><D77/><U90/><E28/><V123/><F74/><W96/><G133/><T26/><D104/><U86/><E1/><V17/><F37/><W48/><G107/><T57/><D116/><U14/><E5/><V118/><F118/><W39/><G65/><T79/><D121/><U114/><E114/><V66/><F123/><W69/><G69/><T36/><D36/><U35/><E35/><N who="0" m="13353" /><D58/><U88/><E49/><V109/><F7/><W27/><G27/><N who="2" m="10313" /><F17/><W83/><G39/><T53/><D79/><U135/><E135/><V6/><F6/><W19/><G19/><N who="0" m="10495" /><D53/><N who="2" m="19978" /><F92/><W61/><G61/><T38/><D57/><U42/><E63/><V73/><F73/><W115/><G115/><T43/><D2/><U33/><E68/><V117/><F117/><W60/><G60/><T106/><D106/><U52/><E52/><V81/><F81/><N who="3" m="30731" /><G41/><T102/><D43/><U71/><E42/><V130/><F62/><W122/><G122/><T59/><D38/><U67/><E71/><V127/><F70/><W94/><G94/><T134/><D59/><U76/><E72/><V108/><F66/><W119/><G119/><T120/><D120/><U80/><E75/><V9/><F109/><W45/><G45/><T0/><D0/><U93/><E67/><V64/><F64/><W126/><G126/><T20/><D134/><U31/><E78/><V132/><F127/><W87/><G87/><N who="2" m="33353" /><F132/><W56/><G56/><T12/><D26/><U129/><E76/><V51/><F108/><W125/><G125/><T3/><D3/><U91/><E86/><RYUUKYOKU ba="0,0" sc="225,-10,366,-10,166,-10,243,30" hai3="8,10,11,44,46,47,48,50,96,98" /><INIT seed="3,1,0,1,0,39" ten="215,356,156,273" oya="3" hai0="63,120,92,97,110,36,51,49,24,29,60,19,37" hai1="23,74,25,14,55,42,77,30,10,118,83,94,38" hai2="124,66,35,87,107,59,100,75,71,129,81,12,15" hai3="7,1,111,70,62,46,105,69,89,48,26,125,104"/><W98/><G125/><T44/><D120/><U106/><E118/><V47/><F124/><W93/><G111/><T121/><D110/><U6/><E106/><V32/><F71/><W113/><G113/><T114/><D114/><U134/><E134/><V27/><F75/><W33/><G1/><T9/><D121/><U17/><E94/><V73/><F73/><W50/><G7/><T4/><D19/><U86/><E55/><V52/><F129/><W128/><G48/><T96/><D49/><U109/><E109/><V126/><F66/><W2/><G2/><T88/><D37/><U18/><REACH who="1" step="1"/><E74/><REACH who="1" ten="215,346,156,273" step="2"/><V80/><F107/><W82/><G104/><T132/><D132/><U108/><E108/><V3/><F52/><W117/><G105/><T67/><D97/><U11/><E11/><V57/><F126/><W112/><G117/><T72/><D72/><U0/><E0/><V64/><F3/><W5/><G112/><T91/><D9/><U45/><AGARI ba="1,1" hai="6,10,14,17,18,23,25,30,38,42,45,77,83,86" machi="45" ten="30,4000,0" yaku="1,1,0,1,52,1,53,0" doraHai="39" doraHaiUra="116" who="1" fromWho="1" sc="215,-11,346,53,156,-11,273,-21" /><INIT seed="4,0,0,2,2,63" ten="204,399,145,252" oya="0" hai0="82,51,85,40,129,33,37,53,120,112,56,64,130" hai1="60,78,80,52,69,12,123,8,59,0,20,22,42" hai2="121,81,44,36,19,72,11,74,50,6,95,32,109" hai3="90,45,131,75,93,39,66,125,114,7,67,30,91"/><T94/><D33/><U4/><E123/><V48/><F121/><W99/><G75/><T111/><D120/><U18/><E42/><V73/><F109/><W70/><G70/><T10/><D111/><U96/><E96/><V101/><F32/><W102/><G114/><T103/><D112/><U57/><E69/><V104/><F104/><W71/><G71/><T105/><D105/><U113/><E113/><V54/><F36/><W34/><G7/><T13/><D94/><U28/><E59/><V116/><F116/><W76/><G76/><T15/><D103/><U84/><REACH who="1" step="1"/><E28/><REACH who="1" ten="204,389,145,252" step="2"/><V61/><F44/><W5/><G30/><T87/><D40/><U24/><E24/><V86/><F101/><W14/><G45/><T26/><D26/><U106/><E106/><V79/><F73/><W1/><G99/><T132/><D132/><U16/><E16/><V77/><F19/><W9/><G102/><T83/><D37/><U115/><E115/><V98/><F72/><W58/><G58/><T100/><D100/><U65/><E65/><V122/><F74/><W43/><G66/><T92/><D64/><U124/><E124/><V134/><F134/><W135/><G67/><T3/><D87/><U21/><AGARI ba="0,1" hai="0,4,8,12,18,20,21,22,52,57,60,78,80,84" machi="21" ten="20,8000,1" yaku="1,1,0,1,7,1,54,1,53,1" doraHai="63" doraHaiUra="35" who="1" fromWho="1" sc="204,-40,389,90,145,-20,252,-20" /><INIT seed="5,0,0,5,1,46" ten="164,479,125,232" oya="1" hai0="101,134,57,76,10,130,100,80,135,96,63,0,45" hai1="71,31,132,115,34,65,28,81,99,51,11,131,29" hai2="5,15,128,103,110,60,48,84,69,18,113,75,112" hai3="55,62,127,114,20,54,124,74,111,116,2,123,52"/><U104/><E115/><N who="2" m="44107" /><F75/><W61/><G114/><T107/><D101/><U3/><E81/><V64/><F110/><W126/><G111/><T27/><D130/><U94/><E104/><V13/><F128/><W105/><G105/><T1/><D45/><U26/><E71/><V7/><F103/><W49/><G2/><T118/><D118/><U6/><E65/><V36/><F36/><W108/><G108/><T121/><D121/><U33/><E132/><N who="0" m="50729" /><D27/><U89/><E34/><V47/><F84/><W43/><G74/><N who="0" m="43031" /><D10/><U44/><REACH who="1" step="1"/><E131/><REACH who="1" ten="164,469,125,232" step="2"/><V37/><F37/><W85/><G126/><T50/><D63/><U79/><E79/><V88/><F60/><W77/><G124/><T21/><D107/><U122/><E122/><V9/><F64/><W72/><G127/><T73/><D100/><U106/><E106/><V42/><F69/><W35/><G35/><T93/><D73/><U98/><E98/><V67/><F67/><W120/><G72/><T25/><D96/><U70/><E70/><V87/><F13/><W58/><G120/><T82/><D82/><AGARI ba="0,1" hai="5,7,9,15,18,42,47,48,82,87,88" m="44107" machi="82" ten="30,7700,0" yaku="15,1,11,1,52,1,54,1" doraHai="46" who="2" fromWho="0" sc="164,-77,469,0,125,87,232,0" /><INIT seed="6,0,0,4,2,131" ten="87,469,212,232" oya="2" hai0="118,9,6,112,4,42,39,60,67,11,33,103,8" hai1="106,44,123,126,53,22,61,80,100,124,121,102,85" hai2="89,75,19,94,0,82,62,133,114,46,110,91,12" hai3="17,64,56,20,32,63,15,10,127,119,28,3,130"/><V55/><F0/><W81/><G130/><T109/><D109/><U135/><E135/><V2/><F2/><W88/><G127/><N who="1" m="48682" /><E22/><V5/><F110/><W76/><G119/><T21/><D33/><U117/><E117/><V49/><F114/><W84/><G32/><T41/><D118/><U52/><E53/><V134/><F5/><W129/><G129/><T7/><D112/><U27/><E27/><V69/><F69/><W38/><G38/><T50/><D39/><U43/><E43/><V98/><F62/><W45/><G45/><T18/><D103/><N who="1" m="39467" /><E106/><V47/><F47/><W90/><G3/><T24/><REACH who="0" step="1"/><D50/><REACH who="0" ten="77,469,212,232" step="2"/><N who="1" m="28743" /><E61/><V25/><F49/><W71/><G71/><AGARI ba="0,1" hai="4,6,7,8,9,11,18,21,24,41,42,60,67,71" machi="71" ten="40,2600,0" yaku="1,1,53,1" doraHai="131" doraHaiUra="57" who="0" fromWho="3" sc="77,36,469,0,212,0,232,-26" /><INIT seed="7,0,0,4,1,6" ten="113,469,212,206" oya="3" hai0="82,126,93,73,122,25,24,81,34,50,56,125,111" hai1="49,8,10,71,131,39,96,75,43,21,65,80,108" hai2="113,132,101,119,109,78,16,69,89,23,67,105,128" hai3="77,59,0,13,130,114,135,42,86,87,22,99,33"/><W5/><G33/><T45/><D122/><U68/><E39/><V17/><F78/><W40/><G114/><T27/><D34/><U106/><E108/><V32/><F109/><W12/><G135/><T63/><D111/><U103/><E21/><V115/><F32/><W31/><G130/><T53/><D73/><U18/><E18/><V9/><F119/><W117/><G117/><T121/><D121/><U102/><E102/><V15/><F132/><W2/><G99/><T26/><N who="0" m="6144" /><DORA hai="64" /><T37/><D37/><U112/><E65/><V58/><F58/><W20/><G5/><T14/><D14/><U66/><E66/><V134/><F89/><W133/><G133/><T48/><D93/><U123/><E49/><V88/><F88/><W118/><G118/><T116/><D116/><U129/><E43/><V47/><F128/><W30/><G77/><T110/><D110/><U29/><E29/><V41/><F134/><W84/><G84/><T74/><D74/><U1/><E1/><V38/><F105/><W28/><G28/><T55/><REACH who="0" step="1"/><D48/><REACH who="0" ten="103,469,212,206" step="2"/><U94/><E75/><V90/><F38/><W120/><G120/><T124/><AGARI ba="0,1" hai="45,50,53,55,56,63,81,82,124,125,126" m="6144" machi="124" ten="50,12000,2" yaku="1,1,2,1,0,1,18,1,53,2" doraHai="6,64" doraHaiUra="51,100" who="0" fromWho="0" sc="103,130,469,-30,212,-30,206,-60" owari="233,3.0,439,54.0,182,-22.0,146,-35.0" /></mjloggm>