<mjloggm ver="2.3"><GO type="169" lobby="0"/><UN n0="%E2%99%AF%E3%81%BF%E3%82%84%E2%99%AF" n1="%E3%81%BF%E3%82%84%E3%81%B3%40%E6%9D%B1%E9%A2%A8" n2="%E3%81%A1%E3%81%A3%E3%81%93%E3%82%8C%40" n3="%E3%81%AC%E3%81%8F%E3%82%82%E3%82%8A" dan="18,16,16,17" rate="2259.76,2113.59,2105.63,2170.41" sx="M,M,M,M"/><TAIKYOKU oya="0"/><INIT seed="0,0,0,0,1,114" ten="250,250,250,250" oya="0" hai0="84,12,102,30,89,128,76,47,118,106,59,131,87" hai1="27,123,4,92,57,61,91,82,75,53,99,105,9" hai2="21,31,39,125,119,130,85,55,18,104,107,68,43" hai3="111,134,126,40,72,15,94,58,36,20,29,124,116"/><T95/><D30/><U10/><E123/><V112/><F112/><W52/><G72/><T98/><D47/><U2/><E10/><V60/><F125/><N who="3" m="48235" /><G111/><T37/><D37/><U69/><E105/><V115/><F115/><W79/><G79/><T93/><D59/><U54/><E69/><V120/><F130/><N who="0" m="49706" /><D12/><U50/><E27/><V17/><F31/><W70/><G134/><T110/><D110/><U26/><E26/><V1/><F1/><W34/><G34/><T103/><D103/><U44/><E75/><V14/><F43/><W7/><G29/><T63/><D63/><U5/><E82/><V90/><F39/><W56/><G70/><T132/><D132/><U49/><E4/><V6/><F6/><W78/><G40/><T86/><D118/><U81/><E81/><V127/><F68/><W42/><G116/><T19/><D19/><U35/><E35/><V96/><F119/><W88/><G42/><T109/><D109/><U65/><E50/><V11/><F127/><W0/><G36/><T77/><D106/><U45/><E45/><V67/><F107/><W13/><G58/><T28/><D28/><U83/><E2/><V38/><F104/><W101/><G101/><T73/><D73/><U64/><E5/><V33/><F38/><W32/><G0/><T135/><D135/><U74/><E9/><V24/><F33/><W8/><G15/><T100/><D100/><U133/><E133/><V80/><F67/><W108/><G108/><T41/><D41/><U71/><E71/><V46/><F11/><N who="3" m="4351" /><G32/><T3/><D3/><U62/><E62/><RYUUKYOKU ba="0,0" sc="250,15,250,15,250,-15,250,-15" hai0="76,77,84,86,87,89,93,95,98,102" hai1="44,49,53,54,57,61,64,65,74,83,91,92,99" /><INIT seed="0,1,0,3,1,64" ten="265,265,235,235" oya="0" hai0="87,0,103,19,122,117,85,86,65,107,82,30,76" hai1="13,18,119,49,60,73,109,127,128,90,40,71,116" hai2="126,34,28,50,72,130,58,15,32,33,48,105,53" hai3="39,106,123,99,108,129,104,8,66,135,68,69,132"/><T11/><D122/><U100/><E109/><V97/><F72/><W63/><G108/><T55/><D117/><U47/><E128/><V78/><F130/><W134/><G129/><T20/><D107/><N who="3" m="41001" /><G123/><T29/><D103/><U27/><E127/><V92/><F105/><W7/><G99/><T115/><D115/><U96/><E73/><V45/><F126/><W91/><G91/><T10/><D65/><U98/><E98/><V17/><F78/><W46/><G46/><T12/><D55/><U26/><E100/><V14/><F28/><N who="0" m="10858" /><D0/><U80/><E119/><V62/><F17/><W131/><G39/><T93/><D93/><U43/><E116/><V51/><REACH who="2" step="1"/><F45/><REACH who="2" ten="265,265,225,235" step="2"/><W101/><G131/><T4/><D4/><U22/><E43/><V25/><F25/><W67/><G7/><T114/><D114/><U5/><E5/><V110/><F110/><W84/><G134/><T70/><D76/><U36/><E36/><V35/><N who="2" m="8192" /><DORA hai="83" /><V21/><F21/><W124/><G124/><T57/><D82/><U24/><E24/><V113/><F113/><W95/><G135/><T56/><D70/><U41/><E27/><V16/><F16/><W59/><G132/><T125/><D125/><U102/><E26/><V37/><F37/><W23/><G23/><T74/><D74/><U2/><E22/><V61/><F61/><N who="3" m="38207" /><G69/><T31/><D31/><U88/><E71/><V9/><F9/><AGARI ba="1,1" hai="9,10,11,12,19,20,56,57,85,86,87" m="10858" machi="9" ten="30,11600,0" yaku="8,1,52,3" doraHai="64,83" who="0" fromWho="2" sc="265,129,265,0,225,-119,235,0" /><INIT seed="0,2,0,5,0,116" ten="394,265,106,235" oya="0" hai0="130,112,95,22,20,102,43,114,17,79,1,75,77" hai1="120,98,44,57,63,3,86,133,64,118,6,135,51" hai2="80,48,37,65,89,12,47,76,78,19,85,32,94" hai3="126,87,68,11,36,35,128,58,82,21,71,46,92"/><T73/><D1/><U2/><E118/><V117/><F117/><W41/><G35/><T24/><D130/><U31/><E6/><V39/><F32/><W9/><G128/><T54/><D43/><U0/><E31/><V69/><F65/><W88/><G126/><T40/><D40/><U99/><E86/><V115/><F69/><W23/><G71/><T66/><D66/><U93/><E120/><V53/><F115/><W121/><G68/><T100/><D54/><U122/><E122/><V119/><F119/><W104/><G104/><T84/><D84/><U72/><E72/><V38/><REACH who="2" step="1"/><F94/><REACH who="2" ten="394,265,96,235" step="2"/><W15/><G92/><T5/><D95/><U18/><E93/><V4/><F4/><W8/><G121/><T59/><D5/><U34/><E34/><V29/><F29/><W42/><G42/><T60/><D112/><U105/><E18/><V110/><F110/><W97/><G97/><T14/><D114/><U90/><E105/><V28/><F28/><W16/><REACH who="3" step="1"/><G58/><REACH who="3" ten="394,265,96,225" step="2"/><T55/><D59/><U27/><E99/><V113/><F113/><W33/><G33/><T7/><D100/><U74/><E98/><V26/><F26/><W49/><G49/><T52/><D102/><U103/><E27/><V81/><F81/><W106/><G106/><T67/><D24/><U83/><E103/><V108/><F108/><W61/><G61/><T107/><D60/><U50/><E50/><V129/><F129/><W25/><G25/><T62/><D62/><U45/><E51/><V132/><F132/><N who="1" m="50761" /><E90/><V109/><F109/><W124/><G124/><T30/><D107/><RYUUKYOKU ba="2,2" sc="394,-30,265,10,96,10,225,10" hai1="0,2,3,44,45,57,63,64,74,83" hai2="12,19,37,38,39,47,48,53,76,78,80,85,89" hai3="8,9,11,15,16,21,23,36,41,46,82,87,88" /><INIT seed="1,3,2,2,2,111" ten="364,275,106,235" oya="1" hai0="26,121,104,57,78,28,15,20,135,39,81,131,23" hai1="132,45,9,41,103,1,119,127,123,102,69,24,128" hai2="84,67,3,120,98,48,38,27,112,50,115,76,82" hai3="106,49,73,122,36,116,55,17,40,53,7,32,133"/><U91/><E119/><V107/><F38/><W31/><G122/><T42/><D121/><U83/><E123/><V79/><F120/><W62/><G73/><T13/><D104/><U72/><E91/><V35/><F3/><W101/><G7/><T63/><D131/><U99/><E24/><V75/><F67/><W22/><G32/><T37/><D135/><U93/><E128/><V0/><F0/><W59/><G31/><T6/><D42/><U134/><E103/><N who="2" m="62967" /><F76/><W65/><G133/><T14/><D6/><N who="1" m="1231" /><E127/><V87/><F87/><W16/><G116/><T113/><D23/><U97/><E97/><V5/><F5/><W126/><G126/><T60/><D60/><U85/><E85/><V68/><F68/><N who="3" m="42039" /><G53/><T46/><D39/><N who="1" m="21695" /><E69/><V108/><F108/><W33/><G33/><T8/><D37/><U125/><E125/><V47/><F47/><N who="3" m="23943" /><G22/><T109/><D109/><U96/><E96/><AGARI ba="3,2" hai="16,17,49,55,59,96,101,106" m="23943,42039" machi="96" ten="30,2000,0" yaku="24,1,54,1" doraHai="111" who="3" fromWho="1" sc="364,0,275,-29,106,0,235,49" /><INIT seed="2,0,0,4,1,18" ten="364,246,106,284" oya="2" hai0="62,123,90,40,2,85,59,3,94,26,108,23,33" hai1="4,73,97,88,87,51,91,98,31,17,74,121,12" hai2="1,16,125,37,50,66,22,76,42,115,11,54,6" hai3="104,101,77,7,89,30,100,119,106,13,20,131,32"/><V8/><F115/><W45/><G119/><T27/><D108/><U38/><E38/><V28/><F125/><W68/><G68/><T124/><D124/><U111/><E111/><V107/><F107/><W114/><G77/><T99/><D123/><U69/><E121/><V63/><F76/><W113/><G131/><T34/><D40/><U53/><E69/><V79/><F79/><W5/><G32/><T81/><D33/><U116/><E116/><V46/><F28/><W0/><G0/><T52/><D34/><U117/><E31/><V122/><F122/><W48/><G89/><T80/><D27/><U35/><E4/><V132/><F132/><W75/><G75/><T65/><D65/><U60/><E35/><V29/><F29/><W93/><G93/><T56/><D56/><U96/><E60/><V133/><F133/><W109/><G109/><T43/><D43/><U57/><E91/><V71/><F6/><W49/><G30/><T47/><D47/><U64/><E64/><V118/><F1/><N who="0" m="10" /><D85/><U82/><REACH who="1" step="1"/><E117/><REACH who="1" ten="364,236,106,284" step="2"/><V95/><F118/><W134/><G134/><T120/><D120/><U55/><E55/><V25/><REACH who="2" step="1"/><F95/><REACH who="2" ten="364,236,96,284" step="2"/><W110/><G5/><T58/><D94/><U112/><E112/><V130/><F130/><W83/><G7/><T92/><D92/><U15/><E15/><V19/><F19/><W10/><G13/><T14/><D14/><U24/><E24/><V126/><F126/><W127/><G127/><T135/><D135/><U129/><E129/><V105/><F105/><W70/><G104/><T102/><D26/><U67/><E67/><RYUUKYOKU ba="0,2" sc="364,-15,236,15,96,15,284,-15" hai1="12,17,51,53,57,73,74,82,87,88,96,97,98" hai2="8,11,16,22,25,37,42,46,50,54,63,66,71" /><INIT seed="2,1,2,0,3,38" ten="349,251,111,269" oya="2" hai0="119,12,7,110,76,107,93,75,94,36,44,125,26" hai1="71,83,3,59,128,86,123,79,40,32,50,65,134" hai2="13,114,99,28,55,43,14,85,122,92,22,132,16" hai3="91,118,57,126,120,101,89,108,54,81,56,42,70"/><V131/><F122/><W78/><G118/><T29/><D107/><U98/><E128/><V1/><F114/><W37/><G120/><T63/><D119/><U111/><E111/><V49/><F1/><W45/><G108/><T51/><D110/><U102/><E134/><V73/><F132/><W68/><G126/><T6/><D36/><U100/><E123/><V58/><F73/><W112/><G112/><T30/><D125/><U124/><E124/><V97/><F131/><W10/><G101/><T2/><D2/><U96/><E32/><V18/><F28/><W17/><G57/><T135/><D63/><U23/><E23/><V33/><F33/><W25/><G70/><T31/><D26/><U60/><E71/><V47/><F85/><W90/><G68/><T66/><D66/><U133/><E3/><V113/><F92/><W24/><G17/><T88/><D93/><U104/><E133/><V69/><F69/><W15/><G15/><T34/><D34/><U74/><E74/><V72/><F72/><W21/><G21/><T62/><D62/><U84/><E84/><V4/><F4/><W121/><G10/><T53/><D12/><U0/><E0/><V64/><F64/><W61/><REACH who="3" step="1"/><G121/><REACH who="3" ten="349,251,111,259" step="2"/><T77/><D135/><U52/><E102/><V35/><F113/><W103/><G103/><T130/><D130/><U5/><E100/><V11/><REACH who="2" step="1"/><F35/><REACH who="2" ten="349,251,101,259" step="2"/><W95/><G95/><T39/><D94/><U27/><E104/><V9/><F9/><W41/><G41/><T115/><D115/><U20/><E40/><V127/><F127/><W87/><AGARI ba="1,4" hai="24,25,37,42,45,54,56,61,78,81,87,89,90,91" machi="87" ten="30,7900,0" yaku="1,1,5,1,0,1,52,1,53,0" doraHai="38" doraHaiUra="106" who="3" fromWho="3" sc="349,-21,251,-21,101,-40,259,122" /><INIT seed="3,0,0,0,2,81" ten="328,230,61,381" oya="3" hai0="52,130,63,8,119,75,30,6,128,110,82,116,17" hai1="22,80,64,24,99,9,100,66,107,51,133,34,121" hai2="134,41,93,3,89,96,55,26,70,40,49,11,76" hai3="86,78,61,57,101,105,7,88,16,74,54,23,77"/><W31/><G31/><T1/><D110/><U73/><E133/><V18/><F134/><W25/><G74/><T84/><D75/><U21/><E121/><V68/><F70/><W72/><G72/><T42/><D42/><U13/><E51/><V60/><F3/><W91/><G7/><T90/><D30/><U113/><E113/><V50/><F76/><W36/><G36/><T58/><REACH who="0" step="1"/><D17/><REACH who="0" ten="318,230,61,381" step="2"/><U47/><E73/><V92/><F40/><W79/><REACH who="3" step="1"/><G86/><REACH who="3" ten="318,230,61,371" step="2"/><T53/><D53/><U109/><E109/><V67/><F55/><W129/><G129/><AGARI ba="0,2" hai="1,6,8,52,58,63,82,84,90,116,119,128,129,130" machi="129" ten="40,8000,1" yaku="1,1,19,1,52,1,54,1,53,0" doraHai="81" doraHaiUra="122" who="0" fromWho="3" sc="318,100,230,0,61,0,371,-80" /><INIT seed="4,0,0,0,1,1" ten="418,230,61,291" oya="0" hai0="120,80,93,103,46,87,39,56,22,68,79,10,110" hai1="69,123,72,19,118,41,76,17,11,101,122,113,55" hai2="92,58,2,127,70,36,34,57,49,60,86,91,121" hai3="28,31,51,25,74,61,116,95,38,83,130,81,7"/><T73/><D68/><U21/><E118/><V50/><F121/><W124/><G116/><T29/><D120/><U48/><E69/><V71/><F34/><W85/><G38/><T24/><D110/><U13/><E113/><V108/><F108/><W53/><G130/><T97/><D56/><U135/><E135/><V37/><F127/><W23/><G124/><T102/><D73/><U62/><E101/><V16/><F2/><W126/><G126/><T128/><D128/><U9/><E72/><V14/><F70/><W44/><G74/><T6/><D39/><U65/><E76/><V15/><F71/><W99/><G31/><T115/><D115/><U89/><E41/><V88/><F14/><W100/><G85/><T78/><D46/><U111/><E111/><V20/><F91/><W129/><G129/><T109/><D109/><U90/><E62/><V119/><F119/><W4/><G61/><T30/><D102/><U27/><E65/><V125/><F125/><W40/><G40/><T82/><D82/><AGARI ba="0,0" hai="4,7,23,25,28,44,51,53,81,82,83,95,99,100" machi="82" ten="40,5200,0" yaku="8,1,52,2" doraHai="1" who="3" fromWho="0" sc="418,-52,230,0,61,0,291,52" /><INIT seed="5,0,0,2,4,100" ten="366,230,61,343" oya="1" hai0="91,109,82,113,73,124,85,57,94,46,121,75,59" hai1="53,19,133,105,11,54,131,78,79,64,120,103,71" hai2="35,1,3,122,8,69,2,51,93,62,65,117,97" hai3="38,22,7,14,119,36,116,12,127,84,48,86,68"/><U135/><E120/><V20/><F117/><N who="3" m="45131" /><G68/><T87/><D109/><U66/><E71/><V126/><F122/><W134/><G48/><T74/><D121/><U101/><E11/><V27/><F126/><W60/><G60/><T112/><D46/><U4/><E19/><V98/><F35/><W52/><G52/><T13/><D13/><N who="3" m="5225" /><G22/><T67/><D67/><U32/><E32/><V89/><F51/><W115/><G7/><T26/><D26/><U9/><E9/><V43/><F43/><W107/><G115/><N who="0" m="44107" /><D124/><U45/><E45/><V44/><F44/><W23/><G23/><T77/><AGARI ba="0,0" hai="57,59,73,74,75,77,82,85,87,91,94" m="44107" machi="77" ten="40,1500,0" yaku="15,1" doraHai="100" who="0" fromWho="0" sc="366,15,230,-7,61,-4,343,-4" /><INIT seed="6,0,0,1,5,57" ten="381,223,57,339" oya="2" hai0="92,46,128,76,90,134,51,100,18,35,21,45,14" hai1="80,91,101,11,62,27,115,117,119,5,109,93,24" hai2="120,59,78,81,9,22,95,133,135,73,64,4,102" hai3="103,71,2,30,48,1,17,98,75,69,125,79,44"/><V122/><F22/><W34/><G125/><T87/><D35/><U26/><E109/><V124/><F124/><W23/><G34/><T129/><D134/><N who="2" m="51210" /><F102/><W113/><G30/><T85/><D100/><U72/><E115/><V20/><F20/><W123/><G123/><T63/><D63/><U107/><E107/><V84/><F95/><W111/><G111/><T83/><REACH who="0" step="1"/><D46/><REACH who="0" ten="371,223,57,339" step="2"/><U31/><E101/><V86/><F59/><W7/><G103/><T114/><D114/><U33/><E119/><V28/><F64/><W74/><G113/><T110/><D110/><U126/><E117/><V3/><F28/><W15/><G44/><T88/><D88/><U29/><E126/><V58/><F58/><W16/><G71/><T96/><D96/><U6/><E31/><V82/><F73/><W105/><G98/><T53/><AGARI ba="0,1" hai="14,18,21,45,51,53,76,83,85,87,90,92,128,129" machi="53" ten="30,4000,0" yaku="1,1,0,1,53,1" doraHai="57" doraHaiUra="41" who="0" fromWho="0" sc="371,50,223,-10,57,-20,339,-10" /><INIT seed="7,0,0,0,5,93" ten="421,213,37,329" oya="3" hai0="27,135,71,6,84,126,129,83,117,131,15,5,94" hai1="89,119,79,80,128,40,10,35,130,3,30,133,33" hai2="77,92,0,34,76,66,114,28,19,62,101,125,4" hai3="67,38,41,57,61,70,23,110,85,68,32,20,72"/><W14/><G72/><T36/><D117/><U17/><E89/><V56/><F114/><W90/><G32/><T39/><D126/><U103/><E103/><V21/><F125/><W115/><G115/><T121/><D121/><U31/><E40/><V124/><F124/><W18/><G110/><T78/><D135/><U48/><E48/><V82/><F34/><W42/><G38/><T122/><D122/><U116/><E80/><V1/><F4/><W63/><G23/><T132/><D132/><U50/><E50/><V65/><F28/><W13/><G13/><T102/><D27/><U7/><E79/><V109/><F109/><W9/><G9/><N who="0" m="4527" /><D71/><U64/><E64/><V108/><F108/><W29/><G29/><T69/><D69/><U74/><E74/><V86/><F66/><W53/><REACH who="3" step="1"/><G70/><REACH who="3" ten="421,213,37,319" step="2"/><T25/><D25/><U120/><E133/><V58/><F0/><W127/><G127/><T73/><D73/><U113/><E113/><V98/><F1/><W87/><G87/><T44/><D36/><U22/><E120/><V24/><F86/><W96/><G96/><N who="0" m="59671" /><D39/><U134/><E134/><V46/><F98/><W97/><G97/><T52/><D129/><N who="1" m="49771" /><E35/><V99/><F21/><W104/><G104/><T43/><D131/><U81/><E31/><V51/><F99/><W45/><G45/><T37/><D6/><U26/><E81/><AGARI ba="0,1" hai="14,18,20,41,42,53,57,61,63,67,68,81,85,90" machi="81" ten="30,5800,0" yaku="1,1,7,1,53,1" doraHai="93" doraHaiUra="54" who="3" fromWho="1" sc="421,0,213,-58,37,0,319,68" /><INIT seed="7,1,0,5,3,39" ten="421,155,37,387" oya="3" hai0="115,49,63,43,85,47,65,51,78,88,50,58,54" hai1="103,4,133,24,21,38,86,129,68,107,87,41,112" hai2="117,31,18,28,119,2,66,53,135,73,34,64,108" hai3="0,100,11,111,114,61,45,10,84,25,93,60,74"/><W42/><G74/><T36/><D115/><U6/><E112/><V22/><F108/><W82/><G114/><T69/><D78/><U90/><E129/><V130/><F130/><W3/><G111/><T40/><D40/><U132/><E68/><V12/><F135/><W29/><G3/><T121/><D121/><U80/><E107/><V81/><F53/><W44/><G44/><T55/><D55/><U79/><E103/><V134/><F134/><W131/><G131/><T105/><D105/><U71/><E71/><V116/><F81/><AGARI ba="1,0" hai="36,43,47,49,50,51,54,58,63,65,69,81,85,88" machi="81" ten="30,8000,1" yaku="7,1,24,2,52,1,54,1" doraHai="39" who="0" fromWho="2" sc="421,83,155,0,37,-83,387,0" owari="504,60.0,155,-24.0,-46,-55.0,387,19.0" /></mjloggm>