<mjloggm ver="2.3"><GO type="169" lobby="0"/><UN n0="%E5%B8%B0%E3%82%8A%E3%81%9F%E3%81%84%E3%80%82" n1="%E3%81%AD%E3%81%8D%E3%81%9B%40" n2="%E9%A3%9B%E3%81%B3%E3%81%9F%E3%81%84%E3%81%A8%E3%81%B3%E3%81%86%E3%81%8A" n3="%4D%41%43%4F%54%4F" dan="17,18,17,16" rate="2158.32,2234.80,2139.19,2091.97" sx="M,M,M,F"/><TAIKYOKU oya="0"/><INIT seed="0,0,0,2,5,44" ten="250,250,250,250" oya="0" hai0="75,49,96,132,94,28,74,135,63,103,51,99,53" hai1="23,86,78,58,64,41,106,66,87,33,19,29,37" hai2="15,105,26,17,116,69,32,4,46,77,30,40,118" hai3="52,117,20,121,10,112,110,65,126,56,72,129,85"/><T90/><D28/><U21/><E106/><V76/><F69/><W57/><G112/><T43/><D63/><U95/><E33/><V61/><F61/><W36/><G72/><T122/><D122/><U84/><E37/><V14/><F4/><W80/><G117/><T133/><D43/><U93/><E41/><V48/><F14/><W100/><G36/><T62/><D62/><N who="1" m="37975" /><E66/><V24/><F24/><W60/><G121/><T0/><D0/><U34/><E34/><V97/><F97/><W45/><G45/><T68/><D68/><U18/><E29/><V38/><F38/><W130/><G110/><T108/><D108/><U5/><E5/><V109/><F105/><W104/><G126/><T113/><D113/><U120/><E78/><V114/><F109/><W82/><G104/><T88/><D90/><U11/><E11/><V47/><F114/><W92/><G10/><T134/><N who="0" m="33792" /><DORA hai="6" /><T13/><D13/><N who="1" m="9423" /><E120/><V31/><F31/><W98/><G20/><T7/><D7/><U55/><E55/><V67/><F67/><W22/><G22/><T89/><D89/><U3/><E3/><V123/><F123/><W12/><G12/><AGARI ba="0,0" hai="12,19,23,84,86,87,93,95" m="9423,37975" machi="12" ten="30,1000,0" yaku="8,1" doraHai="44,6" who="1" fromWho="3" sc="250,0,250,10,250,0,250,-10" /><INIT seed="1,0,0,2,5,68" ten="250,260,250,240" oya="1" hai0="56,14,99,15,66,22,44,2,78,36,17,103,118" hai1="24,42,23,96,54,131,128,127,104,0,110,11,48" hai2="114,119,102,79,55,73,121,89,94,91,32,124,39" hai3="10,125,105,132,29,34,135,129,60,8,37,65,19"/><U28/><E127/><V108/><F32/><W74/><G105/><T117/><D2/><U72/><E72/><V59/><F119/><W6/><G74/><T122/><D78/><U31/><E42/><V45/><F121/><W38/><G125/><T83/><D83/><U130/><E110/><V120/><F120/><W69/><G129/><T20/><D122/><U90/><E31/><V61/><F114/><W49/><G49/><T16/><D66/><U18/><E28/><V77/><F108/><W75/><G75/><T92/><REACH who="0" step="1"/><D56/><REACH who="0" ten="240,260,250,240" step="2"/><N who="1" m="32839" /><E0/><V97/><F124/><W85/><G132/><T81/><D81/><U9/><E90/><V35/><F89/><W62/><G135/><T93/><D93/><U46/><E46/><V67/><F91/><W76/><G65/><T113/><D113/><U47/><E47/><V26/><F67/><W27/><G69/><T58/><D58/><U21/><E104/><V134/><F134/><W41/><G76/><T25/><D25/><N who="1" m="14519" /><E131/><V106/><F106/><W80/><G80/><T95/><D95/><U3/><E3/><V100/><F73/><W1/><G1/><T88/><D88/><U63/><E96/><V4/><F79/><W43/><G27/><T40/><AGARI ba="0,1" hai="14,15,16,17,20,22,36,40,44,92,99,103,117,118" machi="40" ten="30,8000,1" yaku="1,1,0,1,9,1,52,1,54,1,53,0" doraHai="68" doraHaiUra="101" who="0" fromWho="0" sc="240,90,260,-40,250,-20,240,-20" /><INIT seed="2,0,0,2,2,16" ten="330,220,230,220" oya="2" hai0="20,130,80,58,29,95,85,17,92,18,1,45,54" hai1="91,125,40,90,37,105,46,11,70,48,110,21,79" hai2="81,43,111,31,76,119,108,25,114,69,12,8,93" hai3="28,83,101,126,124,104,72,102,24,121,129,0,19"/><V44/><F114/><W33/><G121/><T100/><D1/><U34/><E34/><V94/><F119/><W14/><G0/><T74/><D74/><U120/><E120/><V38/><F69/><W73/><G129/><T5/><D5/><U60/><E105/><V47/><F47/><W118/><G118/><T131/><D45/><U35/><E35/><V57/><F57/><W3/><G3/><T15/><D29/><U67/><E125/><N who="3" m="48234" /><G83/><T109/><D109/><N who="2" m="42058" /><F12/><W87/><G87/><T117/><D117/><U7/><E110/><V132/><F8/><W62/><G62/><T116/><D116/><U86/><E37/><V68/><F68/><W133/><G133/><T23/><D100/><N who="3" m="38505" /><G104/><T128/><D80/><N who="1" m="47391" /><E91/><V26/><F132/><W77/><G77/><T52/><D85/><U64/><E90/><V30/><F81/><W88/><G88/><T97/><D97/><U27/><E60/><V39/><F39/><W53/><G53/><N who="0" m="20587" /><D58/><U41/><E41/><V59/><F59/><W6/><G6/><T89/><D89/><U82/><E82/><V113/><F76/><W13/><G13/><AGARI ba="0,0" hai="13,15,17,18,20,23,92,95,128,130,131" m="20587" machi="13" ten="30,7700,0" yaku="19,1,52,2,54,1" doraHai="16" who="0" fromWho="3" sc="330,77,220,0,230,0,220,-77" /><INIT seed="3,0,0,4,5,42" ten="407,220,230,143" oya="3" hai0="132,65,40,20,125,93,56,36,44,123,115,9,24" hai1="111,13,62,124,88,104,114,63,6,8,113,54,87" hai2="85,68,28,19,80,105,77,135,127,98,0,64,47" hai3="117,69,25,126,83,97,70,121,17,61,7,23,134"/><W81/><G117/><T52/><D123/><U72/><E72/><V128/><F0/><W49/><G121/><T102/><D125/><U101/><E111/><V50/><F127/><W38/><G38/><T84/><D132/><U78/><E124/><V48/><F135/><W71/><G126/><T66/><D115/><U95/><E78/><V112/><F112/><W46/><G134/><T29/><D9/><U110/><E110/><V45/><F28/><W2/><G61/><T109/><D109/><U108/><E108/><V5/><F5/><W129/><G129/><T41/><D41/><U43/><E43/><V122/><F122/><W21/><G97/><T90/><REACH who="0" step="1"/><D102/><REACH who="0" ten="397,220,230,143" step="2"/><U1/><E113/><V35/><F128/><W32/><G32/><T94/><D94/><U131/><E114/><V16/><F35/><W30/><G2/><T57/><D57/><U74/><E131/><V120/><F120/><W82/><G7/><T14/><D14/><U79/><E13/><V75/><F105/><W33/><REACH who="3" step="1"/><G17/><REACH who="3" ten="397,220,230,133" step="2"/><T96/><D96/><U130/><E130/><V100/><F98/><W27/><G27/><T119/><D119/><U3/><E3/><V37/><F19/><W76/><G76/><T86/><D86/><U103/><E79/><V10/><F16/><W92/><G92/><T51/><AGARI ba="0,2" hai="20,24,29,36,40,44,51,52,56,65,66,84,90,93" machi="51" ten="20,12000,2" yaku="1,1,0,1,7,1,52,1,54,1,53,1" doraHai="42" doraHaiUra="22" who="0" fromWho="0" sc="397,140,220,-30,230,-30,133,-60" /><INIT seed="4,0,0,2,3,36" ten="537,190,200,73" oya="0" hai0="67,82,128,68,54,37,20,33,60,114,58,134,51" hai1="24,124,12,17,106,83,6,98,122,3,133,131,120" hai2="78,92,28,13,62,22,73,117,79,34,42,44,61" hai3="109,108,76,100,129,63,77,118,47,81,135,27,15"/><T45/><D33/><U41/><E106/><V112/><F34/><W59/><G118/><T91/><D114/><U115/><E98/><V14/><F112/><W84/><G129/><T18/><D134/><U121/><E115/><V5/><F73/><W21/><G135/><T2/><D2/><U94/><E133/><V103/><F117/><W23/><G100/><T53/><D82/><U125/><E94/><V75/><F75/><W0/><G0/><T88/><D128/><U70/><E70/><V7/><F28/><W101/><G101/><T40/><D54/><U65/><E65/><V107/><F22/><W48/><G77/><T104/><D104/><U102/><E102/><V126/><F126/><N who="1" m="48745" /><E83/><V35/><F35/><W132/><G15/><AGARI ba="0,0" hai="15,18,20,37,40,45,51,53,58,60,67,68,88,91" machi="15" ten="30,12000,1" yaku="7,1,24,2,52,1,54,1" doraHai="36" who="0" fromWho="3" sc="537,120,190,0,200,0,73,-120" owari="657,76.0,190,-21.0,200,0.0,-47,-55.0" /></mjloggm>