<mjloggm ver="2.3"><GO type="169" lobby="0"/><UN n0="%E8%A3%8F%E3%83%89%E3%83%A9%E3%81%AF%E6%81%8B%E4%BA%BA" n1="%E6%94%BE%E9%8A%83%E7%8E%8B%EF%BC%94" n2="%E3%83%AC%E3%82%A4%E3%83%88%E3%83%B3%E5%87%86%E6%95%99%E6%8E%88" n3="%7A%65%52%6F" dan="16,17,17,17" rate="2125.85,2221.65,2147.38,2208.05" sx="F,F,M,M"/><TAIKYOKU oya="0"/><INIT seed="0,0,0,5,2,16" ten="250,250,250,250" oya="0" hai0="94,78,102,70,69,128,134,63,41,18,61,21,126" hai1="46,75,20,116,124,82,35,26,97,86,108,29,48" hai2="103,113,81,115,122,39,47,77,127,0,50,93,51" hai3="27,68,57,95,42,73,54,107,12,79,72,99,109"/><T14/><D128/><U121/><E116/><V13/><F122/><W56/><G68/><T67/><D134/><U131/><E121/><V15/><F0/><W24/><G109/><T25/><D126/><U19/><E108/><V125/><F39/><W60/><G107/><T65/><D78/><U90/><E131/><V74/><F103/><W9/><G42/><T114/><D41/><U105/><E75/><V76/><F93/><W10/><G10/><T96/><REACH who="0" step="1"/><D25/><REACH who="0" ten="240,250,250,250" step="2"/><U118/><E124/><V101/><F74/><W30/><G79/><T100/><D100/><U64/><E118/><V37/><F101/><W22/><G27/><T33/><D33/><U28/><E35/><V6/><F125/><W117/><G117/><T38/><D38/><U11/><E105/><V132/><F37/><W92/><G73/><T110/><D110/><U119/><E119/><V58/><F127/><W84/><G72/><T71/><D71/><U112/><E112/><AGARI ba="0,1" hai="14,18,21,61,63,65,67,69,70,94,96,102,112,114" machi="112" ten="40,7700,0" yaku="1,1,9,1,52,1,53,0" doraHai="16" doraHaiUra="45" who="0" fromWho="1" sc="240,87,250,-77,250,0,250,0" /><INIT seed="0,1,0,0,3,133" ten="327,173,250,250" oya="0" hai0="74,118,60,30,54,66,111,6,2,125,114,69,85" hai1="129,86,115,24,71,72,23,38,77,9,126,51,124" hai2="65,100,16,68,55,37,35,50,106,120,73,88,87" hai3="43,15,8,42,83,3,59,110,64,91,96,104,113"/><T75/><D114/><U34/><E38/><V84/><F120/><W128/><G113/><T28/><D118/><U122/><E115/><V10/><F73/><W61/><G3/><T108/><D2/><U14/><E122/><V116/><F37/><W27/><G110/><N who="0" m="42027" /><D6/><U57/><E71/><V63/><F116/><W31/><G128/><T95/><D54/><U12/><E72/><N who="0" m="27689" /><D125/><N who="1" m="48235" /><E129/><V89/><F35/><W0/><G0/><T17/><D17/><N who="1" m="12399" /><E34/><V82/><F106/><W44/><G104/><T22/><D22/><U101/><E101/><V93/><F100/><W49/><G43/><T53/><D53/><N who="1" m="31935" /><E9/><V7/><F68/><W132/><G8/><T94/><D69/><U58/><E58/><V109/><F109/><W119/><G119/><T26/><D30/><U112/><E112/><V131/><F131/><W134/><G134/><T1/><D28/><U19/><E19/><V39/><F16/><W20/><G132/><T92/><D26/><U5/><E5/><V29/><F29/><W18/><G31/><T21/><D21/><U123/><E123/><V45/><F39/><W47/><G27/><T107/><D1/><U98/><E98/><V81/><F10/><W11/><G47/><T36/><D36/><U46/><E46/><V105/><F7/><W127/><G127/><T103/><D103/><U102/><E102/><V99/><F105/><W52/><G20/><T33/><D33/><U25/><E25/><V79/><F63/><W76/><G96/><T4/><D4/><U90/><E77/><V97/><F97/><W70/><G70/><N who="0" m="42311" /><D107/><U121/><E121/><RYUUKYOKU ba="1,0" sc="327,10,173,10,250,10,250,-30" hai0="85,92,94,95" hai1="12,14,86,90" hai2="45,50,55,65,79,81,82,84,87,88,89,93,99" /><INIT seed="0,2,0,1,3,114" ten="337,183,260,220" oya="0" hai0="23,44,83,126,84,102,76,77,69,33,103,80,28" hai1="39,88,15,41,8,26,19,81,112,36,14,92,85" hai2="47,29,56,38,127,100,78,97,45,75,11,123,117" hai3="113,22,105,87,52,71,94,89,121,122,46,109,111"/><T17/><D126/><U86/><E112/><V2/><F127/><W54/><G113/><T5/><D69/><U58/><E41/><N who="2" m="22711" /><F29/><W74/><G71/><T55/><D5/><U104/><E104/><N who="2" m="63503" /><F56/><W6/><G105/><T4/><D4/><U57/><E26/><V65/><F47/><W9/><G22/><T51/><D33/><U128/><E128/><V96/><F65/><W67/><G74/><T101/><D28/><U70/><E70/><V99/><F123/><N who="3" m="47115" /><G67/><T72/><REACH who="0" step="1"/><D102/><REACH who="0" ten="327,183,260,220" step="2"/><U130/><E130/><V82/><F117/><W124/><G124/><T34/><D34/><U120/><E120/><V107/><F107/><W62/><G111/><T132/><D132/><U93/><E39/><V68/><F68/><W53/><G109/><T35/><D35/><U27/><E36/><V91/><F91/><W37/><G37/><T60/><D60/><U0/><E0/><V12/><F2/><N who="3" m="215" /><G46/><T125/><D125/><U119/><E58/><AGARI ba="2,1" hai="52,53,54,58,62,87,89,94" m="215,47115" machi="58" ten="30,2000,0" yaku="13,1,54,1" doraHai="114" who="3" fromWho="1" sc="327,0,183,-26,260,0,220,36" /><INIT seed="1,0,0,0,0,121" ten="327,157,260,256" oya="1" hai0="122,83,58,11,28,105,13,81,132,25,6,36,91" hai1="56,77,94,68,78,42,108,75,69,34,74,29,48" hai2="51,84,46,32,57,52,134,41,120,16,17,65,116" hai3="5,10,99,7,124,35,93,110,39,60,79,117,0"/><U43/><E34/><V31/><F120/><W2/><G39/><T95/><D132/><U12/><E29/><V54/><F116/><W130/><G35/><T103/><D36/><U72/><E94/><V73/><F73/><W26/><G124/><T70/><D70/><U49/><E12/><V85/><F134/><W89/><G130/><T97/><D58/><U107/><E56/><V106/><F106/><W21/><G117/><T71/><D71/><N who="1" m="27211" /><E107/><V80/><F85/><W14/><G79/><N who="1" m="30218" /><E108/><V98/><F98/><W102/><G110/><T53/><D122/><U131/><E131/><V88/><F31/><W18/><G7/><T27/><D27/><U92/><E92/><V135/><F32/><W9/><G9/><T90/><D105/><U1/><E1/><V47/><F135/><W104/><G60/><T109/><D109/><U96/><E96/><AGARI ba="0,0" hai="0,2,5,10,14,18,21,26,89,93,96,99,102,104" machi="96" ten="30,1000,0" yaku="7,1" doraHai="121" who="3" fromWho="1" sc="327,0,157,-10,260,0,256,10" /><INIT seed="2,0,0,3,2,86" ten="327,147,260,266" oya="2" hai0="132,95,10,11,115,82,81,135,18,64,7,116,83" hai1="39,14,92,56,127,3,40,13,0,91,117,49,22" hai2="26,110,55,107,121,90,118,109,85,29,48,76,125" hai3="84,79,4,61,17,106,128,51,47,15,102,25,134"/><V101/><F118/><W35/><G134/><N who="0" m="51243" /><D64/><U72/><E72/><V31/><F121/><W5/><G128/><T19/><D115/><U108/><E117/><V129/><F129/><W114/><G114/><T60/><D60/><U6/><E39/><V122/><F122/><W78/><G61/><T104/><D104/><U131/><E131/><V120/><F120/><W77/><G102/><T99/><D116/><U28/><E108/><N who="2" m="41579" /><F76/><W133/><G106/><T43/><D43/><U130/><E130/><V41/><F41/><W23/><G133/><T123/><D123/><U105/><E105/><V103/><F125/><W52/><G35/><T94/><D94/><U73/><E73/><V96/><F26/><W38/><G38/><T58/><D58/><U37/><E37/><V100/><F101/><W50/><G25/><T70/><D70/><U89/><E40/><V30/><F100/><W42/><REACH who="3" step="1"/><G84/><REACH who="3" ten="327,147,260,256" step="2"/><T9/><D7/><U113/><E113/><V69/><F69/><W1/><G1/><T111/><D111/><U62/><E6/><V71/><F71/><W24/><G24/><T36/><D36/><U97/><E3/><V20/><F103/><AGARI ba="0,1" hai="9,10,11,18,19,81,82,83,95,99,103" m="51243" machi="103" ten="40,1300,0" yaku="20,1" doraHai="86" who="0" fromWho="2" sc="327,23,147,0,260,-13,256,0" /><INIT seed="3,0,0,0,5,69" ten="350,147,247,256" oya="3" hai0="83,64,61,41,85,113,125,53,80,65,72,63,82" hai1="106,118,21,115,129,51,75,28,116,12,43,119,81" hai2="33,99,128,0,35,2,77,45,60,34,95,110,57" hai3="14,102,135,50,6,107,36,44,40,23,100,103,86"/><W105/><G135/><T127/><D41/><U1/><E115/><V126/><F110/><W71/><G71/><T54/><D113/><U67/><E106/><V134/><F134/><W30/><G86/><T13/><D13/><U32/><E1/><V74/><F126/><N who="0" m="48138" /><D85/><U122/><E67/><N who="0" m="25673" /><D72/><U87/><E122/><V17/><F128/><W94/><G94/><T98/><D98/><U76/><E129/><V37/><F17/><W46/><G6/><T22/><D22/><U62/><E32/><V4/><F4/><W104/><G14/><T26/><D26/><U84/><E62/><AGARI ba="0,0" hai="53,54,61,62,63,80,82,83" m="25673,48138" machi="62" ten="40,5200,0" yaku="28,2,18,1" doraHai="69" who="0" fromWho="1" sc="350,52,147,-52,247,0,256,0" /><INIT seed="4,0,0,4,4,101" ten="402,95,247,256" oya="0" hai0="19,99,13,50,114,5,27,25,122,14,132,21,15" hai1="30,16,9,94,37,82,79,4,53,90,83,130,38" hai2="72,120,80,74,124,41,60,102,29,126,1,67,17" hai3="66,71,121,31,28,131,125,46,89,85,34,18,2"/><T81/><D114/><U104/><E130/><V88/><F120/><W56/><G2/><T127/><D122/><U54/><E30/><V76/><F1/><W61/><G121/><T109/><D109/><U23/><E38/><V78/><F29/><W0/><G0/><T111/><D111/><U107/><E37/><V33/><F33/><W92/><G131/><T6/><D127/><N who="2" m="48682" /><F41/><W87/><G125/><T47/><D132/><U3/><E54/><V12/><F102/><W91/><G34/><T59/><D59/><U70/><E53/><V73/><F80/><W135/><G135/><T32/><D27/><U96/><E70/><N who="2" m="42343" /><F88/><W110/><G110/><T98/><D81/><U24/><E83/><V64/><F64/><W43/><G71/><T48/><D32/><U116/><E116/><V44/><F44/><W119/><G119/><T95/><D98/><U86/><AGARI ba="0,0" hai="3,4,9,16,23,24,79,82,86,90,94,96,104,107" machi="86" ten="20,8000,1" yaku="0,1,7,1,52,2,54,1" doraHai="101" who="1" fromWho="1" sc="402,-40,95,80,247,-20,256,-20" /><INIT seed="5,0,0,0,3,4" ten="362,175,227,236" oya="1" hai0="75,61,117,134,105,28,22,11,50,25,88,34,113" hai1="73,20,58,63,16,9,15,125,82,97,119,112,124" hai2="93,121,94,60,18,39,31,49,126,104,3,44,42" hai3="85,123,8,2,64,21,111,92,84,14,77,19,127"/><U87/><E119/><V65/><F121/><W26/><G111/><T53/><D75/><U79/><E112/><V32/><F126/><N who="1" m="48745" /><E97/><V48/><F104/><W17/><G127/><T115/><D134/><U120/><E120/><V129/><F3/><W23/><G123/><T33/><D61/><U103/><E103/><V116/><F129/><W70/><G70/><T29/><D105/><U132/><E132/><V57/><F116/><W12/><G64/><T51/><D117/><U6/><E73/><V101/><F18/><W0/><G77/><T55/><D22/><U30/><E30/><V36/><F36/><W76/><G76/><T107/><D107/><U135/><E135/><V43/><F43/><W7/><REACH who="3" step="1"/><G85/><REACH who="3" ten="362,175,227,226" step="2"/><T54/><D115/><U68/><E68/><V46/><F65/><W102/><G102/><T71/><D71/><U35/><E35/><V56/><F32/><W90/><AGARI ba="0,1" hai="0,2,7,8,12,14,17,19,21,23,26,84,90,92" machi="90" ten="30,4000,0" yaku="1,1,0,1,52,1,53,0" doraHai="4" doraHaiUra="100" who="3" fromWho="3" sc="362,-10,175,-20,227,-10,226,50" /><INIT seed="6,0,0,1,2,69" ten="352,155,217,276" oya="2" hai0="26,19,2,42,22,73,36,68,61,107,13,58,131" hai1="127,45,59,1,123,17,89,105,125,74,114,23,96" hai2="135,53,120,109,3,104,12,121,9,118,18,25,102" hai3="49,71,15,80,94,27,31,134,122,86,4,47,52"/><V117/><F102/><W55/><G122/><N who="2" m="47209" /><F53/><W79/><G134/><T46/><D73/><U24/><E123/><V85/><F85/><W14/><G71/><T66/><D131/><U88/><E74/><V97/><F97/><W84/><G4/><T10/><D2/><U0/><E59/><V37/><F104/><W124/><G124/><N who="1" m="47690" /><E114/><V100/><F100/><W70/><G70/><T20/><D68/><U67/><E67/><V129/><F37/><W29/><G55/><T101/><D20/><U110/><E110/><V63/><F63/><W126/><G126/><T60/><D61/><U130/><E130/><V93/><F93/><W38/><G38/><T65/><D101/><N who="1" m="62631" /><E45/><V41/><F129/><W76/><G76/><T99/><D99/><U56/><E56/><V81/><F109/><W92/><G92/><T77/><D77/><U112/><E112/><V87/><F135/><W98/><G86/><T95/><D95/><U115/><E115/><V33/><F87/><W108/><G108/><T35/><D107/><U132/><E132/><V51/><F81/><W116/><G116/><T113/><D113/><U21/><E23/><V82/><F118/><W54/><G54/><T16/><D66/><U62/><E62/><V43/><F117/><W91/><REACH who="3" step="1"/><G31/><REACH who="3" ten="352,155,217,266" step="2"/><T8/><D65/><U44/><E44/><V6/><F43/><W50/><G50/><T75/><D42/><U106/><E106/><V57/><F41/><W119/><G119/><T48/><D48/><U72/><E72/><V78/><F51/><W39/><G39/><T11/><D75/><U32/><E32/><AGARI ba="0,1" hai="14,15,27,29,32,47,49,52,79,80,84,91,94,98" machi="32" ten="30,7700,0" yaku="1,1,6,1,7,1,54,1,53,0" doraHai="69" doraHaiUra="128" who="3" fromWho="1" sc="352,0,155,-77,217,0,266,87" /><INIT seed="7,0,0,1,1,38" ten="352,78,217,353" oya="3" hai0="117,20,59,77,129,13,80,93,85,7,49,130,61" hai1="76,112,46,87,42,94,28,88,60,32,135,92,51" hai2="50,24,81,101,114,104,120,65,56,109,70,91,36" hai3="113,69,8,33,106,39,82,1,11,40,107,73,57"/><W55/><G69/><T30/><D117/><U9/><E135/><V18/><F18/><W64/><G64/><T125/><D125/><U31/><E112/><V133/><F24/><W105/><G33/><T78/><D93/><U102/><E32/><V118/><F91/><W35/><G35/><T17/><D49/><U100/><E76/><V79/><F81/><W43/><G113/><T14/><D78/><U34/><E34/><V74/><F101/><W26/><G26/><T45/><D45/><U0/><E0/><V75/><F79/><N who="3" m="44399" /><G39/><T122/><D122/><U72/><E72/><V2/><F109/><W127/><G127/><T111/><D111/><U131/><E131/><N who="0" m="50185" /><D7/><U22/><E22/><V124/><F124/><W132/><G132/><T68/><D68/><U116/><E116/><V110/><F70/><W6/><G11/><T121/><D121/><U89/><E60/><V103/><F120/><W47/><G47/><T123/><D123/><U5/><E102/><V3/><F103/><W37/><G37/><T71/><D71/><U10/><E100/><V63/><F114/><W54/><G57/><T83/><D83/><U99/><REACH who="1" step="1"/><E5/><REACH who="1" ten="352,68,217,353" step="2"/><V128/><F3/><W41/><G1/><T58/><D61/><U134/><E134/><V53/><F2/><W44/><G44/><T108/><D108/><U48/><E48/><V119/><F50/><W97/><G97/><T67/><D67/><U90/><E90/><V115/><F65/><W66/><G66/><T16/><D30/><U21/><E21/><AGARI ba="0,1" hai="13,14,16,17,20,21,58,59,77,80,85" m="50185" machi="21" ten="30,2000,0" yaku="19,1,54,1" doraHai="38" who="0" fromWho="1" sc="352,30,68,-20,217,0,353,0" owari="382,48.0,48,-45.0,217,-18.0,353,15.0" /></mjloggm>