<mjloggm ver="2.3"><GO type="169" lobby="0"/><UN n0="%6B%6F%6B%6F%72%6F%6E%69" n1="%E3%81%88%E3%81%8C%E3%82%8F%E3%82%8A%E3%81%8A" n2="%5C" n3="%E3%82%B1%E3%82%A4%E3%83%AD%E3%83%B3" dan="16,17,16,16" rate="2155.54,2202.78,2105.12,2155.49" sx="M,M,M,F"/><TAIKYOKU oya="0"/><INIT seed="0,0,0,0,3,101" ten="250,250,250,250" oya="0" hai0="17,130,11,113,37,40,117,27,112,66,90,124,122" hai1="5,8,39,79,75,45,70,134,100,68,133,56,125" hai2="109,131,95,2,84,102,86,110,19,15,67,73,33" hai3="47,41,18,38,7,77,6,55,98,64,44,65,16"/><T32/><D117/><U34/><E56/><V74/><F2/><W76/><G38/><T26/><D122/><U128/><E34/><V52/><F67/><W97/><REACH who="3" step="1"/><G55/><REACH who="3" ten="250,250,250,240" step="2"/><T3/><D37/><U106/><E39/><V121/><F121/><W120/><G120/><T51/><D113/><U103/><E133/><V60/><F131/><W35/><G35/><T28/><D112/><U29/><E134/><V104/><F33/><W49/><G49/><T13/><D130/><U4/><E128/><V10/><F52/><W111/><G111/><T105/><D51/><U20/><E125/><V1/><F110/><W94/><G94/><T85/><D124/><U87/><E70/><V23/><F109/><W135/><G135/><T123/><D123/><U99/><E68/><V116/><F116/><W92/><G92/><T88/><D66/><U115/><E115/><V93/><F95/><W9/><G9/><T0/><D40/><AGARI ba="0,1" hai="6,7,16,18,40,41,44,47,64,65,76,77,97,98" machi="40" ten="25,12000,2" yaku="1,1,22,2,8,1,54,1,53,2" doraHai="101" doraHaiUra="72" who="3" fromWho="0" sc="250,-120,250,0,250,0,240,130" /><INIT seed="1,0,0,3,4,51" ten="130,250,250,370" oya="1" hai0="31,116,37,22,26,42,5,72,44,36,135,96,85" hai1="30,9,124,78,3,103,48,111,19,95,75,86,71" hai2="1,102,58,55,121,29,118,76,18,35,24,90,43" hai3="69,98,108,104,125,130,66,21,133,87,33,34,94"/><U0/><E71/><V63/><F1/><W107/><G108/><T47/><D116/><U127/><E30/><V13/><F121/><W99/><G87/><T89/><D72/><U91/><E103/><V131/><F43/><W83/><G83/><T109/><D135/><U119/><E119/><V129/><F76/><W39/><G39/><T84/><D109/><U56/><E111/><V14/><F102/><W134/><G130/><T57/><D5/><U105/><E105/><N who="3" m="40522" /><G21/><T20/><D20/><U132/><E132/><N who="3" m="50794" /><G125/><N who="1" m="48202" /><E9/><V12/><F118/><W70/><G66/><T62/><D96/><N who="3" m="36905" /><G94/><T52/><D89/><U45/><E56/><V17/><REACH who="2" step="1"/><F90/><REACH who="2" ten="130,250,240,370" step="2"/><W82/><G82/><T15/><D15/><U74/><E78/><V59/><F59/><W122/><G122/><T101/><D101/><U92/><E92/><V97/><F97/><W8/><G8/><T80/><D80/><U110/><E110/><V54/><F54/><W120/><G120/><T27/><D27/><U16/><E3/><V77/><F77/><W73/><G73/><N who="1" m="27658" /><E0/><V67/><F67/><W4/><G4/><T65/><D65/><U28/><E95/><V68/><F68/><AGARI ba="0,1" hai="33,34,68,69,70" m="36905,50794,40522" machi="68" ten="40,5200,0" yaku="28,2,20,1" doraHai="51" who="3" fromWho="2" sc="130,0,250,0,240,-52,370,62" /><INIT seed="2,0,0,2,5,38" ten="130,250,188,432" oya="2" hai0="101,112,121,135,57,43,0,9,102,123,113,133,40" hai1="132,86,100,30,3,17,35,50,20,88,120,104,82" hai2="78,33,79,2,39,22,115,24,131,93,23,16,127" hai3="75,27,12,54,63,46,4,73,64,21,66,14,70"/><V19/><F115/><W62/><G4/><T94/><D57/><U68/><E68/><V15/><F39/><W51/><G73/><T107/><D94/><U49/><E3/><V85/><F127/><W87/><G87/><T90/><D90/><U67/><E67/><V77/><F2/><W81/><G81/><T72/><D72/><U130/><E130/><V47/><F131/><W37/><G37/><T48/><D48/><U110/><E110/><V76/><F33/><W97/><G97/><T99/><D0/><U122/><E132/><N who="0" m="50761" /><D9/><U10/><E10/><V26/><F47/><W25/><G25/><T134/><D102/><U58/><E30/><V56/><F56/><W11/><G11/><T65/><D65/><U117/><E35/><V89/><N who="2" m="19456" /><DORA hai="119" /><V111/><REACH who="2" step="1"/><F111/><REACH who="2" ten="130,250,178,432" step="2"/><W84/><G75/><T60/><D134/><U128/><E58/><V29/><F29/><W7/><G70/><T5/><D60/><U126/><E126/><V61/><F61/><W55/><G64/><T45/><D45/><U124/><E128/><V83/><F83/><W95/><G66/><T116/><D116/><U129/><E117/><V96/><F96/><W80/><G80/><T13/><D113/><U98/><E124/><V52/><F52/><W69/><G69/><T6/><D112/><U91/><E129/><V34/><F34/><W44/><G63/><T32/><D32/><U8/><E98/><V59/><F59/><W18/><G62/><T31/><D31/><U28/><E28/><V108/><F108/><W106/><G55/><T1/><D1/><U109/><E82/><RYUUKYOKU ba="0,1" sc="130,-10,250,-10,178,30,432,-10" hai2="15,16,19,22,23,24,26,85,89,93" /><INIT seed="2,1,1,2,4,85" ten="120,240,208,422" oya="2" hai0="101,33,76,113,89,81,130,111,7,29,104,48,46" hai1="51,98,23,18,103,96,105,116,107,36,38,19,88" hai2="70,37,30,120,56,128,49,53,83,92,13,71,112" hai3="82,40,2,90,64,43,50,31,66,52,41,118,8"/><V24/><F120/><W55/><G118/><T45/><D113/><U117/><E51/><V39/><F112/><W21/><G2/><T123/><D123/><U3/><E3/><V6/><F128/><W62/><G8/><T12/><D130/><U61/><E61/><V94/><F83/><W5/><G5/><T121/><D121/><U9/><E9/><V129/><F129/><W84/><G55/><T106/><D29/><U93/><E107/><V78/><F78/><W124/><G124/><T0/><D33/><U26/><REACH who="1" step="1"/><E18/><REACH who="1" ten="120,230,208,422" step="2"/><V132/><F39/><AGARI ba="1,2" hai="19,23,26,36,38,39,88,93,96,98,103,105,116,117" machi="39" ten="40,8000,1" yaku="1,1,2,1,52,1,54,1,53,0" doraHai="85" doraHaiUra="80" who="1" fromWho="2" sc="120,0,230,103,208,-83,422,0" /><INIT seed="3,0,0,5,2,81" ten="120,333,125,422" oya="3" hai0="65,9,15,115,32,54,119,94,42,64,23,41,90" hai1="127,14,50,68,13,104,80,120,99,135,19,60,21" hai2="83,95,5,56,133,69,112,17,58,35,76,71,134" hai3="51,82,48,12,100,61,34,126,107,40,117,4,30"/><W26/><G117/><T103/><D32/><U130/><E120/><V84/><F35/><W91/><G126/><T36/><D115/><U93/><E127/><V27/><F5/><W7/><G61/><T72/><D119/><U49/><E130/><V29/><F17/><W111/><G111/><T0/><D72/><U96/><E104/><V108/><F95/><W109/><G109/><T1/><D103/><U88/><E135/><N who="2" m="51723" /><F112/><W8/><G4/><T2/><D36/><U74/><E13/><V102/><F102/><W73/><G40/><T43/><D54/><U85/><E74/><V116/><F116/><W125/><G125/><T132/><D23/><U10/><E21/><N who="2" m="15599" /><F108/><W22/><G73/><T128/><D128/><U106/><E106/><V113/><F113/><W114/><G114/><T46/><D46/><U33/><E33/><V129/><F129/><W105/><G105/><T63/><D132/><U98/><REACH who="1" step="1"/><E93/><REACH who="1" ten="120,323,125,422" step="2"/><V87/><F87/><N who="3" m="50679" /><G107/><T110/><D110/><U66/><AGARI ba="0,1" hai="10,14,19,49,50,60,66,68,80,85,88,96,98,99" machi="66" ten="30,7900,0" yaku="1,1,0,1,52,1,54,1,53,0" doraHai="81" doraHaiUra="25" who="1" fromWho="1" sc="120,-20,323,89,125,-20,422,-39" /><INIT seed="4,0,0,0,3,7" ten="100,412,105,383" oya="0" hai0="120,12,116,40,48,94,41,25,50,72,128,51,73" hai1="101,8,133,55,2,3,23,53,103,65,79,5,104" hai2="91,14,17,71,16,82,62,132,95,87,112,76,68" hai3="111,97,45,77,124,98,69,57,52,46,22,33,129"/><T106/><D106/><U30/><E133/><V115/><F132/><W83/><G33/><T80/><D116/><U63/><E2/><V114/><F17/><W24/><G69/><T110/><D120/><U121/><E121/><V78/><F62/><W44/><G111/><T10/><D73/><U9/><E79/><V59/><F59/><W84/><G124/><T42/><D72/><U54/><E104/><V64/><F64/><W20/><G20/><T21/><D110/><U108/><E108/><V125/><F125/><W70/><G70/><N who="2" m="26665" /><F95/><W99/><G129/><T19/><D128/><U105/><E105/><V117/><F117/><W37/><G37/><T26/><D80/><U61/><E3/><V36/><F36/><W90/><G77/><T134/><D134/><U38/><E38/><V102/><F102/><N who="1" m="38921" /><E5/><V56/><F56/><W126/><G126/><T15/><REACH who="0" step="1"/><D94/><REACH who="0" ten="90,412,105,383" step="2"/><U88/><E61/><V107/><F107/><W135/><G135/><T119/><D119/><U47/><E63/><V130/><F130/><W60/><REACH who="3" step="1"/><G99/><REACH who="3" ten="90,412,105,373" step="2"/><T4/><AGARI ba="0,2" hai="4,10,12,15,19,21,25,26,40,41,42,48,50,51" machi="4" ten="30,11700,0" yaku="1,1,0,1,8,1,52,1,53,0" doraHai="7" doraHaiUra="43" who="0" fromWho="0" sc="90,137,412,-39,105,-39,373,-39" /><INIT seed="4,1,0,4,3,75" ten="227,373,66,334" oya="0" hai0="82,80,98,53,68,114,16,89,59,95,83,79,19" hai1="124,125,123,88,4,50,135,76,99,10,38,47,111" hai2="61,62,108,119,63,90,128,118,39,126,48,42,45" hai3="8,2,113,117,72,93,26,31,127,14,56,122,131"/><T21/><D114/><U13/><E111/><V107/><F108/><W77/><G117/><N who="2" m="44553" /><F107/><W20/><G113/><T54/><D68/><U69/><E123/><V25/><F90/><W64/><G127/><T133/><D133/><U46/><E135/><V15/><F15/><W67/><G131/><T94/><D94/><N who="1" m="56775" /><E69/><V102/><F25/><W24/><G2/><T91/><D91/><U0/><E38/><V71/><F102/><W11/><G122/><T66/><D66/><U17/><E50/><V27/><F27/><W101/><G24/><N who="0" m="14375" /><D19/><U41/><E41/><V86/><F86/><W104/><G104/><T43/><D43/><U121/><E121/><V134/><F126/><N who="1" m="48745" /><E76/><V97/><F97/><N who="3" m="59567" /><G67/><T44/><D44/><U30/><E30/><V33/><F134/><W7/><G72/><T1/><D1/><U106/><E106/><V37/><F128/><W81/><G8/><AGARI ba="1,0" hai="0,4,8,10,13,17,46,47" m="48745,56775" machi="8" ten="30,2000,0" yaku="18,1,54,1" doraHai="75" who="1" fromWho="3" sc="227,0,373,23,66,0,334,-23" /><INIT seed="5,0,0,4,3,112" ten="227,396,66,311" oya="1" hai0="6,125,77,27,60,2,135,19,11,41,97,111,127" hai1="16,75,90,76,50,114,73,86,10,59,134,65,79" hai2="132,116,13,100,108,117,133,33,7,66,74,67,70" hai3="34,82,110,15,62,88,45,101,26,113,89,95,0"/><U8/><E114/><V39/><F33/><W52/><G110/><T122/><D111/><U96/><E134/><N who="2" m="51819" /><F108/><W98/><G0/><T121/><D135/><U31/><E31/><V3/><F13/><W71/><G113/><T18/><D77/><U123/><E123/><N who="0" m="47113" /><D41/><U63/><E75/><V43/><F100/><W128/><G128/><T120/><D60/><U118/><E118/><N who="2" m="45675" /><F74/><W57/><G71/><T126/><D97/><U23/><E96/><V21/><F21/><W99/><G34/><T129/><N who="0" m="47121" /><T68/><DORA hai="58" /><D68/><U1/><E50/><V92/><F92/><N who="3" m="58567" /><G26/><T64/><D64/><U12/><E73/><V38/><F70/><W130/><G130/><T14/><D129/><U94/><E1/><V84/><F84/><N who="3" m="50199" /><G45/><T48/><D48/><U32/><E32/><V93/><F93/><W104/><G104/><T9/><D27/><U54/><E65/><N who="2" m="24587" /><F43/><W131/><G131/><T124/><N who="0" m="31744" /><DORA hai="103" /><T85/><D85/><U72/><E72/><V17/><F17/><AGARI ba="0,0" hai="2,6,9,11,14,17,18,19" m="31744,47121" machi="17" ten="70,8000,1" yaku="13,1,18,1,34,2" doraHai="112,58,103" who="0" fromWho="2" sc="227,80,396,0,66,-80,311,0" owari="307,-9.0,396,49.0,-14,-51.0,311,11.0" /></mjloggm>