<mjloggm ver="2.3"><GO type="185" lobby="0"/><UN n0="%E9%B4%A8%E6%90%8D" n1="%E3%83%93%E3%83%83%E3%82%B0%E3%83%9E%E3%83%A1" n2="%E9%80%9F%E8%A6%8B%E5%B9%B8%E4%B8%80" n3="" dan="16,17,17,0" rate="2127.18,2186.79,2065.46,1500.00" sx="M,M,M,C"/><TAIKYOKU oya="0"/><INIT seed="0,0,0,4,4,35" ten="350,350,350,0" oya="0" hai0="122,116,120,110,32,60,89,75,42,79,49,115,121" hai1="123,125,39,119,103,78,45,62,135,94,40,85,87" hai2="111,84,80,101,65,96,104,131,3,64,55,72,130" hai3=""/><T107/><N who="0" m="30752" /><T92/><N who="0" m="31008" /><T77/><N who="0" m="31264" /><T0/><D0/><U81/><N who="1" m="31520" /><U108/><E119/><V33/><F33/><T132/><D116/><U129/><E135/><V109/><F72/><T34/><D132/><U124/><E129/><N who="2" m="49163" /><F55/><T88/><D115/><U1/><E1/><V71/><F3/><T76/><D107/><U41/><E41/><V50/><F50/><T97/><D75/><U43/><E43/><V54/><F54/><T36/><D36/><U47/><E47/><V117/><F117/><T38/><D38/><U93/><E103/><V46/><F46/><T83/><D110/><N who="2" m="41994" /><F71/><T61/><D32/><U63/><E108/><V126/><F126/><N who="1" m="48745" /><E63/><V57/><F57/><T102/><D34/><U106/><E62/><V58/><F58/><T51/><D60/><U66/><E66/><V99/><F99/><T69/><D69/><U114/><E114/><V73/><F73/><T90/><D61/><U95/><E87/><V2/><F2/><T133/><D133/><U86/><E86/><V68/><F68/><T44/><D49/><U128/><E128/><V56/><F56/><T74/><AGARI ba="0,0" hai="42,44,51,74,76,77,79,83,88,89,90,92,97,102" m="31264,31008,30752" machi="74" ten="30,8000,1" yaku="0,1,52,3,54,1" doraHai="35" who="0" fromWho="0" sc="350,80,350,-40,350,-40,0,0" /><INIT seed="0,1,0,4,1,50" ten="430,310,310,0" oya="0" hai0="39,135,131,57,32,47,55,114,45,108,75,74,53" hai1="112,73,98,99,94,78,116,35,80,88,124,93,67" hai2="40,49,38,121,63,69,120,132,83,104,43,1,110" hai3=""/><T68/><D32/><U66/><E35/><V81/><N who="2" m="30752" /><V95/><N who="2" m="31008" /><V92/><F104/><T42/><D114/><U134/><E116/><V87/><F38/><T129/><D68/><U0/><E0/><V3/><F110/><T123/><N who="0" m="31520" /><T127/><D108/><U96/><E112/><V107/><F107/><T102/><D102/><U76/><E134/><V91/><F132/><T79/><D135/><U51/><E78/><V37/><F37/><T126/><D79/><U82/><E82/><V119/><F119/><T34/><D34/><U106/><E124/><N who="0" m="47657" /><D47/><U97/><E106/><V128/><F69/><T36/><D36/><U89/><E89/><V84/><F91/><T70/><D70/><U41/><E94/><V60/><F95/><T54/><D57/><U101/><E101/><V90/><F3/><T64/><D64/><U111/><E111/><V130/><F1/><T113/><D113/><U103/><E103/><V77/><F77/><T105/><D105/><U85/><N who="1" m="25088" /><DORA hai="86" /><U117/><E117/><V61/><F90/><T125/><N who="0" m="47665" /><T118/><DORA hai="100" /><D118/><U58/><E58/><V46/><F46/><T65/><D65/><U115/><E115/><V109/><F109/><T133/><D133/><RYUUKYOKU ba="1,0" sc="430,10,310,10,310,-20,0,0" hai0="39,42,45,53,54,55,74,75,129,131" hai1="41,51,66,67,73,76,80,85,88,93" /><INIT seed="0,2,0,0,2,100" ten="440,320,290,0" oya="0" hai0="81,117,3,45,89,104,57,125,124,135,2,71,134" hai1="87,121,53,91,64,83,35,94,85,76,133,38,65" hai2="43,109,112,119,113,102,120,95,49,47,37,75,51" hai3=""/><T54/><D117/><U82/><N who="1" m="31008" /><U44/><E35/><V93/><N who="2" m="30752" /><V41/><F109/><T63/><D71/><U108/><E108/><V107/><F75/><T32/><D32/><U122/><N who="1" m="31264" /><U40/><E133/><N who="0" m="50697" /><D45/><U46/><E46/><V72/><F72/><T129/><D104/><U52/><E65/><V128/><F107/><T66/><D66/><U90/><REACH who="1" step="1"/><E64/><REACH who="1" ten="440,310,290,0" step="2"/><V92/><F47/><T48/><D2/><U36/><E36/><V0/><F37/><T80/><D3/><U130/><E130/><V96/><F128/><T98/><D129/><U34/><E34/><V73/><F0/><T70/><D125/><U97/><AGARI ba="2,1" hai="38,40,44,52,53,76,82,83,85,87,90,91,94,97" m="31264,31008" machi="97" ten="20,12000,3" yaku="1,1,0,1,7,1,52,2,54,1,53,2" doraHai="100" doraHaiUra="84" who="1" fromWho="1" sc="440,-82,310,134,290,-42,0,0" /><INIT seed="1,0,0,4,1,3" ten="358,444,248,0" oya="1" hai0="97,123,69,96,99,110,52,64,41,54,103,84,89" hai1="87,114,101,74,49,32,128,83,59,111,126,92,72" hai2="115,122,71,34,42,135,85,65,118,131,40,51,91" hai3=""/><U66/><E114/><V2/><N who="2" m="31264" /><V45/><F118/><T37/><N who="0" m="31520" /><T62/><D110/><U78/><E128/><V129/><F2/><T94/><D37/><U36/><E36/><V106/><F106/><T75/><D41/><U86/><E32/><V132/><F42/><T73/><REACH who="0" step="1"/><D103/><REACH who="0" ten="348,444,248,0" step="2"/><U125/><E101/><V63/><F115/><T39/><D39/><U35/><E111/><V56/><F34/><T130/><D130/><N who="2" m="49674" /><F71/><T61/><D61/><U68/><E35/><V81/><AGARI ba="0,1" hai="40,45,51,56,63,65,81,85,91,132,135" m="49674,31264" machi="81" ten="30,1500,0" yaku="19,1,52,1" doraHai="3" who="2" fromWho="2" sc="348,-5,444,-10,248,25,0,0" /><INIT seed="2,0,0,0,0,123" ten="343,434,273,0" oya="2" hai0="88,43,1,134,68,106,75,69,73,130,89,135,105" hai1="76,102,57,100,85,55,87,39,84,127,63,71,117" hai2="58,2,79,92,96,129,118,59,98,112,107,47,126" hai3=""/><V33/><F33/><T99/><D43/><U82/><E39/><V111/><F2/><T65/><D130/><U60/><E117/><V45/><F112/><T93/><D99/><U32/><E32/><V131/><F118/><T120/><N who="0" m="30752" /><T54/><D65/><U122/><N who="1" m="31264" /><U91/><E127/><V70/><F70/><T78/><D78/><U94/><E71/><V67/><F79/><T61/><D93/><U42/><E42/><V0/><F0/><T97/><D97/><U53/><E87/><V104/><F92/><T56/><D1/><U62/><REACH who="1" step="1"/><E55/><REACH who="1" ten="343,424,273,0" step="2"/><V133/><F126/><T38/><D38/><U109/><E109/><V83/><F111/><T119/><D119/><U64/><E64/><V37/><F37/><T50/><D68/><U113/><E113/><V124/><F124/><T108/><D69/><U77/><E77/><V101/><F67/><T86/><D108/><U121/><N who="1" m="31008" /><U81/><E81/><V52/><F83/><T90/><D86/><U114/><E114/><V66/><F66/><T128/><D54/><U49/><AGARI ba="0,1" hai="49,53,57,60,62,63,76,82,84,85,91,94,100,102" m="31008,31264" machi="49" ten="30,9000,2" yaku="1,1,0,1,8,1,52,2,53,1" doraHai="123" doraHaiUra="48" who="1" fromWho="1" sc="343,-30,424,100,273,-60,0,0" /><INIT seed="4,0,0,5,5,113" ten="313,524,213,0" oya="0" hai0="87,85,60,50,78,63,67,46,56,64,117,45,52" hai1="99,133,123,70,109,103,120,48,54,100,82,110,126" hai2="35,79,58,111,132,107,65,3,116,34,127,2,33" hai3=""/><T93/><D117/><U42/><N who="1" m="30752" /><U97/><N who="1" m="31520" /><U47/><E70/><V49/><F111/><T112/><D112/><U53/><E126/><V90/><F107/><T39/><D78/><U98/><E133/><V119/><F132/><T121/><N who="0" m="31008" /><T101/><D39/><U44/><E110/><V118/><F127/><T32/><D32/><U74/><E109/><V83/><F90/><T124/><D124/><U77/><REACH who="1" step="1"/><E54/><REACH who="1" ten="313,514,213,0" step="2"/><V75/><F65/><T114/><D114/><U59/><E59/><V1/><F35/><T41/><D45/><U115/><E115/><V94/><F94/><T125/><D125/><U43/><E43/><V106/><F106/><T130/><D130/><U66/><E66/><N who="0" m="25129" /><D63/><U131/><E131/><V55/><AGARI ba="0,1" hai="1,2,3,33,34,49,55,58,75,79,83,116,118,119" machi="55" ten="40,6000,1" yaku="0,1,12,1,52,3" doraHai="113" who="2" fromWho="2" sc="313,-40,514,-20,213,70,0,0" /><INIT seed="5,0,0,4,0,54" ten="273,494,283,0" oya="1" hai0="64,90,120,37,39,75,125,51,42,123,48,76,34" hai1="101,44,89,135,127,92,78,1,134,110,115,106,52" hai2="131,122,124,45,62,118,132,128,108,83,77,47,102" hai3=""/><U68/><E1/><V99/><N who="2" m="31264" /><V33/><F33/><T67/><N who="0" m="30752" /><T70/><N who="0" m="31520" /><T50/><D34/><U94/><E68/><V71/><F118/><T57/><D76/><U109/><E78/><V63/><F108/><N who="1" m="41577" /><E115/><V105/><F124/><T35/><D75/><U129/><E129/><V38/><F132/><N who="1" m="50729" /><E127/><V87/><F71/><T116/><D35/><U79/><E79/><V53/><F38/><T130/><D125/><U113/><E113/><V65/><F131/><T73/><D130/><U88/><E106/><V56/><F128/><T84/><D73/><U36/><E36/><V41/><F105/><T103/><D116/><U40/><E40/><V117/><F41/><T93/><D70/><U96/><E94/><V85/><F117/><T60/><D37/><U69/><E69/><V100/><F77/><T72/><D72/><U58/><E44/><V133/><F47/><T80/><D42/><U111/><E111/><V81/><F45/><T43/><D43/><U91/><E101/><V114/><F102/><T55/><D39/><U59/><E59/><V126/><F56/><T95/><D95/><U66/><E58/><V98/><F126/><T49/><N who="0" m="12288" /><DORA hai="112" /><T82/><D103/><U3/><E92/><RYUUKYOKU ba="0,0" sc="273,20,494,-10,283,-10,0,0" hai0="55,57,60,64,67,80,82,84,90,93" /><INIT seed="6,1,0,2,2,97" ten="293,484,273,0" oya="2" hai0="74,135,101,37,95,113,39,62,1,40,121,103,0" hai1="73,91,59,50,33,54,78,44,124,132,42,69,35" hai2="99,117,3,86,98,131,65,92,111,71,64,90,81" hai3=""/><V115/><F3/><T102/><N who="0" m="31008" /><T82/><D135/><U55/><E69/><V76/><F117/><T96/><D113/><U109/><E109/><V53/><F115/><T88/><D62/><U52/><E132/><V41/><F131/><T47/><D39/><U114/><E114/><V34/><F34/><T87/><REACH who="0" step="1"/><D74/><REACH who="0" ten="283,484,273,0" step="2"/><U32/><E73/><V56/><F111/><T72/><D72/><U38/><E38/><V49/><F71/><T130/><D130/><U46/><E35/><V118/><F118/><T100/><AGARI ba="1,1" hai="0,1,37,40,47,82,87,88,95,96,100,101,102,103" m="31008" machi="100" ten="30,12000,3" yaku="1,1,0,1,52,5,54,1,53,1" doraHai="97" doraHaiUra="89" who="0" fromWho="0" sc="283,132,484,-41,273,-81,0,0" owari="415,2.0,443,39.0,192,-41.0,0,0.0" /></mjloggm>