<mjloggm ver="2.3"><GO type="185" lobby="0"/><UN n0="%E8%90%AC%E6%81%8B%E6%AC%A1%E9%83%8E" n1="%4E%45%47%49%54%53" n2="%E3%83%9D%E3%82%B1%E3%83%83%E3%83%88" n3="" dan="17,17,17,0" rate="2278.70,2324.19,2223.46,1500.00" sx="M,F,M,C"/><TAIKYOKU oya="0"/><INIT seed="0,0,0,0,2,108" ten="350,350,350,0" oya="0" hai0="95,129,74,90,60,115,81,33,62,83,103,69,120" hai1="78,48,101,127,0,93,102,113,109,100,2,84,133" hai2="123,68,55,91,67,73,135,85,34,132,134,106,79" hai3=""/><T87/><N who="0" m="30752" /><T56/><D33/><U37/><E37/><V97/><N who="2" m="31520" /><V114/><F34/><T104/><D129/><U42/><E109/><V126/><F126/><T36/><D36/><U65/><E127/><V80/><F55/><T41/><D41/><U3/><E133/><V122/><N who="2" m="31264" /><V89/><F114/><T112/><D81/><U39/><E39/><V119/><F119/><T75/><D75/><U99/><E65/><V124/><F124/><T43/><D43/><U51/><E113/><N who="0" m="43593" /><D56/><U52/><E42/><V1/><F73/><T105/><D105/><U70/><E70/><V116/><F68/><T59/><D59/><U121/><N who="1" m="31008" /><U50/><E52/><V40/><F40/><T32/><D69/><U46/><E46/><V35/><F35/><T110/><D110/><U98/><E93/><V118/><F134/><T82/><D82/><AGARI ba="0,0" hai="0,2,3,48,50,51,78,82,84,98,99,100,101,102" m="31008" machi="82" ten="50,6400,0" yaku="29,2,52,1" doraHai="108" who="1" fromWho="0" sc="350,-64,350,64,350,0,0,0" /><INIT seed="1,0,0,0,4,64" ten="286,414,350,0" oya="1" hai0="60,73,0,54,89,119,42,94,131,47,117,124,102" hai1="70,39,69,41,105,32,110,99,34,83,80,61,67" hai2="125,104,87,33,48,86,55,68,49,93,132,113,56" hai3=""/><U101/><E110/><V103/><F33/><T37/><D0/><U98/><E70/><V81/><F113/><T57/><D124/><U74/><E83/><V85/><F104/><T53/><D131/><U44/><REACH who="1" step="1"/><E99/><REACH who="1" ten="286,404,350,0" step="2"/><V92/><F68/><T40/><D117/><U122/><N who="1" m="31264" /><U134/><E134/><V43/><F132/><T66/><D119/><U133/><E133/><V107/><F81/><T58/><D73/><U123/><N who="1" m="31520" /><U121/><N who="1" m="31008" /><U77/><AGARI ba="0,1" hai="32,34,39,41,44,61,67,69,74,77,80,98,101,105" m="31008,31520,31264" machi="77" ten="30,24000,4" yaku="1,1,4,1,0,1,33,3,52,4,53,1" doraHai="64" doraHaiUra="78" who="1" fromWho="1" sc="286,-120,404,250,350,-120,0,0" /><INIT seed="1,1,0,2,1,91" ten="166,654,230,0" oya="1" hai0="118,125,52,127,105,97,107,49,112,51,35,123,116" hai1="106,84,71,73,99,122,108,42,61,120,77,58,87" hai2="36,117,96,47,57,85,126,64,135,92,43,110,45" hai3=""/><U33/><N who="1" m="30752" /><U53/><N who="1" m="31264" /><U48/><E33/><V129/><F117/><N who="0" m="45162" /><D35/><U132/><E73/><V89/><F110/><T66/><N who="0" m="31520" /><T56/><D112/><U74/><E74/><V128/><F135/><T80/><D66/><U102/><E132/><V3/><F3/><T67/><D67/><U114/><E114/><V111/><F111/><T113/><D113/><U37/><E108/><V72/><F72/><T98/><D80/><U100/><E77/><V60/><F126/><N who="0" m="48138" /><D49/><U130/><E130/><N who="2" m="50283" /><F45/><T34/><D34/><U46/><E102/><V76/><F76/><T124/><N who="0" m="48146" /><T0/><DORA hai="131" /><D0/><U79/><E79/><V59/><F59/><T69/><D69/><U1/><E1/><V75/><F75/><T94/><D98/><AGARI ba="1,0" hai="36,43,47,57,60,64,85,89,92,96,98" m="50283" machi="98" ten="30,2000,0" yaku="19,1,52,1" doraHai="91,131" who="2" fromWho="0" sc="166,-22,654,0,230,22,0,0" /><INIT seed="2,0,0,3,3,38" ten="144,654,252,0" oya="2" hai0="77,95,96,58,123,57,124,82,79,32,45,99,120" hai1="126,83,62,40,88,61,127,52,39,73,72,101,76" hai2="48,34,47,69,132,3,65,74,128,56,105,115,81" hai3=""/><V118/><RYUUKYOKU type="yao9" ba="0,0" sc="144,0,654,0,252,0,0,0" hai2="3,34,47,48,56,65,69,74,81,105,115,118,128,132" /><INIT seed="2,1,0,4,2,32" ten="144,654,252,0" oya="2" hai0="91,51,96,125,50,60,124,0,110,70,92,93,56" hai1="108,116,3,80,115,64,122,112,87,43,126,81,82" hai2="2,97,107,129,55,109,77,100,41,88,52,42,120" hai3=""/><V121/><N who="2" m="30752" /><V65/><N who="2" m="31008" /><V58/><F77/><T111/><D70/><U57/><N who="1" m="31264" /><U118/><E3/><V63/><F2/><T131/><D0/><U48/><E108/><N who="0" m="41513" /><D92/><U34/><E34/><V123/><N who="2" m="31520" /><V45/><F109/><T95/><D95/><U85/><E126/><N who="0" m="48745" /><D131/><U89/><E64/><AGARI ba="1,0" hai="50,51,56,60,64,91,93,96" m="48745,41513" machi="64" ten="30,2000,0" yaku="14,1,18,1" doraHai="32" who="0" fromWho="1" sc="144,22,654,-22,252,0,0,0" /><INIT seed="4,0,0,3,5,113" ten="166,632,252,0" oya="0" hai0="90,57,80,122,32,62,43,71,110,59,93,116,108" hai1="63,81,50,112,2,66,130,123,100,51,134,46,56" hai2="34,65,82,105,35,48,42,88,121,3,74,76,70" hai3=""/><T73/><N who="0" m="31264" /><T61/><D32/><U67/><N who="1" m="31520" /><U125/><E2/><V103/><N who="2" m="31008" /><V85/><F3/><T126/><D126/><U33/><E33/><V72/><F72/><T114/><D114/><U106/><E125/><V44/><F65/><T91/><D43/><U124/><E124/><V129/><F70/><T36/><D36/><U79/><E134/><V101/><F129/><T64/><D116/><U49/><E130/><V111/><F103/><T1/><D1/><U98/><E67/><V107/><F105/><T0/><D0/><U127/><E127/><V128/><F111/><N who="0" m="42538" /><D62/><U77/><E77/><V132/><F132/><T131/><D131/><U135/><E135/><V119/><F119/><T99/><D90/><U78/><E78/><AGARI ba="0,0" hai="57,59,61,64,71,73,78,80,91,93,99" m="42538,31264" machi="78" ten="30,2900,0" yaku="10,1,52,1" doraHai="113" who="0" fromWho="1" sc="166,29,632,-29,252,0,0,0" /><INIT seed="4,1,0,1,4,106" ten="195,603,252,0" oya="0" hai0="101,77,107,125,128,51,36,3,95,88,97,87,120" hai1="67,127,104,111,63,53,60,68,76,33,40,37,54" hai2="135,90,130,46,131,69,105,57,86,65,108,1,58" hai3=""/><T64/><N who="0" m="30752" /><T124/><D3/><U43/><E33/><V78/><F105/><T62/><D36/><U129/><E104/><V49/><F108/><T55/><D77/><U121/><N who="1" m="31008" /><U89/><E111/><V123/><N who="2" m="31520" /><V103/><F103/><T32/><D32/><U134/><E127/><V92/><F78/><T44/><REACH who="0" step="1"/><D128/><REACH who="0" ten="185,603,252,0" step="2"/><U116/><E129/><V48/><F1/><T66/><D66/><U45/><E76/><V119/><F65/><T122/><N who="0" m="31264" /><T71/><AGARI ba="1,1" hai="44,51,55,62,64,71,87,88,95,97,101,107,124,125" m="31264,30752" machi="71" ten="30,12000,2" yaku="1,1,4,1,0,1,52,2,54,1,53,1" doraHai="106" doraHaiUra="84" who="0" fromWho="0" sc="185,132,603,-61,252,-61,0,0" /><INIT seed="4,2,0,4,4,113" ten="317,542,191,0" oya="0" hai0="107,123,57,46,38,70,131,129,80,115,90,121,81" hai1="82,61,87,52,59,69,105,118,56,55,104,95,36" hai2="72,132,75,133,35,94,0,122,66,111,37,62,53" hai3=""/><T120/><N who="0" m="30752" /><T58/><N who="0" m="31008" /><T40/><N who="0" m="31520" /><T130/><D115/><U54/><E118/><V49/><N who="2" m="31264" /><V96/><F37/><T102/><D70/><U65/><E36/><V42/><F42/><T125/><D125/><U34/><E34/><V68/><F111/><T134/><D134/><N who="2" m="51818" /><F0/><T48/><D90/><U60/><E95/><V78/><F78/><T51/><D51/><U93/><E93/><V119/><F35/><T64/><D58/><U67/><E69/><V1/><F1/><T88/><D88/><AGARI ba="2,0" hai="52,54,55,56,59,60,61,65,67,82,87,88,104,105" machi="88" ten="40,5200,0" yaku="9,1,54,2" doraHai="113" who="1" fromWho="0" sc="317,-56,542,56,191,0,0,0" /><INIT seed="5,0,0,0,1,86" ten="261,598,191,0" oya="1" hai0="42,89,104,96,32,103,46,68,118,44,92,70,62" hai1="64,54,121,127,41,51,40,35,82,73,114,49,122" hai2="106,63,98,38,67,115,45,112,116,100,107,37,50" hai3=""/><U126/><N who="1" m="31008" /><U81/><N who="1" m="31264" /><U36/><E35/><V69/><F116/><T97/><D32/><U133/><E36/><V59/><F107/><T78/><D118/><U77/><E114/><N who="2" m="43563" /><F69/><T34/><D34/><U1/><E1/><V109/><F109/><T66/><D78/><U135/><E64/><V120/><N who="2" m="30752" /><V0/><F0/><T43/><REACH who="0" step="1"/><D70/><REACH who="0" ten="251,598,191,0" step="2"/><U101/><E77/><V83/><F83/><T134/><D134/><U129/><E82/><V124/><F124/><T80/><D80/><U102/><E81/><V111/><F111/><T61/><D61/><U93/><E127/><V132/><F132/><T47/><AGARI ba="0,1" hai="42,43,44,46,47,62,66,68,89,92,96,97,103,104" machi="47" ten="30,5900,0" yaku="1,1,0,1,52,1,53,1" doraHai="86" doraHaiUra="56" who="0" fromWho="0" sc="251,69,598,-39,191,-20,0,0" /><INIT seed="6,0,0,4,3,32" ten="320,559,171,0" oya="2" hai0="48,108,75,78,71,88,58,36,44,135,1,127,63" hai1="94,104,114,40,54,99,61,123,100,128,92,2,70" hai2="50,106,115,95,89,122,35,41,109,90,102,51,37" hai3=""/><V56/><N who="2" m="31264" /><V47/><F35/><T98/><D108/><U0/><N who="1" m="31520" /><U64/><E128/><V85/><F109/><T72/><D127/><U107/><E114/><V82/><F115/><T120/><N who="0" m="30752" /><T34/><D34/><U110/><E110/><V42/><F106/><T52/><D135/><U111/><E111/><V39/><F102/><T3/><D78/><U55/><E40/><V79/><F89/><T57/><D57/><U46/><E46/><V49/><F37/><T101/><D88/><U43/><E43/><V80/><F80/><T133/><D133/><U97/><E0/><N who="0" m="73" /><D98/><U66/><E2/><V45/><REACH who="2" step="1"/><F56/><REACH who="2" ten="320,559,161,0" step="2"/><T68/><D101/><U33/><E33/><V67/><F67/><T113/><D113/><U130/><E66/><V105/><F105/><T74/><D36/><U60/><E64/><V131/><F131/><T86/><D58/><U125/><E130/><V132/><F132/><T77/><D71/><U126/><E100/><V73/><AGARI ba="0,1" hai="39,41,42,45,47,49,50,51,73,79,82,85,90,95" m="31264" machi="73" ten="20,8000,1" yaku="1,1,0,1,7,1,52,1,53,1" doraHai="32" doraHaiUra="69" who="2" fromWho="2" sc="320,-40,559,-40,161,90,0,0" /><INIT seed="6,1,0,1,0,50" ten="280,519,251,0" oya="2" hai0="87,89,40,53,134,116,77,71,122,135,34,91,104" hai1="45,62,96,125,82,75,100,47,97,64,133,52,127" hai2="32,1,121,74,118,111,85,113,105,67,114,131,99" hai3=""/><V93/><RYUUKYOKU type="yao9" ba="1,0" sc="280,0,519,0,251,0,0,0" hai2="1,32,67,74,85,93,99,105,111,113,114,118,121,131" /><INIT seed="6,2,0,3,4,127" ten="280,519,251,0" oya="2" hai0="73,70,40,128,74,135,130,61,76,66,0,85,53" hai1="114,92,98,88,75,38,125,104,60,129,134,35,107" hai2="67,32,51,120,80,89,132,101,95,123,65,100,64" hai3=""/><V106/><N who="2" m="30752" /><V117/><N who="2" m="31520" /><V63/><F117/><T81/><D0/><U54/><E75/><V47/><F32/><T133/><D53/><U48/><E125/><V102/><F106/><T131/><REACH who="0" step="1"/><D40/><REACH who="0" ten="270,519,251,0" step="2"/><U90/><E54/><V93/><F132/><AGARI ba="2,1" hai="61,66,70,73,74,76,81,85,128,130,131,132,133,135" machi="132" ten="50,12000,2" yaku="1,1,2,1,19,1,20,1,52,3,53,0" doraHai="127" doraHaiUra="108" who="0" fromWho="2" sc="270,134,519,0,251,-124,0,0" owari="404,0.0,519,47.0,127,-47.0,0,0.0" /></mjloggm>