<mjloggm ver="2.3"><GO type="169" lobby="0"/><UN n0="%4D%45%42%49%55%53" n1="%E3%81%97%E3%81%BE%E3%81%98%E3%82%8D%E3%81%86%32%2E%30" n2="%E9%BB%92%E8%A1%A3%E3%81%AE%E3%82%A4%E3%83%8A%E3%82%B8%E3%82%A7%E3%82%A4" n3="%E9%81%8A%E8%B5%B0" dan="16,17,16,16" rate="2108.75,2222.71,2132.60,2142.95" sx="F,M,M,F"/><TAIKYOKU oya="0"/><INIT seed="0,0,0,3,1,40" ten="250,250,250,250" oya="0" hai0="134,49,56,50,118,59,44,100,117,131,106,64,104" hai1="126,120,23,12,95,37,58,48,82,19,30,18,69" hai2="115,6,70,13,43,92,133,75,29,17,102,112,83" hai3="77,85,41,62,36,28,68,0,80,98,9,110,124"/><T27/><D134/><U86/><E126/><V16/><F133/><W76/><G124/><T25/><D64/><U121/><E69/><V2/><F70/><W119/><G119/><T35/><D100/><U42/><E30/><V128/><F128/><W111/><G28/><T46/><REACH who="0" step="1"/><D35/><REACH who="0" ten="240,250,250,250" step="2"/><U97/><E120/><V33/><F33/><W94/><G110/><T103/><D103/><U107/><E121/><V34/><F34/><W84/><G111/><T89/><D89/><U79/><E107/><V81/><F102/><W11/><G68/><T21/><D21/><U45/><E23/><V51/><F115/><W88/><G76/><T127/><D127/><U61/><E37/><V32/><F32/><W57/><G77/><T38/><D38/><U99/><E99/><V74/><F112/><W73/><G98/><T90/><D90/><N who="1" m="55543" /><E12/><V15/><F15/><W122/><G88/><T14/><D14/><U5/><E5/><V87/><F13/><W55/><G122/><T63/><D63/><U31/><E31/><V22/><F29/><W47/><G36/><T91/><D91/><U60/><E60/><V129/><F22/><W93/><G62/><T67/><D67/><AGARI ba="0,1" hai="18,19,42,45,48,58,61,67,79,82,86" m="55543" machi="67" ten="30,2000,0" yaku="8,1,52,1" doraHai="40" who="1" fromWho="0" sc="240,-20,250,30,250,0,250,0" /><INIT seed="1,0,0,4,2,16" ten="220,280,250,250" oya="1" hai0="55,25,133,33,58,0,11,105,107,110,4,132,44" hai1="21,121,125,63,17,19,82,86,9,96,79,52,2" hai2="124,112,70,71,116,68,135,114,113,48,66,39,100" hai3="119,85,62,3,109,54,89,50,18,20,60,10,13"/><U42/><E125/><V24/><F100/><W31/><G109/><T84/><D110/><U122/><E42/><V76/><F76/><W45/><G119/><T28/><D44/><U56/><E96/><V53/><F116/><W90/><G90/><T69/><D69/><U30/><E30/><V129/><F24/><W106/><G106/><T123/><D123/><U43/><E43/><V120/><F120/><W36/><G36/><T26/><D84/><U61/><E61/><N who="2" m="40015" /><F124/><W32/><G32/><T47/><D47/><U37/><E37/><V92/><F92/><W27/><REACH who="3" step="1"/><G3/><REACH who="3" ten="220,280,250,240" step="2"/><T111/><D111/><U117/><E117/><V126/><F126/><W108/><G108/><T22/><D107/><U57/><E2/><V80/><F39/><W34/><G34/><T72/><D105/><U102/><E102/><V77/><F129/><W73/><G73/><T131/><D72/><U51/><E121/><V127/><F127/><W128/><G128/><T49/><REACH who="0" step="1"/><D131/><REACH who="0" ten="210,280,250,240" step="2"/><U15/><E122/><V134/><F134/><W12/><G12/><T95/><D95/><AGARI ba="0,2" hai="10,13,18,20,27,31,45,50,54,60,62,85,89,95" machi="95" ten="30,7700,0" yaku="1,1,7,1,8,1,52,1,53,0" doraHai="16" doraHaiUra="35" who="3" fromWho="0" sc="210,-77,280,0,250,0,240,97" /><INIT seed="2,0,0,5,0,36" ten="133,280,250,337" oya="2" hai0="100,32,47,1,37,129,93,7,52,79,17,62,116" hai1="40,45,89,114,11,39,9,124,65,16,83,56,110" hai2="12,86,4,31,30,26,48,104,46,51,76,90,27" hai3="127,34,99,69,121,70,19,41,131,117,49,85,0"/><V107/><F76/><W94/><G121/><T102/><D129/><U15/><E110/><V54/><F107/><W55/><G117/><T77/><D116/><U71/><E124/><V74/><F74/><W101/><G0/><T24/><D7/><U2/><E114/><V8/><F104/><W92/><G127/><T13/><D1/><U133/><E133/><V103/><F103/><W109/><G109/><T128/><D128/><U123/><E123/><V38/><F38/><W25/><G131/><T82/><D79/><U57/><E83/><V120/><F120/><W122/><G122/><T43/><D24/><N who="2" m="9258" /><F51/><W14/><G41/><T111/><D32/><U73/><E73/><V112/><F112/><W97/><G85/><T106/><D106/><U130/><E130/><V64/><F64/><W50/><G50/><T58/><D93/><AGARI ba="0,0" hai="4,8,12,30,31,46,48,54,86,90,93" m="9258" machi="93" ten="30,1500,0" yaku="8,1" doraHai="36" who="2" fromWho="0" sc="133,-15,280,0,250,15,337,0" /><INIT seed="2,1,0,4,1,120" ten="118,280,265,337" oya="2" hai0="47,113,65,86,117,51,119,73,31,12,93,132,62" hai1="26,58,52,84,94,13,71,105,90,80,53,30,40" hai2="81,60,135,106,131,126,116,123,115,46,19,82,59" hai3="49,128,48,133,89,24,63,96,85,104,110,8,127"/><V2/><F123/><W56/><G110/><T23/><D113/><U1/><E1/><V78/><F115/><W9/><G133/><T95/><D73/><U57/><E71/><V121/><F121/><W41/><G128/><T125/><D132/><U100/><E40/><V55/><F116/><W11/><G127/><T92/><D125/><U72/><E13/><V129/><F126/><W35/><G35/><T99/><D86/><U43/><E43/><V14/><F2/><W7/><G24/><T130/><D130/><N who="2" m="49674" /><F135/><W77/><G77/><T124/><D124/><U101/><E72/><V39/><F106/><W32/><G32/><T36/><D36/><U97/><E101/><V61/><F46/><W20/><G20/><T27/><D12/><U17/><E17/><V74/><F82/><W79/><G79/><T45/><D45/><U16/><E16/><V98/><F98/><W109/><G109/><T83/><D83/><U103/><E103/><V44/><F44/><W70/><G70/><T29/><D29/><U69/><E69/><V111/><F39/><W18/><G41/><T75/><D75/><U6/><E6/><V68/><F68/><W34/><G34/><T15/><D15/><U4/><E4/><V10/><F61/><W118/><G18/><T5/><D5/><U88/><E105/><V134/><F134/><W114/><G7/><T87/><D119/><U112/><E112/><V64/><F64/><N who="3" m="39015" /><G118/><T21/><D117/><U38/><E38/><V22/><F22/><W102/><G114/><T67/><D21/><N who="1" m="15695" /><E100/><V122/><F122/><W28/><G28/><RYUUKYOKU ba="1,0" sc="118,-30,280,10,265,10,337,10" hai1="52,53,57,58,80,84,88,90,94,97" hai2="10,14,19,55,59,60,74,78,81,111" hai3="8,9,11,48,49,85,89,96,102,104" /><INIT seed="2,2,0,4,4,19" ten="88,290,275,347" oya="2" hai0="115,97,13,71,44,95,31,91,30,88,14,74,80" hai1="11,123,33,34,69,89,0,43,21,135,12,59,128" hai2="37,61,125,9,124,134,102,93,126,46,79,45,130" hai3="114,39,20,3,106,98,101,117,26,108,78,16,113"/><V119/><F119/><W86/><G117/><T8/><D71/><U60/><E128/><V62/><F79/><W133/><G108/><T77/><D115/><N who="3" m="44041" /><G133/><T17/><D44/><N who="2" m="17002" /><F130/><W110/><G110/><T67/><D67/><U109/><E135/><V10/><F37/><W50/><G50/><T55/><D55/><U120/><E69/><V36/><F36/><W100/><G100/><T131/><D131/><U96/><E33/><V56/><F134/><W99/><G39/><T129/><D129/><U132/><E34/><V48/><F48/><W53/><G53/><T25/><D13/><U104/><E104/><V105/><F105/><W87/><G99/><T40/><D40/><U66/><E0/><V38/><F38/><W47/><G47/><T82/><D82/><U35/><E35/><V90/><F102/><W72/><G3/><T64/><D64/><U73/><E73/><V57/><F62/><W51/><G51/><T42/><D42/><U118/><E123/><V116/><F116/><W83/><AGARI ba="2,0" hai="16,20,26,72,78,83,86,87,98,101,106" m="44041" machi="83" ten="30,4000,0" yaku="11,1,52,1,54,1" doraHai="19" who="3" fromWho="3" sc="88,-12,290,-12,275,-22,347,46" /><INIT seed="3,0,0,5,3,130" ten="76,278,253,393" oya="3" hai0="108,82,106,16,43,28,133,45,57,1,35,91,4" hai1="117,93,13,20,101,103,123,29,114,32,3,62,75" hai2="85,92,118,42,128,59,7,124,100,47,8,12,18" hai3="66,41,0,27,127,60,68,87,72,21,109,76,33"/><W71/><G127/><T61/><D108/><U24/><E114/><V48/><F128/><W36/><G109/><T9/><D106/><U126/><E126/><V50/><F118/><W39/><G87/><T17/><D28/><U83/><E123/><V88/><F124/><W55/><G55/><T104/><D104/><U78/><E117/><V107/><F107/><W38/><G21/><T74/><D35/><U26/><E3/><V23/><F100/><W73/><G0/><T11/><D11/><U112/><E112/><V40/><F50/><W98/><G98/><T90/><D133/><U64/><E93/><V22/><F22/><W134/><G134/><T96/><D74/><N who="3" m="28777" /><G76/><T65/><D96/><U110/><E13/><V19/><F19/><W122/><G122/><T69/><D69/><U46/><E46/><V125/><F125/><W5/><G5/><T79/><D79/><U37/><E37/><V70/><F70/><N who="3" m="42311" /><G41/><T6/><D6/><U99/><E99/><V54/><REACH who="2" step="1"/><F47/><REACH who="2" ten="76,278,243,393" step="2"/><W132/><G132/><T80/><D17/><U49/><E49/><V31/><F31/><AGARI ba="0,1" hai="27,31,33,36,38,39,68,71" m="42311,28777" machi="31" ten="40,3900,0" yaku="33,2" doraHai="130" who="3" fromWho="2" sc="76,0,278,0,243,-39,393,49" /><INIT seed="3,1,0,0,1,131" ten="76,278,204,442" oya="3" hai0="95,10,42,118,14,8,74,52,93,83,106,68,87" hai1="72,102,110,70,99,19,5,69,13,121,122,132,64" hai2="40,107,21,39,46,101,53,55,25,50,73,34,124" hai3="62,127,111,36,63,9,133,31,81,92,45,76,59"/><W88/><G133/><T0/><D106/><U38/><E110/><V41/><F124/><W15/><G127/><T108/><D108/><U77/><E38/><V134/><F34/><W112/><G112/><T100/><D68/><U56/><E5/><V130/><F130/><W35/><G111/><T28/><D28/><U89/><E89/><V65/><F73/><W103/><G103/><T82/><D74/><U90/><E90/><V113/><F113/><W22/><G35/><T16/><D118/><U114/><E114/><V1/><F1/><W12/><G45/><T60/><D42/><U29/><E29/><V27/><F27/><W67/><G36/><T49/><D60/><U104/><E56/><V54/><F65/><W43/><G43/><T86/><D100/><U79/><E132/><V61/><F61/><W33/><G33/><T51/><D0/><U11/><E64/><V109/><F41/><W30/><G63/><T135/><D135/><U85/><E85/><V18/><F109/><W78/><G15/><T125/><D125/><U58/><E58/><V75/><F75/><W20/><G20/><T4/><D4/><U98/><E98/><N who="2" m="61879" /><F134/><W91/><G91/><T123/><D123/><N who="1" m="47115" /><E79/><N who="3" m="30250" /><G81/><T57/><D57/><U26/><E26/><V37/><F37/><W96/><G22/><T6/><D14/><U47/><E47/><V120/><F120/><W32/><G32/><T116/><D116/><U23/><E23/><V17/><F39/><W80/><G80/><T48/><D83/><N who="1" m="45479" /><E70/><V105/><F105/><W44/><G44/><T2/><D82/><U117/><E117/><RYUUKYOKU ba="1,0" sc="76,-30,278,10,204,10,442,10" hai1="11,13,19,69,99,102,104" hai2="17,18,21,25,40,46,50,53,54,55" hai3="9,12,30,31,59,62,67,88,92,96" /><INIT seed="3,2,0,0,2,89" ten="46,288,214,452" oya="3" hai0="61,8,25,129,63,135,66,0,59,71,100,17,39" hai1="28,72,96,113,88,30,46,112,127,98,32,81,110" hai2="3,97,87,94,23,49,79,27,105,38,111,95,82" hai3="74,52,54,134,37,11,18,21,80,108,104,124,2"/><W4/><G108/><T128/><D129/><U86/><E32/><V14/><F38/><W40/><G134/><T77/><D135/><U118/><E30/><N who="2" m="17791" /><F3/><W126/><G104/><T1/><D128/><U62/><E28/><V56/><F105/><W22/><G22/><T133/><D133/><U67/><E110/><V29/><F29/><W78/><G21/><T122/><D122/><U99/><E127/><N who="3" m="48682" /><G18/><T121/><D121/><U114/><E46/><AGARI ba="2,0" hai="2,4,11,37,40,46,52,54,74,78,80" m="48682" machi="46" ten="30,5800,0" yaku="25,1,18,1,54,1" doraHai="89" who="3" fromWho="1" sc="46,0,288,-64,214,0,452,64" /><INIT seed="3,3,0,2,3,8" ten="46,224,214,516" oya="3" hai0="110,131,74,50,112,57,56,76,99,120,34,60,21" hai1="23,30,22,4,13,20,54,123,102,65,7,119,12" hai2="40,33,89,86,125,117,32,135,104,48,5,100,105" hai3="35,122,51,15,64,126,77,92,49,116,31,84,55"/><W63/><G122/><T41/><D120/><U45/><E119/><V81/><F117/><W39/><G116/><T94/><D110/><U10/><E123/><V16/><F135/><W69/><G126/><T93/><D34/><U66/><E102/><V29/><F5/><N who="1" m="2121" /><E10/><V17/><F125/><W127/><G127/><T11/><D131/><U91/><E30/><V98/><F105/><W52/><G39/><T118/><D118/><U109/><E109/><V103/><F103/><W95/><G31/><T130/><D130/><U83/><E83/><V47/><REACH who="2" step="1"/><F33/><REACH who="2" ten="46,224,204,516" step="2"/><W27/><G35/><T2/><D112/><U85/><E91/><V79/><F79/><W25/><G77/><T132/><D76/><U14/><E85/><V106/><F106/><W71/><G84/><T108/><D132/><U82/><E82/><V18/><F18/><W80/><G80/><T68/><D74/><U59/><E45/><V42/><F42/><W101/><G101/><T134/><D41/><U133/><E133/><V107/><F107/><W96/><G96/><T97/><D99/><U53/><E59/><V6/><F6/><W115/><G115/><T87/><D97/><U19/><E19/><V9/><F9/><W0/><G92/><T111/><D134/><U78/><E78/><V124/><F124/><W24/><G95/><T88/><D108/><U43/><E43/><V37/><F37/><W38/><G38/><T67/><D111/><U121/><E121/><V26/><AGARI ba="3,1" hai="16,17,26,29,32,40,47,48,81,86,89,98,100,104" machi="26" ten="30,7900,0" yaku="1,1,0,1,54,1,53,1" doraHai="8" doraHaiUra="36" who="2" fromWho="2" sc="46,-23,224,-23,204,98,516,-42" /><INIT seed="4,0,0,2,3,63" ten="23,201,302,474" oya="0" hai0="75,77,32,11,26,118,102,9,28,50,53,14,41" hai1="46,85,122,24,70,58,131,84,27,65,33,112,132" hai2="91,89,111,38,1,74,135,71,83,113,133,31,123" hai3="55,44,15,88,125,101,82,8,39,128,6,61,90"/><T59/><D118/><U10/><E131/><V119/><RYUUKYOKU type="yao9" ba="0,0" sc="23,0,201,0,302,0,474,0" hai2="1,31,38,71,74,83,89,91,111,113,119,123,133,135" /><INIT seed="4,1,0,0,3,78" ten="23,201,302,474" oya="0" hai0="62,33,129,38,39,2,115,132,64,118,6,40,104" hai1="47,84,110,75,67,119,23,128,46,49,11,126,41" hai2="113,99,17,130,27,100,80,32,122,101,111,53,91" hai3="79,42,85,24,77,55,95,63,96,71,54,124,89"/><T109/><RYUUKYOKU type="yao9" ba="1,0" sc="23,0,201,0,302,0,474,0" hai0="2,6,33,38,39,40,62,64,104,109,115,118,129,132" /><INIT seed="4,2,0,5,1,118" ten="23,201,302,474" oya="0" hai0="10,87,7,55,27,40,64,100,34,134,113,103,122" hai1="67,94,51,61,76,128,80,65,41,17,4,73,33" hai2="90,25,52,9,19,83,3,21,15,49,30,23,24" hai3="126,14,124,44,101,20,119,74,111,112,32,120,37"/><T29/><D122/><U133/><E133/><V82/><F3/><W68/><RYUUKYOKU type="yao9" ba="2,0" sc="23,0,201,0,302,0,474,0" hai3="14,20,32,37,44,68,74,101,111,112,119,120,124,126" /><INIT seed="4,3,0,1,1,122" ten="23,201,302,474" oya="0" hai0="43,94,128,59,32,71,76,20,38,78,134,106,26" hai1="61,3,132,5,48,44,1,8,2,22,40,89,109" hai2="97,18,35,50,17,53,115,58,135,23,70,119,84" hai3="10,46,77,107,52,131,105,36,126,66,125,64,93"/><T68/><D106/><U116/><E116/><V9/><F115/><W37/><G77/><T45/><D32/><U19/><E132/><V60/><F135/><W56/><G93/><T27/><D128/><U33/><E33/><V111/><F35/><W86/><G86/><T113/><D113/><U130/><E130/><V57/><F70/><W81/><G81/><T65/><D134/><U74/><E74/><V31/><F119/><W7/><G131/><T0/><D0/><U104/><E104/><V6/><F31/><W96/><G105/><T90/><D27/><U69/><E109/><V28/><F97/><W101/><G64/><T133/><D133/><U91/><E91/><V123/><F111/><W121/><G66/><T80/><D59/><U21/><E21/><V102/><F102/><W99/><G99/><T100/><D100/><U13/><E89/><V85/><F28/><W49/><G121/><T29/><D65/><U127/><E127/><N who="3" m="48650" /><G56/><T129/><D129/><U55/><E69/><V79/><F79/><W14/><AGARI ba="3,0" hai="7,10,14,36,37,46,49,52,96,101,107" m="48650" machi="14" ten="30,2000,0" yaku="18,1,54,1" doraHai="122" who="3" fromWho="3" sc="23,-13,201,-8,302,-8,474,29" /><INIT seed="5,0,0,4,4,1" ten="10,193,294,503" oya="1" hai0="75,49,104,114,109,5,88,14,102,28,78,77,132" hai1="124,101,119,110,70,128,50,3,47,97,133,71,35" hai2="100,55,4,65,36,0,73,41,89,72,76,64,52" hai3="10,42,12,108,106,113,53,60,87,111,112,21,98"/><U33/><E119/><V7/><F100/><W94/><G42/><T57/><D109/><U84/><E110/><V67/><F89/><W48/><G60/><T131/><D131/><U83/><E128/><V56/><F56/><W30/><G106/><T44/><D114/><N who="3" m="44137" /><G87/><T25/><D132/><U121/><E133/><V80/><F73/><W38/><G38/><T18/><D5/><U29/><E121/><V90/><F90/><W81/><G81/><T39/><D39/><U127/><E3/><V63/><F63/><W2/><G2/><T11/><D57/><U85/><E33/><V34/><F7/><N who="3" m="3167" /><G21/><T43/><D75/><U130/><E130/><V13/><F13/><W86/><G86/><T126/><D126/><N who="1" m="48171" /><E85/><V122/><F122/><W135/><G30/><T24/><D24/><N who="1" m="18855" /><E50/><V27/><F27/><W118/><G118/><T105/><D105/><N who="1" m="63663" /><E47/><N who="2" m="23975" /><F34/><W79/><G135/><T23/><D102/><U51/><E51/><V74/><F74/><W32/><G32/><T20/><D104/><U134/><E134/><V37/><F37/><W99/><G99/><T120/><D120/><U129/><E129/><V46/><F46/><N who="3" m="27799" /><G79/><AGARI ba="0,0" hai="70,71,79,83,84" m="63663,18855,48171" machi="79" ten="30,1500,0" yaku="18,1" doraHai="1" who="1" fromWho="3" sc="10,0,193,15,294,0,503,-15" /><INIT seed="5,1,0,4,0,42" ten="10,208,294,488" oya="1" hai0="121,21,72,102,32,120,27,44,36,18,78,40,1" hai1="105,51,111,82,0,71,131,86,61,60,118,116,76" hai2="119,64,63,117,97,94,31,95,114,67,75,56,45" hai3="8,5,115,4,92,29,124,50,34,12,65,59,73"/><U107/><E131/><V33/><F75/><W80/><G115/><T101/><D32/><U87/><E0/><V28/><F95/><W109/><G109/><T112/><D112/><U81/><E51/><V126/><F114/><W91/><G124/><T90/><D90/><U85/><E71/><V53/><F126/><W69/><G69/><T52/><D121/><U10/><E10/><V11/><F11/><W55/><G65/><T7/><D120/><U96/><E96/><V57/><F67/><W35/><G29/><T54/><D102/><U13/><E13/><V127/><F127/><W14/><G80/><T79/><D101/><U25/><E25/><V68/><F68/><W100/><G100/><T66/><D66/><U113/><E113/><V62/><F28/><W17/><G73/><T38/><D36/><U16/><E16/><V9/><F9/><W123/><G123/><T134/><D134/><U93/><E93/><V30/><F33/><W83/><G83/><N who="1" m="31754" /><E76/><V89/><F119/><N who="1" m="45609" /><E111/><V130/><F130/><W110/><G110/><T3/><D72/><U77/><E77/><V43/><F117/><W15/><G34/><T37/><D79/><U108/><E108/><V48/><AGARI ba="1,0" hai="30,31,43,45,48,53,56,57,62,63,64,89,94,97" machi="48" ten="20,5200,0" yaku="0,1,7,1,8,1,52,1" doraHai="42" who="2" fromWho="2" sc="10,-14,208,-27,294,55,488,-14" owari="-4,-50.0,181,-22.0,349,15.0,474,57.0" /></mjloggm>