<mjloggm ver="2.3"><GO type="185" lobby="0"/><UN n0="%4F%4D%49%53%4F%2D%53" n1="%4E%45%47%49%54%53" n2="%69%6E%75%73%61%6E%34%31" n3="" dan="16,18,16,0" rate="2214.01,2331.23,2206.07,1500.00" sx="M,F,M,C"/><TAIKYOKU oya="0"/><INIT seed="0,0,0,0,3,82" ten="350,350,350,0" oya="0" hai0="80,49,119,105,88,103,118,116,106,86,114,134,111" hai1="76,47,42,85,124,58,79,115,121,135,93,100,3" hai2="38,48,133,61,104,101,81,75,123,51,37,34,64" hai3=""/><T110/><D114/><U71/><N who="1" m="31008" /><U43/><E71/><V131/><N who="2" m="31520" /><V55/><F34/><T45/><D134/><U62/><E3/><V35/><F35/><T120/><N who="0" m="30752" /><T97/><D49/><U1/><E124/><V32/><F32/><T46/><D46/><U125/><E125/><V128/><F133/><T130/><D45/><U40/><E1/><V72/><F51/><T59/><D59/><U70/><E70/><V74/><F81/><T39/><D39/><U63/><E135/><V83/><F83/><T65/><D65/><U67/><E115/><V96/><F61/><T36/><D36/><U73/><E73/><V57/><F64/><T98/><D130/><AGARI ba="0,0" hai="37,38,48,55,57,72,74,75,96,101,104,128,130,131" m="31520" machi="130" ten="50,3200,0" yaku="19,1,52,1" doraHai="82" who="2" fromWho="0" sc="350,-32,350,0,350,32,0,0" /><INIT seed="1,0,0,4,0,99" ten="318,350,382,0" oya="1" hai0="42,58,121,105,41,109,94,91,57,69,77,44,71" hai1="37,70,92,132,61,116,66,56,129,108,85,45,54" hai2="133,47,111,117,2,100,112,3,127,114,128,78,104" hai3=""/><U38/><E116/><V43/><F117/><T73/><N who="0" m="31008" /><T62/><D105/><U51/><E132/><V87/><F133/><T101/><D109/><U0/><E0/><V88/><F111/><T131/><D131/><U1/><E1/><V64/><F78/><T36/><D41/><U110/><E129/><V46/><F128/><T97/><D57/><U53/><E92/><V40/><F64/><T93/><D77/><U79/><E85/><V55/><F55/><T86/><D73/><U95/><E95/><V74/><F74/><T63/><D63/><U59/><E79/><V135/><F135/><T83/><REACH who="0" step="1"/><D94/><REACH who="0" ten="308,350,382,0" step="2"/><U134/><E134/><V81/><F3/><T33/><D33/><U84/><E84/><V90/><F2/><T72/><D72/><U113/><E113/><V122/><N who="2" m="31264" /><V76/><F114/><T65/><AGARI ba="0,1" hai="36,42,44,58,62,65,69,71,83,86,91,93,97,101" m="31008" machi="65" ten="20,9000,2" yaku="1,1,0,1,7,1,52,2,53,1" doraHai="99" doraHaiUra="39" who="0" fromWho="0" sc="308,100,350,-60,382,-30,0,0" /><INIT seed="2,0,0,0,5,41" ten="408,290,352,0" oya="2" hai0="0,122,59,75,133,32,2,56,113,103,48,51,100" hai1="40,115,42,110,93,3,83,111,91,87,134,50,49" hai2="132,53,131,124,81,129,60,33,114,44,130,34,92" hai3=""/><V80/><F114/><T95/><N who="0" m="31264" /><T72/><D95/><U73/><E3/><V43/><F124/><T38/><D38/><U57/><E115/><V37/><F132/><T76/><D113/><U71/><E71/><V45/><F92/><T52/><D133/><U127/><E134/><V55/><F60/><T58/><D32/><N who="2" m="12394" /><F55/><T79/><D59/><U98/><E127/><V1/><F1/><T36/><D36/><U101/><E73/><V68/><F68/><T121/><REACH who="0" step="1"/><D52/><REACH who="0" ten="398,290,352,0" step="2"/><U99/><E57/><V120/><N who="2" m="30752" /><AGARI ba="0,1" hai="0,2,48,51,56,58,72,75,76,79,100,103,120,121" m="31264" machi="120" ten="25,8000,1" yaku="1,1,2,1,22,2,52,1,53,0" doraHai="41" doraHaiUra="85" who="0" fromWho="2" sc="398,90,290,0,352,-80,0,0" /><INIT seed="4,0,0,4,4,58" ten="488,290,272,0" oya="0" hai0="115,110,67,83,34,52,62,0,1,116,114,111,87" hai1="3,44,132,78,2,80,113,128,101,89,91,122,100" hai2="37,96,36,39,45,97,60,125,41,92,46,84,82" hai3=""/><T93/><D34/><U90/><N who="1" m="31264" /><U81/><E132/><V99/><F125/><T53/><D116/><U119/><E119/><V47/><F41/><T126/><D93/><U85/><E128/><V121/><N who="2" m="31008" /><V86/><F92/><T123/><N who="0" m="31520" /><T69/><D126/><U102/><E113/><N who="0" m="43017" /><D1/><U120/><N who="1" m="30752" /><U129/><E129/><V72/><F72/><T64/><D64/><U71/><E71/><V94/><F94/><T133/><D0/><U70/><E70/><V118/><F118/><T63/><D133/><U40/><REACH who="1" step="1"/><E81/><REACH who="1" ten="488,280,272,0" step="2"/><V61/><REACH who="2" step="1"/><F82/><REACH who="2" ten="488,280,262,0" step="2"/><T76/><D53/><U98/><E98/><V42/><F42/><T75/><D75/><U117/><E117/><V48/><F48/><AGARI ba="0,2" hai="2,3,40,44,48,78,80,85,89,90,91,100,101,102" m="30752,31264" machi="48" ten="40,5200,0" yaku="1,1,52,2,53,0" doraHai="58" doraHaiUra="124" who="1" fromWho="2" sc="488,0,280,72,262,-52,0,0" /><INIT seed="5,0,0,2,1,127" ten="488,352,210,0" oya="1" hai0="120,113,81,125,1,115,108,129,65,39,2,50,111" hai1="88,38,104,52,72,0,41,96,49,124,105,68,56" hai2="106,86,60,74,71,122,131,83,133,116,128,32,101" hai3=""/><U87/><E0/><V103/><N who="2" m="31264" /><V70/><F32/><T73/><N who="0" m="30752" /><T102/><D125/><U134/><E124/><V89/><F116/><T47/><D39/><U62/><E72/><V107/><F74/><T33/><D65/><U63/><E134/><V79/><F133/><T67/><D67/><U110/><E110/><V64/><F71/><T117/><D102/><U40/><E38/><V51/><F51/><T132/><D33/><U45/><E96/><V82/><F79/><T48/><D117/><U78/><E78/><V59/><F70/><T114/><D132/><U80/><REACH who="1" step="1"/><E41/><REACH who="1" ten="488,342,210,0" step="2"/><V100/><REACH who="2" step="1"/><F83/><REACH who="2" ten="488,342,200,0" step="2"/><T119/><D119/><U130/><E130/><AGARI ba="0,2" hai="59,60,64,82,86,89,100,101,103,106,107,128,130,131" m="31264" machi="130" ten="40,12000,2" yaku="1,1,2,1,19,1,52,4,53,0" doraHai="127" doraHaiUra="37" who="2" fromWho="1" sc="488,0,342,-120,200,140,0,0" /><INIT seed="6,0,0,3,0,71" ten="488,222,340,0" oya="2" hai0="130,117,132,73,89,88,119,115,48,44,113,79,60" hai1="116,106,86,37,35,51,134,3,105,128,46,120,123" hai2="99,135,96,127,121,45,53,57,103,84,101,114,68" hai3=""/><V87/><N who="2" m="31008" /><V118/><F118/><N who="0" m="45066" /><D60/><U95/><N who="1" m="30752" /><U74/><N who="1" m="31520" /><U80/><E116/><V67/><F114/><N who="0" m="43530" /><D130/><U122/><N who="1" m="31264" /><U40/><E3/><V82/><F127/><T32/><D32/><U81/><E35/><V62/><F135/><T54/><D132/><U38/><E134/><V104/><F45/><T90/><D79/><U39/><E128/><V78/><F87/><T100/><D100/><U34/><E34/><V93/><REACH who="2" step="1"/><F68/><REACH who="2" ten="488,222,330,0" step="2"/><T124/><D73/><U2/><E2/><V52/><AGARI ba="0,1" hai="52,53,57,62,67,78,82,84,93,96,99,101,103,104" m="31008" machi="52" ten="30,12000,2" yaku="1,1,2,1,0,1,52,1,54,1,53,1" doraHai="71" doraHaiUra="91" who="2" fromWho="2" sc="488,-60,222,-60,330,130,0,0" owari="428,3.0,162,-44.0,460,41.0,0,0.0" /></mjloggm>