<mjloggm ver="2.3"><GO type="169" lobby="0"/><UN n0="%E5%90%89%E7%B1%B3%E8%80%81%E5%B8%AB" n1="%E3%81%95%E3%81%8F%E3%82%89%E3%81%93" n2="%6B%69%6D%38" n3="%47%2E%4B%2E" dan="16,16,18,16" rate="2066.09,2187.39,2207.30,2131.75" sx="M,M,M,M"/><TAIKYOKU oya="0"/><INIT seed="0,0,0,5,0,15" ten="250,250,250,250" oya="0" hai0="67,119,41,60,84,109,80,124,69,6,31,129,9" hai1="42,87,4,68,12,123,101,118,90,53,75,52,79" hai2="26,115,27,57,108,40,125,135,56,71,78,89,127" hai3="73,62,92,116,54,51,13,5,36,86,21,91,130"/><T96/><D119/><U23/><E118/><V82/><F115/><W20/><G116/><T22/><D124/><U46/><E123/><V128/><F71/><W2/><G130/><T122/><D122/><U47/><E68/><V35/><F108/><W24/><G36/><T18/><D129/><U106/><E47/><V95/><F40/><W43/><G73/><T83/><D31/><U3/><E3/><V100/><F100/><W59/><G2/><T98/><D41/><U72/><E72/><V37/><F37/><W77/><G77/><T7/><D83/><U93/><E106/><V126/><F135/><W50/><G43/><T133/><D133/><U97/><E75/><N who="2" m="43359" /><F128/><W120/><G120/><T10/><D7/><U25/><E79/><V55/><F35/><W1/><G1/><T64/><D64/><U70/><E70/><V131/><F131/><W44/><G44/><T105/><D105/><U103/><E103/><V19/><F19/><N who="3" m="10351" /><G5/><T134/><D134/><U102/><E102/><V38/><F38/><W81/><G81/><T48/><D6/><U94/><E46/><V49/><F57/><W33/><G33/><T65/><D109/><U32/><E32/><V63/><F49/><W28/><AGARI ba="0,0" hai="21,24,28,50,51,54,59,62,86,91,92" m="10351" machi="28" ten="30,2000,0" yaku="8,1,52,1" doraHai="15" who="3" fromWho="3" sc="250,-10,250,-5,250,-5,250,20" /><INIT seed="1,0,0,2,1,30" ten="240,245,245,270" oya="1" hai0="31,73,115,133,107,126,47,75,120,2,90,94,4" hai1="18,41,106,11,61,131,67,134,104,108,79,22,49" hai2="29,111,33,27,100,5,93,68,113,40,46,48,95" hai3="66,92,128,58,71,64,118,54,65,122,74,13,39"/><U10/><E131/><V21/><F111/><W59/><G74/><T8/><D115/><U42/><E79/><V85/><F113/><W62/><G122/><T24/><D107/><U86/><E108/><V28/><F68/><W19/><G128/><T17/><D120/><U129/><E129/><V101/><F5/><W77/><G118/><T51/><D17/><U91/><E134/><V119/><F119/><W127/><G127/><T125/><D133/><U9/><E49/><V56/><F56/><W12/><G39/><T87/><D126/><U23/><E106/><V63/><F63/><N who="3" m="36311" /><G77/><T53/><REACH who="0" step="1"/><D125/><REACH who="0" ten="230,245,245,270" step="2"/><U80/><E104/><V7/><F7/><W98/><G71/><T25/><D25/><U83/><E18/><V15/><F27/><W72/><G19/><T109/><D109/><U78/><E41/><V124/><F40/><W132/><G132/><T38/><D38/><U110/><E42/><V26/><F26/><W76/><G72/><T116/><D116/><U36/><E110/><V6/><F6/><W1/><G1/><T82/><D82/><U20/><E36/><V121/><F124/><W69/><G69/><T35/><AGARI ba="0,1" hai="2,4,8,24,31,35,47,51,53,73,75,87,90,94" machi="35" ten="20,5200,0" yaku="1,1,0,1,7,1,52,1,53,0" doraHai="30" doraHaiUra="70" who="0" fromWho="0" sc="230,62,245,-26,245,-13,270,-13" /><INIT seed="2,0,0,1,0,23" ten="292,219,232,257" oya="2" hai0="28,27,98,130,135,0,122,3,67,42,84,80,64" hai1="39,66,133,8,82,114,78,128,121,103,62,12,116" hai2="97,85,95,19,94,125,119,127,36,47,91,123,33" hai3="57,7,43,113,87,70,65,45,110,15,50,55,88"/><V32/><F123/><W24/><G110/><T131/><D122/><U108/><E108/><V44/><F19/><W61/><G113/><T124/><D42/><U74/><E116/><V54/><F119/><W4/><G15/><T79/><D124/><N who="2" m="47690" /><F54/><W35/><G35/><N who="2" m="13385" /><F36/><N who="3" m="21735" /><G24/><T31/><D31/><U120/><E114/><V132/><F132/><W5/><G5/><T17/><D28/><U14/><E39/><V48/><F48/><W107/><G107/><T73/><D135/><U20/><E133/><V37/><F37/><W22/><G22/><N who="0" m="13775" /><D73/><U112/><E112/><V59/><F59/><W99/><G99/><T21/><D98/><U1/><E120/><V109/><F109/><W56/><G57/><T2/><D21/><U115/><E20/><V96/><F97/><W11/><G11/><T34/><D34/><U10/><E10/><V81/><F95/><AGARI ba="0,0" hai="4,7,50,55,56,61,65,70,87,88,95" m="21735" machi="95" ten="30,2000,0" yaku="24,1,54,1" doraHai="23" who="3" fromWho="2" sc="292,0,219,0,232,-20,257,20" /><INIT seed="3,0,0,3,0,73" ten="292,219,212,277" oya="3" hai0="35,16,130,36,37,11,109,46,32,23,39,115,47" hai1="122,84,48,15,64,60,42,30,133,124,69,59,113" hai2="104,33,17,121,10,95,1,78,61,101,111,129,52" hai3="8,65,132,27,44,99,67,14,80,26,54,103,55"/><W12/><G132/><T76/><D109/><U81/><E122/><V131/><F111/><W114/><G114/><T110/><D110/><U88/><E133/><V50/><F33/><W107/><G80/><T40/><D115/><U19/><E124/><V126/><F104/><W2/><G2/><T13/><D130/><N who="2" m="49674" /><F61/><W21/><G14/><T58/><D76/><U29/><E113/><V70/><F70/><W57/><G44/><T105/><D105/><U22/><E69/><V127/><F121/><W82/><G82/><T75/><D75/><U106/><E106/><V24/><F78/><W7/><G26/><T85/><D85/><U66/><E66/><V128/><N who="2" m="49682" /><V71/><DORA hai="74" /><F71/><W97/><G97/><T117/><D58/><U51/><REACH who="1" step="1"/><E51/><REACH who="1" ten="292,209,212,277" step="2"/><V93/><F126/><W123/><G123/><T102/><D37/><U134/><E134/><V120/><F127/><W68/><G68/><T100/><D39/><U3/><E3/><V56/><F120/><W53/><REACH who="3" step="1"/><G57/><REACH who="3" ten="292,209,212,267" step="2"/><T87/><D36/><U92/><E92/><V6/><F101/><W63/><G63/><T31/><D100/><U41/><E41/><V125/><F125/><W18/><AGARI ba="0,2" hai="7,8,12,18,21,27,53,54,55,65,67,99,103,107" machi="18" ten="30,3000,0" yaku="1,1,0,1,53,0" doraHai="73,74" doraHaiUra="72,77" who="3" fromWho="3" sc="292,-10,209,-10,212,-10,267,50" /><INIT seed="3,1,0,4,5,26" ten="282,199,202,317" oya="3" hai0="52,78,111,30,24,27,96,36,87,15,88,98,2" hai1="48,71,54,130,34,0,76,21,100,39,104,8,124" hai2="17,40,25,128,61,16,118,80,32,14,85,126,5" hai3="112,38,121,94,58,119,46,122,60,67,47,1,31"/><W75/><G1/><T125/><D2/><U29/><E39/><V49/><F118/><W82/><G119/><T114/><D36/><U13/><E71/><V20/><F126/><W70/><G112/><T50/><D125/><U77/><E124/><V37/><F37/><W4/><G4/><T56/><D114/><U92/><E104/><V73/><F73/><W11/><G11/><T127/><D127/><U105/><E105/><V28/><F61/><W19/><G19/><T74/><D27/><U95/><E130/><V51/><F128/><W22/><G94/><N who="0" m="54559" /><D74/><U59/><E34/><V113/><F113/><W10/><G10/><T134/><D78/><U103/><E0/><V12/><F5/><W129/><G70/><T18/><D111/><U132/><E132/><V42/><F42/><W115/><G115/><T65/><D65/><U62/><E48/><V55/><F40/><W33/><G75/><T117/><D134/><U133/><E133/><V3/><F55/><W110/><G67/><T91/><D91/><U66/><E54/><V109/><F109/><W44/><G110/><T7/><D7/><N who="1" m="3231" /><E95/><V64/><F64/><W23/><G122/><T53/><D53/><U69/><E69/><V116/><F116/><W35/><G121/><T86/><D117/><U57/><E57/><V72/><F72/><W41/><G58/><T6/><D6/><U79/><E92/><V102/><F3/><W101/><G129/><T90/><D56/><U131/><E131/><V106/><F106/><W68/><G38/><T63/><D63/><U84/><E84/><V107/><F107/><RYUUKYOKU ba="1,0" sc="282,-10,199,30,202,-10,317,-10" hai1="21,29,59,62,66,76,77,79,100,103" /><INIT seed="4,2,0,4,1,125" ten="272,229,192,307" oya="0" hai0="76,135,108,74,71,54,11,114,93,101,15,133,122" hai1="110,7,40,32,117,113,12,91,25,38,66,79,107" hai2="45,50,10,60,100,67,121,9,73,77,65,19,81" hai3="44,132,105,24,21,123,127,119,58,1,95,34,86"/><T51/><D122/><U80/><E117/><V27/><F121/><W134/><G105/><T22/><D71/><U104/><E110/><V68/><F100/><W17/><G1/><T47/><D108/><U0/><E66/><V94/><F94/><W70/><G119/><T89/><D101/><U2/><E91/><V16/><F67/><W41/><G70/><T131/><D114/><U83/><E12/><V14/><F27/><W82/><G123/><T42/><D22/><U85/><E113/><V92/><F92/><W52/><G34/><T129/><D42/><U63/><E63/><V36/><F36/><W99/><G127/><T55/><D55/><U13/><E83/><V75/><F75/><W23/><G23/><T78/><D78/><U84/><E84/><V96/><F96/><W62/><G86/><N who="0" m="52407" /><D76/><U124/><E124/><V112/><F112/><W98/><G82/><T6/><D74/><U43/><E0/><V31/><F31/><W53/><G53/><T33/><D33/><U59/><E2/><V109/><F109/><W35/><G35/><T120/><D120/><U5/><E104/><V48/><F45/><W26/><G26/><T18/><D6/><U28/><E5/><V90/><F90/><N who="3" m="55671" /><G99/><T102/><D102/><U97/><E59/><V118/><F118/><W69/><G69/><T39/><D39/><AGARI ba="2,0" hai="17,21,24,39,41,44,52,58,62,132,134" m="55671" machi="39" ten="30,2000,0" yaku="25,1,54,1" doraHai="125" who="3" fromWho="0" sc="272,-26,229,0,192,0,307,26" /><INIT seed="5,0,0,2,5,3" ten="246,229,192,333" oya="1" hai0="77,4,92,93,130,123,94,71,134,63,61,14,124" hai1="45,30,18,114,108,24,70,95,40,51,22,121,110" hai2="135,46,96,39,88,19,85,62,106,109,118,74,131" hai3="10,32,97,105,28,8,89,15,13,132,54,65,113"/><U66/><E114/><V81/><F109/><N who="1" m="42089" /><E121/><V50/><F118/><W83/><G65/><T100/><D123/><U38/><E70/><V115/><F131/><W12/><G132/><T72/><D130/><U44/><E66/><V78/><F135/><W9/><G54/><T79/><D134/><U64/><E64/><V2/><F2/><W103/><G113/><T104/><D104/><U11/><E95/><N who="0" m="36425" /><D72/><U49/><E45/><V37/><F62/><N who="0" m="23562" /><D124/><U21/><E11/><V91/><F115/><W41/><G41/><T68/><D68/><U6/><E6/><V7/><F7/><W73/><G89/><T59/><D59/><U43/><E40/><V23/><F106/><W56/><G56/><T99/><D71/><U25/><AGARI ba="0,0" hai="18,21,22,24,25,30,38,43,44,49,51" m="42089" machi="25" ten="30,1500,0" yaku="10,1" doraHai="3" who="1" fromWho="1" sc="246,-5,229,15,192,-5,333,-5" /><INIT seed="5,1,0,0,0,58" ten="241,244,187,328" oya="1" hai0="44,0,113,110,39,50,133,76,33,134,66,48,92" hai1="3,65,27,22,91,67,123,37,17,24,128,26,30" hai2="83,126,73,85,69,60,104,18,52,131,95,62,111" hai3="12,102,28,135,32,4,19,9,80,49,46,51,130"/><U7/><E37/><V1/><F111/><W127/><G130/><T124/><D110/><U105/><E105/><V100/><F1/><W82/><G135/><N who="0" m="51723" /><D33/><U98/><E128/><V47/><F131/><W54/><G127/><T117/><D0/><U21/><E123/><V23/><F104/><W84/><G102/><T99/><D117/><U109/><E109/><V129/><F73/><W97/><G97/><T79/><D113/><U64/><E3/><V96/><F69/><W20/><G49/><N who="0" m="19051" /><D66/><U86/><E98/><V118/><F126/><W68/><G68/><T71/><D71/><U43/><E7/><V13/><F118/><W101/><G101/><N who="0" m="60647" /><D124/><U132/><E132/><V59/><F129/><W61/><G84/><T108/><D108/><U70/><E43/><AGARI ba="1,0" hai="39,43,44,76,79" m="60647,19051,51723" machi="43" ten="30,1000,0" yaku="20,1" doraHai="58" who="0" fromWho="1" sc="241,13,244,-13,187,0,328,0" /><INIT seed="6,0,0,3,0,11" ten="254,231,187,328" oya="2" hai0="114,7,77,109,96,37,8,59,107,48,51,81,36" hai1="112,44,30,64,9,2,19,27,14,12,60,129,13" hai2="17,35,5,130,6,23,45,135,87,124,123,42,49" hai3="65,88,66,95,0,110,108,118,115,83,104,29,117"/><V26/><F123/><W79/><G0/><T75/><D109/><N who="3" m="42089" /><G29/><T73/><D73/><U32/><E129/><V33/><F130/><W1/><G1/><T74/><D74/><U61/><E112/><V120/><F120/><W18/><G18/><T97/><D51/><U68/><E2/><V111/><F111/><W67/><G66/><T86/><D75/><U70/><E44/><V54/><F124/><W25/><G25/><T38/><D107/><U105/><E105/><V16/><F135/><W102/><G67/><AGARI ba="0,0" hai="9,12,13,14,19,27,30,32,60,61,64,67,68,70" machi="67" ten="40,8000,1" yaku="9,1,52,3" doraHai="11" who="1" fromWho="3" sc="254,0,231,80,187,0,328,-80" /><INIT seed="7,0,0,0,1,128" ten="254,311,187,248" oya="3" hai0="76,75,64,0,130,71,16,14,23,40,26,37,92" hai1="125,25,67,132,105,74,49,10,93,122,35,41,44" hai2="127,70,94,135,27,65,34,15,82,7,21,57,72" hai3="48,50,18,114,116,123,117,3,53,38,112,68,90"/><W54/><G3/><T84/><D0/><U103/><E132/><V129/><F129/><W101/><G101/><T24/><D130/><U86/><E74/><V1/><F127/><W78/><G78/><T97/><D75/><U66/><E122/><V107/><F107/><W59/><G18/><T60/><D37/><U118/><E118/><N who="3" m="45674" /><G90/><T55/><D40/><U119/><E125/><V62/><F70/><W31/><G31/><T88/><REACH who="0" step="1"/><D55/><REACH who="0" ten="244,311,187,248" step="2"/><U2/><E41/><V11/><F1/><W73/><G73/><T56/><D56/><U51/><E119/><V89/><F72/><W39/><G123/><T81/><AGARI ba="0,1" hai="14,16,23,24,26,60,64,71,76,81,84,88,92,97" machi="81" ten="30,7900,0" yaku="1,1,0,1,54,2,53,0" doraHai="128" doraHaiUra="106" who="0" fromWho="0" sc="244,89,311,-20,187,-20,248,-39" owari="333,43.0,291,9.0,167,-33.0,209,-19.0" /></mjloggm>