<mjloggm ver="2.3"><GO type="169" lobby="0"/><UN n0="%E7%B7%92%E6%96%B9%E6%99%BA%E7%B5%B5%E9%87%8C%2B" n1="%4B%4F%54%41%2A%2A" n2="%E7%A9%B4%E3%81%BD%E3%81%93%E4%BB%99%E4%BA%BA" n3="%53%2E%52" dan="16,17,16,16" rate="2097.03,2214.56,2162.23,2130.43" sx="M,F,M,M"/><TAIKYOKU oya="0"/><INIT seed="0,0,0,2,5,129" ten="250,250,250,250" oya="0" hai0="103,3,108,125,91,118,14,130,35,87,124,25,95" hai1="78,11,41,9,39,26,57,42,28,110,97,122,22" hai2="33,53,104,54,19,67,101,99,37,111,6,135,112" hai3="0,107,106,93,79,30,46,100,21,72,27,44,128"/><T32/><D118/><U80/><E122/><V64/><F112/><W34/><G0/><T96/><D3/><U88/><E110/><V12/><F111/><W134/><G128/><T17/><D130/><U98/><E39/><V50/><F37/><W127/><G127/><N who="0" m="48715" /><D25/><U117/><E117/><V24/><F6/><W8/><G8/><N who="1" m="3146" /><E78/><V10/><F135/><W59/><G134/><T65/><D65/><U55/><E98/><V115/><F115/><W62/><G79/><T49/><D108/><U2/><E2/><V40/><F40/><W29/><G72/><T13/><D49/><N who="1" m="30959" /><E97/><V73/><F73/><W84/><G30/><T74/><D74/><U38/><E38/><V70/><F50/><W68/><G84/><AGARI ba="0,0" hai="22,26,28,41,42,80,84,88" m="30959,3146" machi="84" ten="30,2000,0" yaku="8,1,54,1" doraHai="129" who="1" fromWho="3" sc="250,0,250,20,250,0,250,-20" /><INIT seed="1,0,0,0,5,96" ten="250,270,250,230" oya="1" hai0="66,69,76,118,8,49,45,94,38,5,43,74,32" hai1="103,99,81,122,127,126,123,21,29,40,98,48,41" hai2="129,0,1,62,90,134,30,125,37,63,92,70,72" hai3="68,57,14,84,88,89,55,3,111,10,108,105,53"/><U36/><E36/><V6/><F37/><W128/><G3/><T61/><D118/><U101/><E81/><V79/><F134/><W50/><G105/><T133/><D133/><U31/><E21/><V18/><F30/><W67/><G128/><T71/><D71/><U86/><E86/><V100/><F129/><W2/><G2/><T131/><D131/><U73/><E48/><V91/><F18/><W78/><G78/><T28/><D94/><U51/><E51/><V65/><F125/><W52/><G89/><T17/><D17/><U75/><AGARI ba="0,0" hai="29,31,40,41,73,75,98,99,101,103,122,123,126,127" machi="75" ten="25,12000,1" yaku="0,1,22,2,52,2" doraHai="96" who="1" fromWho="1" sc="250,-40,270,120,250,-40,230,-40" /><INIT seed="1,1,0,3,4,74" ten="210,390,210,190" oya="1" hai0="68,112,32,14,36,116,27,132,84,86,87,102,113" hai1="134,106,133,101,63,82,62,67,18,39,98,17,75" hai2="107,128,58,117,104,96,72,123,43,33,5,47,10" hai3="56,0,54,65,7,97,6,69,85,26,111,81,114"/><U22/><E39/><V120/><F117/><W13/><G114/><T28/><D116/><U30/><E30/><V110/><F33/><W119/><G0/><T131/><D68/><U130/><E130/><V124/><F110/><W129/><G119/><T21/><D36/><U55/><E55/><V109/><F109/><W92/><G111/><T80/><D102/><U76/><E63/><V57/><F128/><W77/><G65/><T121/><D131/><U93/><E106/><V100/><F107/><W2/><G2/><T94/><D132/><N who="1" m="50795" /><E22/><V122/><F124/><W59/><G69/><AGARI ba="1,0" hai="17,18,62,67,69,75,76,82,93,98,101" m="50795" machi="69" ten="30,2900,0" yaku="20,1,52,1" doraHai="74" who="1" fromWho="3" sc="210,0,390,32,210,0,190,-32" /><INIT seed="1,2,0,2,5,89" ten="210,422,210,158" oya="1" hai0="77,103,80,9,116,11,71,115,15,47,43,102,70" hai1="126,132,21,129,75,24,28,33,51,31,48,117,119" hai2="123,8,18,86,83,64,6,113,30,66,26,97,91" hai3="42,98,53,57,40,134,61,96,16,59,127,118,128"/><U84/><E75/><V55/><F123/><W100/><G118/><T63/><D115/><U120/><E120/><V133/><F133/><W107/><G134/><T62/><D116/><U36/><E36/><V85/><F97/><W68/><G68/><T69/><D9/><U45/><E132/><V44/><F113/><W73/><G73/><T105/><D63/><U121/><E121/><V79/><F18/><W10/><G128/><T4/><D62/><U114/><E114/><V95/><F55/><W104/><G127/><T27/><D27/><U1/><E1/><V82/><F82/><W0/><G59/><T23/><D23/><U92/><E129/><V109/><F44/><W46/><G0/><T90/><D90/><N who="1" m="53319" /><E126/><V49/><F49/><W25/><G46/><T106/><D106/><U130/><E130/><V88/><F91/><W110/><G110/><T37/><REACH who="0" step="1"/><D105/><REACH who="0" ten="200,422,210,158" step="2"/><U34/><E119/><V12/><F109/><W112/><G112/><T29/><D29/><U2/><E117/><V67/><F64/><W60/><G61/><T125/><D125/><U87/><E34/><AGARI ba="2,1" hai="6,8,12,26,30,34,66,67,79,83,85,86,88,95" machi="34" ten="30,3900,0" yaku="7,1,52,1,54,1" doraHai="89" who="2" fromWho="1" sc="200,0,422,-45,210,55,158,0" /><INIT seed="2,0,0,0,4,135" ten="200,377,265,158" oya="2" hai0="129,89,55,34,59,87,13,31,38,95,122,0,61" hai1="18,62,44,52,57,74,112,4,23,11,42,116,24" hai2="127,111,105,50,124,75,133,6,80,97,53,83,35" hai3="26,123,68,131,79,93,36,66,32,77,19,86,73"/><V63/><F35/><W107/><G123/><T72/><D122/><U81/><E112/><V99/><F133/><W125/><G107/><T10/><D129/><U118/><E81/><N who="2" m="31307" /><F75/><W9/><G73/><T108/><D108/><U104/><E104/><V22/><F111/><W56/><G68/><T70/><D38/><U69/><E69/><V48/><F6/><W128/><G36/><T43/><D0/><U27/><E27/><V121/><F121/><W120/><G120/><T84/><D43/><U39/><REACH who="1" step="1"/><E74/><REACH who="1" ten="200,367,265,158" step="2"/><V21/><F105/><W1/><G131/><T47/><D70/><U94/><E94/><V25/><F25/><W88/><G128/><T67/><D72/><U7/><E7/><V126/><F63/><N who="3" m="38247" /><G26/><T60/><D60/><U101/><E101/><V2/><F2/><AGARI ba="0,1" hai="2,4,11,18,23,24,39,42,44,52,57,62,116,118" machi="2" ten="30,3900,0" yaku="1,1,7,1,54,1,53,0" doraHai="135" doraHaiUra="85" who="1" fromWho="2" sc="200,0,367,49,265,-39,158,0" /><INIT seed="3,0,0,3,3,111" ten="200,416,226,158" oya="3" hai0="81,2,97,25,35,49,86,31,34,1,58,27,115" hai1="82,109,45,33,118,64,124,47,29,21,57,11,7" hai2="54,120,68,119,105,122,6,55,43,108,22,15,101" hai3="87,19,73,91,36,63,20,67,98,80,75,102,107"/><W127/><G127/><T117/><D117/><U76/><E109/><V126/><F68/><W88/><G91/><T90/><D97/><U30/><E33/><V38/><F126/><W130/><G36/><T13/><D13/><U16/><E124/><V85/><F108/><W48/><G48/><T66/><D115/><U133/><E133/><V78/><F119/><W103/><G102/><T79/><D79/><U92/><E92/><V17/><F6/><W9/><G9/><T53/><D66/><U134/><E134/><V93/><F105/><W46/><G46/><T72/><D72/><U116/><E116/><V18/><F18/><W61/><G61/><T39/><D39/><U4/><E30/><AGARI ba="0,0" hai="1,2,25,27,30,31,34,35,49,53,58,81,86,90" machi="30" ten="40,1300,0" yaku="9,1" doraHai="111" who="0" fromWho="1" sc="200,13,416,-13,226,0,158,0" /><INIT seed="4,0,0,3,3,21" ten="213,403,226,158" oya="0" hai0="68,87,91,49,115,59,69,71,126,112,73,31,64" hai1="83,63,116,84,122,117,34,95,134,54,6,50,26" hai2="86,25,100,93,103,23,58,11,121,9,66,15,81" hai3="98,53,108,135,27,109,124,28,33,133,56,29,110"/><T89/><D73/><U41/><E122/><V3/><F3/><W106/><G29/><T85/><D126/><U8/><E134/><N who="3" m="51210" /><G124/><T74/><D74/><U5/><E41/><V114/><F114/><N who="0" m="43562" /><D31/><U42/><E42/><V18/><F121/><W101/><G56/><T94/><D49/><U111/><E111/><V92/><F100/><W79/><G53/><T119/><D119/><U65/><E95/><V55/><F66/><W96/><G98/><N who="0" m="57679" /><D91/><U52/><E50/><N who="2" m="31095" /><F103/><W76/><AGARI ba="0,0" hai="27,28,33,76,79,96,101,106,108,109,110" m="51210" machi="76" ten="40,2700,0" yaku="20,1,52,1" doraHai="21" who="3" fromWho="3" sc="213,-13,403,-7,226,-7,158,27" /><INIT seed="5,0,0,2,5,95" ten="200,396,219,185" oya="1" hai0="90,40,43,3,9,14,99,46,38,20,67,24,130" hai1="5,131,22,117,69,68,36,71,33,74,8,27,91" hai2="70,111,18,75,63,54,12,122,48,107,10,15,45" hai3="115,113,123,28,93,129,88,60,42,31,55,11,100"/><U2/><E117/><V0/><F111/><W72/><G123/><T50/><D3/><U51/><E131/><V65/><F122/><W110/><G110/><T86/><D130/><U78/><E36/><V125/><F125/><W98/><G129/><T79/><D67/><U37/><E37/><V134/><F134/><W61/><G72/><T104/><D79/><U135/><E51/><V92/><F107/><W101/><G42/><T85/><D43/><U106/><E91/><V128/><F128/><W81/><G11/><T132/><D132/><U30/><E135/><V32/><F32/><W118/><G118/><T127/><D127/><U84/><E84/><V87/><F75/><W62/><G55/><T64/><D64/><U102/><E22/><V6/><F18/><W112/><G81/><T21/><D38/><U53/><E53/><V83/><REACH who="2" step="1"/><F92/><REACH who="2" ten="200,396,209,185" step="2"/><W59/><G59/><T16/><D104/><U124/><E124/><V29/><F29/><AGARI ba="0,1" hai="28,29,31,60,61,62,88,93,98,100,101,112,113,115" machi="29" ten="50,6400,0" yaku="15,1,52,1,54,1" doraHai="95" who="3" fromWho="2" sc="200,0,396,0,209,-64,185,74" /><INIT seed="6,0,0,2,4,20" ten="200,396,145,259" oya="2" hai0="94,8,73,72,128,31,63,95,21,84,67,11,81" hai1="130,39,108,19,110,77,6,127,113,1,114,109,117" hai2="62,70,41,56,2,60,37,53,75,92,118,132,58" hai3="28,105,48,120,80,85,74,135,86,45,64,17,97"/><V101/><F118/><W111/><G120/><T68/><D128/><U65/><E117/><V61/><F75/><W69/><G111/><T23/><D73/><U66/><E130/><V7/><F7/><W57/><G69/><T22/><D72/><U115/><E127/><V33/><F33/><W35/><G74/><T3/><D8/><N who="1" m="2127" /><E77/><V104/><F104/><W116/><G116/><T79/><D3/><U30/><E39/><V36/><F2/><W9/><G86/><T96/><D11/><U12/><E30/><V51/><F92/><W15/><G105/><T5/><D5/><U99/><E99/><V38/><F101/><W134/><G97/><T54/><D54/><U25/><E25/><V18/><F18/><W29/><G64/><T93/><REACH who="0" step="1"/><D31/><REACH who="0" ten="190,396,145,259" step="2"/><U34/><E110/><V131/><F131/><W129/><G129/><T50/><D50/><U123/><E109/><V100/><F132/><W76/><G28/><T124/><D124/><U71/><E108/><V102/><F41/><W89/><G29/><T27/><D27/><U107/><E113/><V46/><REACH who="2" step="1"/><F70/><REACH who="2" ten="190,396,135,259" step="2"/><W13/><G35/><T55/><D55/><U43/><E34/><V14/><F14/><W125/><G125/><T44/><D44/><U82/><E71/><V121/><F121/><W106/><G15/><T87/><D87/><U122/><E123/><V42/><F42/><W91/><G45/><T133/><D133/><N who="3" m="50697" /><G106/><T4/><D4/><U24/><E43/><V103/><AGARI ba="0,2" hai="36,37,38,46,51,53,56,58,60,61,62,100,102,103" machi="103" ten="40,12000,1" yaku="1,1,0,1,29,2,53,0" doraHai="20" doraHaiUra="88" who="2" fromWho="2" sc="190,-40,396,-40,135,140,259,-40" /><INIT seed="6,1,0,3,3,25" ten="150,356,275,219" oya="2" hai0="94,59,91,11,87,43,60,38,41,100,54,89,115" hai1="14,134,30,68,81,135,17,39,66,42,49,55,31" hai2="18,32,51,108,48,129,84,15,19,23,16,4,123" hai3="22,93,106,119,20,57,82,27,113,8,78,96,46"/><V98/><F123/><W7/><G119/><T33/><D115/><U77/><E39/><V92/><F129/><W83/><G106/><T70/><D33/><U29/><E42/><V117/><F117/><W128/><G128/><T13/><D70/><U116/><E116/><V103/><F108/><W44/><G113/><T64/><D100/><U35/><E68/><V102/><F32/><W85/><G82/><T36/><D36/><U118/><E66/><V40/><F103/><W2/><G57/><T107/><D107/><U26/><E118/><V74/><F74/><W73/><G73/><T53/><D53/><U99/><E99/><V37/><F4/><W124/><G20/><T105/><D105/><U69/><E69/><V28/><F84/><W127/><G124/><T109/><D38/><U131/><E131/><V6/><F37/><W97/><G97/><T86/><D64/><U9/><E81/><V121/><F40/><W61/><G61/><T12/><D12/><U90/><E90/><V63/><F63/><W62/><G62/><T65/><D65/><U120/><E77/><V104/><F104/><W24/><G24/><T10/><D10/><U130/><E120/><V79/><F79/><W132/><G127/><T45/><D45/><N who="1" m="28079" /><E130/><V126/><F121/><W125/><G125/><T76/><D76/><U80/><E80/><V88/><F102/><N who="3" m="60687" /><G132/><AGARI ba="1,0" hai="9,14,17,26,29,30,31,35,132,134,135" m="28079" machi="132" ten="30,7700,0" yaku="20,1,52,3" doraHai="25" who="1" fromWho="3" sc="150,0,356,80,275,0,219,-80" /><INIT seed="7,0,0,2,2,116" ten="150,436,275,139" oya="3" hai0="21,40,64,46,47,11,8,52,129,5,78,22,123" hai1="94,127,51,100,57,38,102,125,95,92,77,104,72" hai2="12,119,81,97,135,105,121,44,2,73,55,10,60" hai3="33,86,84,128,16,75,117,133,7,65,36,90,118"/><W42/><G75/><T74/><D123/><U108/><E38/><V99/><F2/><W122/><G122/><T67/><D74/><U41/><E108/><V101/><F119/><W9/><G33/><T17/><D78/><U76/><E57/><V96/><F135/><W15/><G133/><T19/><D129/><U31/><E31/><V115/><F115/><W53/><G128/><T111/><D111/><U50/><E41/><V131/><F131/><W54/><G84/><T48/><D5/><U132/><E132/><V30/><F30/><W68/><G68/><T79/><D79/><N who="1" m="30283" /><E104/><V110/><F73/><W28/><G65/><N who="0" m="25163" /><D47/><U4/><E4/><V66/><F81/><W87/><G86/><T26/><D40/><U98/><E98/><V83/><F83/><W82/><G28/><T27/><AGARI ba="0,0" hai="8,11,17,19,21,22,26,27,46,48,52" m="25163" machi="27" ten="30,2000,0" yaku="8,1,54,1" doraHai="116" who="0" fromWho="0" sc="150,20,436,-5,275,-5,139,-10" owari="170,-23.0,431,53.0,270,7.0,129,-37.0" /></mjloggm>