<mjloggm ver="2.3"><GO type="169" lobby="0"/><UN n0="%E5%9C%92%E7%94%B0%E8%B3%A2" n1="%E6%AF%94%E5%98%89%E6%84%9B%E6%9C%AA" n2="%6F%72%74%68%6F%70%65%64" n3="%74%2E%6F%2E%6F%2E%73" dan="16,16,16,18" rate="2079.35,2099.69,2050.07,2258.07" sx="M,F,M,M"/><TAIKYOKU oya="0"/><INIT seed="0,0,0,3,0,106" ten="250,250,250,250" oya="0" hai0="103,90,133,91,34,36,18,62,56,27,99,135,114" hai1="72,102,67,7,82,37,33,57,124,43,80,51,120" hai2="9,8,95,52,73,61,3,30,110,48,86,11,134" hai3="22,65,108,92,76,121,6,2,40,20,112,39,1"/><T93/><D114/><U100/><E120/><V14/><F3/><W5/><G112/><T122/><D36/><U12/><E33/><V71/><F110/><W119/><G119/><T123/><D34/><U60/><E37/><V25/><F134/><N who="0" m="51210" /><D27/><U79/><E124/><V75/><F14/><W55/><G108/><T69/><D69/><U41/><E80/><V87/><F71/><W49/><G65/><N who="0" m="39111" /><D18/><U113/><E113/><V111/><F61/><W0/><G121/><AGARI ba="0,0" hai="90,91,93,99,103,121,122,123" m="39111,51210" machi="121" ten="30,1500,0" yaku="20,1" doraHai="106" who="0" fromWho="3" sc="250,15,250,0,250,0,250,-15" /><INIT seed="0,1,0,2,4,128" ten="265,250,250,235" oya="0" hai0="51,89,52,3,119,62,131,85,61,68,5,63,25" hai1="4,98,72,56,123,46,86,60,93,8,109,7,10" hai2="27,28,112,31,115,36,48,24,97,32,35,106,20" hai3="21,80,105,30,133,43,19,69,127,26,47,55,83"/><T91/><D119/><U66/><E123/><V70/><F36/><W11/><G105/><T54/><D131/><U79/><E72/><V82/><F82/><W59/><G69/><T108/><D108/><U125/><E109/><V129/><F48/><W130/><G130/><T13/><D3/><U2/><E125/><V71/><F129/><W94/><G127/><T14/><D68/><U45/><E86/><V29/><F97/><W12/><G133/><T0/><D0/><U87/><E87/><V6/><F106/><W124/><G124/><T76/><D25/><U88/><REACH who="1" step="1"/><E79/><REACH who="1" ten="265,240,250,235" step="2"/><V15/><F112/><W104/><G80/><N who="0" m="47239" /><D54/><U22/><E22/><V100/><F115/><W73/><G83/><T113/><D113/><U40/><E40/><V50/><F20/><W17/><G73/><T126/><D126/><U33/><E33/><V118/><F32/><W77/><G77/><T114/><D114/><U135/><E135/><V122/><F35/><W1/><G43/><T90/><D5/><U103/><E103/><V96/><F6/><W110/><G55/><T49/><D52/><U64/><E64/><V84/><F84/><W58/><G110/><T42/><D42/><U74/><E74/><V134/><F134/><W75/><G75/><T111/><D111/><U65/><E65/><V23/><F23/><W95/><G21/><T121/><D121/><U117/><E117/><V101/><F122/><W44/><G26/><T53/><D53/><U120/><E120/><V16/><F27/><W67/><G67/><T99/><D99/><U41/><E41/><V107/><F24/><RYUUKYOKU ba="1,1" sc="265,15,240,15,250,-15,235,-15" hai0="13,14,49,51,61,62,63,89,90,91" hai1="2,4,7,8,10,45,46,56,60,66,88,93,98" /><INIT seed="0,2,1,1,5,34" ten="280,255,235,220" oya="0" hai0="43,134,6,21,40,77,103,50,49,73,57,100,69" hai1="95,41,0,8,13,75,80,92,5,125,108,87,24" hai2="62,35,65,66,99,58,70,16,44,133,38,12,32" hai3="30,121,119,56,131,19,84,90,107,94,83,82,97"/><T10/><D69/><U104/><E104/><V113/><F113/><W25/><G119/><T72/><D21/><U78/><E108/><V102/><F133/><W31/><G131/><T98/><D134/><U118/><E118/><V105/><F66/><W15/><G121/><T36/><D103/><U120/><E120/><V117/><F70/><W52/><G107/><T74/><D77/><U39/><E125/><V96/><F96/><W132/><G132/><T7/><D36/><U127/><E127/><V3/><F3/><W17/><G25/><T45/><D10/><U122/><E122/><V47/><F117/><W114/><G114/><T54/><REACH who="0" step="1"/><D43/><REACH who="0" ten="270,255,235,220" step="2"/><U124/><E124/><V111/><F38/><W20/><G17/><T64/><D64/><U67/><E67/><V79/><F79/><W126/><G126/><T86/><D86/><U28/><E87/><V51/><F35/><W93/><G82/><T14/><D14/><U26/><E13/><V59/><F32/><W109/><G109/><T60/><D60/><U9/><E9/><V110/><F111/><W115/><G115/><T106/><AGARI ba="2,2" hai="6,7,40,45,49,50,54,57,72,73,74,98,100,106" machi="106" ten="30,3000,0" yaku="1,1,0,1,53,0" doraHai="34" doraHaiUra="71" who="0" fromWho="0" sc="270,56,255,-12,235,-12,220,-12" /><INIT seed="0,3,0,1,2,109" ten="326,243,223,208" oya="0" hai0="132,43,87,80,51,79,30,114,27,11,54,69,76" hai1="85,113,108,124,120,118,97,31,73,129,0,29,78" hai2="82,81,75,23,10,135,20,17,111,101,34,130,36" hai3="15,53,86,90,88,72,55,28,32,58,6,100,38"/><T60/><D132/><U24/><E118/><V25/><F36/><W9/><G72/><T123/><D123/><U57/><E120/><V122/><F122/><W112/><G38/><T84/><D114/><U67/><E73/><V95/><F34/><W12/><G100/><T93/><D43/><U74/><E74/><V119/><F75/><W66/><G66/><T33/><D11/><U77/><E0/><V1/><F95/><W110/><G110/><T14/><D14/><U115/><E108/><V5/><F101/><W105/><G105/><T64/><D93/><U50/><E124/><V134/><F111/><W121/><G121/><T16/><D16/><U98/><E129/><V103/><F103/><W4/><G112/><N who="1" m="43082" /><E31/><V104/><F130/><W127/><G127/><T7/><D7/><U70/><E70/><V39/><F119/><W116/><G116/><T8/><D8/><U44/><E57/><V94/><F1/><W35/><G28/><T41/><D30/><U68/><E67/><V96/><F134/><W131/><G131/><T19/><D64/><U45/><E68/><V49/><F135/><W22/><G9/><T46/><D69/><U63/><E63/><V125/><F10/><W99/><G58/><T26/><D60/><U59/><E59/><V117/><F125/><W56/><G56/><T18/><D33/><N who="1" m="20647" /><E45/><V102/><F117/><W65/><G65/><T92/><D46/><U13/><E13/><V91/><F5/><W83/><G22/><T89/><D26/><U52/><E77/><V47/><F23/><W3/><G3/><T71/><D79/><RYUUKYOKU ba="3,0" sc="326,-10,243,30,223,-10,208,-10" hai1="44,50,52,78,85,97,98" /><INIT seed="1,4,0,2,3,36" ten="316,273,213,198" oya="1" hai0="79,90,132,127,39,42,23,99,110,44,12,29,59" hai1="71,26,98,116,31,5,84,102,66,2,103,130,61" hai2="89,131,101,46,1,75,133,109,52,126,32,22,115" hai3="8,83,43,62,96,78,111,13,107,65,77,91,30"/><U19/><E116/><V50/><F32/><W87/><G111/><T63/><D110/><U0/><E130/><V35/><F35/><W120/><G120/><T81/><D132/><U28/><E103/><V49/><F109/><W88/><G30/><T54/><D127/><U56/><E19/><V134/><F1/><W129/><G129/><T7/><D7/><U51/><E31/><V82/><F131/><W135/><G135/><N who="2" m="51721" /><F101/><W105/><G43/><T41/><D39/><U17/><E17/><V45/><F22/><W113/><G113/><T74/><D44/><U33/><E5/><V123/><F89/><W93/><G105/><T100/><D90/><U9/><E9/><V68/><F123/><W106/><G106/><T92/><REACH who="0" step="1"/><D12/><REACH who="0" ten="306,273,213,198" step="2"/><U6/><E6/><V58/><F126/><W47/><G47/><T85/><D85/><U53/><REACH who="1" step="1"/><E84/><REACH who="1" ten="306,263,213,198" step="2"/><V94/><F115/><W25/><G87/><T20/><D20/><U121/><E121/><V64/><F75/><W117/><G117/><T86/><D86/><U112/><E112/><V16/><F16/><W14/><G8/><T60/><D60/><U57/><E57/><V73/><F73/><W76/><G62/><T108/><D108/><U128/><E128/><V3/><F58/><W69/><G76/><T34/><D34/><U48/><E48/><V104/><F49/><W15/><G77/><T11/><D11/><U118/><E118/><V18/><F50/><W125/><G78/><T124/><D124/><U21/><E21/><V70/><F18/><W72/><G125/><T37/><D37/><U95/><AGARI ba="4,2" hai="0,2,26,28,33,51,53,56,61,66,71,95,98,102" machi="95" ten="20,12000,1" yaku="1,1,5,1,0,1,7,1,53,1" doraHai="36" doraHaiUra="67" who="1" fromWho="1" sc="306,-44,263,152,213,-44,198,-44" /><INIT seed="1,5,0,4,0,129" ten="262,415,169,154" oya="1" hai0="47,31,132,72,111,7,67,93,64,45,24,133,105" hai1="87,107,0,21,73,110,57,134,6,15,62,27,52" hai2="115,126,81,76,28,49,53,40,106,2,122,22,18" hai3="9,12,66,42,33,44,85,54,16,75,127,43,65"/><U11/><E73/><V29/><F122/><W78/><G127/><T92/><D105/><U55/><E107/><V102/><F2/><W74/><G33/><T121/><D72/><U48/><E110/><V135/><F40/><N who="3" m="15403" /><G74/><T95/><D7/><U91/><E0/><V10/><F115/><W112/><G75/><T100/><D100/><U61/><E55/><V103/><F126/><W80/><G112/><T50/><D111/><U108/><E134/><N who="0" m="51817" /><D121/><U41/><E41/><V34/><F34/><W114/><G114/><T14/><D14/><U68/><E68/><V23/><F102/><W99/><G99/><T101/><D101/><U20/><E108/><V63/><F103/><W117/><G117/><T5/><D5/><U77/><E77/><V109/><F76/><W19/><G19/><T38/><D38/><U1/><E1/><V37/><F18/><W113/><G113/><T8/><D8/><U86/><E86/><V46/><F109/><W36/><G36/><T120/><D120/><U83/><REACH who="1" step="1"/><E21/><REACH who="1" ten="262,405,169,154" step="2"/><V26/><F23/><W17/><G65/><N who="0" m="25163" /><D50/><U70/><E70/><V130/><F49/><N who="3" m="28967" /><G66/><T59/><D59/><U51/><E51/><V13/><F37/><W89/><G78/><T58/><D58/><U84/><E84/><V123/><F135/><W30/><G12/><T82/><D47/><U79/><E79/><V60/><F123/><W118/><G118/><T128/><D45/><U69/><E69/><V88/><F46/><W35/><G9/><T94/><N who="0" m="23552" /><DORA hai="119" /><T90/><D128/><U56/><E56/><V3/><F106/><W125/><G125/><RYUUKYOKU ba="5,1" sc="262,-15,405,15,169,-15,154,15" hai1="6,11,15,20,27,48,52,57,61,62,83,87,91" hai3="16,17,30,35,80,85,89" /><INIT seed="1,6,1,3,1,86" ten="247,420,154,169" oya="1" hai0="42,63,82,97,89,65,78,24,90,44,66,99,12" hai1="30,83,49,34,128,16,25,33,36,118,109,92,96" hai2="19,98,130,10,1,28,132,64,131,100,41,126,17" hai3="20,38,58,15,55,87,119,74,102,115,26,123,71"/><U56/><E118/><V60/><F41/><W40/><G123/><T32/><D12/><U29/><E36/><V85/><F28/><W108/><G74/><T69/><D66/><U43/><E128/><N who="2" m="49195" /><F85/><W53/><G71/><T27/><D99/><U120/><E120/><V9/><F126/><W106/><G115/><T21/><D32/><U80/><E109/><V48/><F48/><W73/><G73/><T18/><D27/><U72/><E72/><V50/><F50/><W79/><G108/><T57/><D69/><U107/><E107/><N who="2" m="63895" /><F132/><W134/><G134/><T76/><D97/><U114/><E114/><V104/><F104/><W51/><G38/><T129/><D129/><U88/><E43/><V111/><F111/><W2/><G40/><T84/><D78/><U133/><E133/><V68/><F1/><W112/><G112/><T127/><D127/><U5/><E34/><V7/><F7/><W54/><G2/><T95/><D95/><U35/><E5/><V14/><F19/><W117/><G87/><T39/><AGARI ba="6,1" hai="18,21,24,39,42,44,57,63,65,76,82,84,89,90" machi="39" ten="20,5200,0" yaku="0,1,7,1,52,2" doraHai="86" who="0" fromWho="0" sc="247,80,420,-32,154,-19,169,-19" /><INIT seed="2,0,0,1,3,104" ten="327,388,135,150" oya="2" hai0="132,103,122,0,25,96,70,10,45,118,119,26,56" hai1="63,34,75,98,48,121,87,61,95,110,51,108,65" hai2="130,71,19,129,102,53,12,57,84,77,47,66,27" hai3="21,7,9,93,17,113,80,55,5,109,111,97,49"/><V28/><F102/><W38/><G38/><T125/><D70/><U36/><E36/><V133/><F47/><W33/><G33/><T112/><D122/><U6/><E34/><V117/><F117/><N who="0" m="44554" /><D112/><U88/><E121/><V79/><F66/><W58/><G113/><T2/><D132/><U15/><E75/><V3/><F3/><N who="0" m="1066" /><D125/><U72/><E72/><V11/><F71/><W131/><G131/><N who="2" m="50185" /><F133/><W116/><G116/><T127/><D127/><U128/><E128/><V60/><F84/><W99/><G80/><T101/><D10/><N who="1" m="4567" /><E87/><V8/><F8/><W16/><G9/><T67/><D45/><U135/><E135/><V35/><AGARI ba="0,0" hai="11,12,19,27,28,35,53,57,60,77,79" m="50185" machi="35" ten="30,1500,0" yaku="19,1" doraHai="104" who="2" fromWho="2" sc="327,-5,388,-5,135,15,150,-5" /><INIT seed="2,1,0,2,4,2" ten="322,383,150,145" oya="2" hai0="108,65,1,80,53,111,99,52,67,62,24,37,121" hai1="72,131,56,96,115,101,98,86,10,36,6,64,90" hai2="21,14,26,130,55,74,17,70,126,87,46,124,12" hai3="84,103,47,8,69,42,7,117,43,19,58,31,18"/><V3/><F74/><W85/><G117/><T54/><D121/><U61/><E115/><V134/><F70/><W66/><G69/><T114/><D114/><U59/><E72/><V91/><F3/><W57/><G31/><T76/><D37/><U93/><E36/><V33/><F130/><W68/><G103/><T48/><D1/><U82/><E131/><V73/><F73/><W122/><G68/><N who="0" m="42039" /><D99/><N who="1" m="59631" /><E59/><V125/><F33/><W28/><G28/><T135/><D24/><U45/><E45/><V32/><F32/><W128/><G122/><T35/><D35/><U104/><E104/><V23/><F134/><W77/><G128/><T38/><D38/><U22/><E22/><V9/><F26/><W78/><G47/><N who="0" m="27679" /><D135/><U79/><E79/><V107/><F107/><W123/><G66/><T5/><D67/><U116/><E116/><V16/><F17/><W94/><G94/><T81/><D76/><U29/><E29/><V51/><F14/><AGARI ba="1,0" hai="6,10,14,56,61,64,82,86,90,96,98" m="59631" machi="14" ten="30,2000,0" yaku="8,1,52,1" doraHai="2" who="1" fromWho="2" sc="322,0,383,23,150,-23,145,0" /><INIT seed="3,0,0,5,2,99" ten="322,406,127,145" oya="3" hai0="26,72,125,38,118,129,114,66,109,58,104,37,14" hai1="89,85,35,93,7,2,39,120,28,23,16,56,17" hai2="42,30,13,70,132,34,75,49,67,101,133,18,68" hai3="82,41,74,5,11,6,61,32,47,31,80,130,29"/><W62/><G130/><T44/><D14/><U83/><E120/><V110/><F75/><W108/><G108/><T107/><D26/><N who="1" m="16479" /><E39/><V45/><F110/><W27/><G29/><T65/><D72/><U78/><E2/><V123/><F123/><W64/><G5/><T131/><D109/><U60/><E35/><V81/><F81/><W88/><G88/><T15/><D15/><U97/><E7/><V3/><F3/><W22/><G22/><T76/><D76/><U40/><E40/><V115/><F115/><W46/><G46/><T53/><D114/><U69/><E69/><V126/><F126/><W121/><G121/><T102/><D44/><U54/><AGARI ba="0,0" hai="16,17,54,56,60,78,83,85,89,93,97" m="16479" machi="54" ten="30,2000,0" yaku="8,1,54,1" doraHai="99" who="1" fromWho="1" sc="322,-5,406,20,127,-5,145,-10" /><INIT seed="4,0,0,2,0,84" ten="317,426,122,135" oya="0" hai0="120,105,133,54,21,132,25,87,109,27,38,121,117" hai1="67,44,94,8,106,45,100,113,64,134,112,123,7" hai2="72,34,88,18,59,86,3,62,74,103,90,95,68" hai3="35,14,9,41,73,135,0,108,124,13,29,57,118"/><T79/><D38/><U22/><E106/><V69/><F3/><W128/><G73/><T81/><D105/><U33/><E33/><V40/><F34/><W82/><G41/><T102/><D102/><U115/><E123/><V71/><F103/><W122/><G57/><T78/><D117/><U42/><E134/><N who="0" m="51817" /><D109/><U26/><E100/><V75/><F40/><W43/><G43/><T80/><D54/><U36/><E45/><V15/><F90/><W52/><G52/><T96/><D96/><U91/><E8/><V20/><REACH who="2" step="1"/><F69/><REACH who="2" ten="317,426,112,135" step="2"/><W125/><G135/><T119/><D119/><U2/><E2/><V1/><F1/><W92/><G118/><T93/><D121/><U58/><E42/><V89/><F89/><W6/><G122/><T104/><D120/><U5/><E91/><V49/><F49/><W98/><G108/><T131/><D79/><U37/><E37/><V31/><F31/><W50/><G50/><T51/><D78/><U28/><E36/><V110/><F110/><W12/><G29/><T111/><D51/><U19/><E28/><V32/><F32/><W55/><G35/><T107/><D111/><U47/><E112/><V39/><F39/><W97/><G0/><T61/><D61/><U83/><E113/><V85/><F85/><W60/><G98/><T101/><D87/><U63/><E115/><V56/><F56/><N who="3" m="34847" /><G82/><T24/><D81/><U23/><E83/><V76/><F76/><W129/><G97/><T10/><D80/><U11/><E58/><V53/><AGARI ba="0,1" hai="15,18,20,53,59,62,68,71,72,74,75,86,88,95" machi="53" ten="30,7900,0" yaku="1,1,0,1,52,1,54,1,53,0" doraHai="84" doraHaiUra="127" who="2" fromWho="2" sc="317,-39,426,-20,112,89,135,-20" /><INIT seed="5,0,0,5,1,78" ten="278,406,201,115" oya="1" hai0="117,38,95,21,73,39,45,86,99,82,100,89,69" hai1="107,20,124,134,44,71,84,48,90,132,56,113,40" hai2="25,104,130,92,8,101,18,1,110,98,103,108,111" hai3="52,87,63,83,121,72,66,93,29,32,27,116,13"/><U51/><E71/><V4/><F130/><W81/><G121/><T28/><D117/><U125/><E107/><V59/><F59/><W54/><G116/><T14/><D69/><U43/><E20/><V79/><F79/><W119/><G119/><T96/><D73/><U57/><E84/><V129/><F129/><W135/><G135/><N who="1" m="51754" /><E90/><V97/><F25/><W33/><G33/><T35/><D35/><U49/><E113/><V109/><N who="2" m="27648" /><DORA hai="19" /><V23/><F18/><W26/><G72/><T122/><D122/><U128/><E128/><V47/><F47/><W67/><G93/><T112/><D112/><U42/><E44/><V75/><F75/><W3/><G3/><T30/><D99/><U105/><E105/><V36/><F23/><W24/><G32/><T5/><D45/><U131/><E131/><V91/><REACH who="2" step="1"/><F36/><REACH who="2" ten="278,406,191,115" step="2"/><W9/><G29/><T77/><D39/><U41/><N who="1" m="10240" /><DORA hai="17" /><U114/><E114/><V106/><F106/><W16/><G67/><T64/><D64/><U50/><N who="1" m="12288" /><DORA hai="65" /><U115/><E115/><V12/><F12/><W133/><G133/><T120/><D38/><U10/><E10/><V58/><F58/><AGARI ba="0,1" hai="56,57,58,124,125" m="12288,10240,51754" machi="58" ten="60,12000,1" yaku="28,2,20,1,34,2" doraHai="78,19,17,65" who="1" fromWho="2" sc="278,0,406,130,191,-120,115,0" /><INIT seed="5,1,0,1,3,53" ten="278,536,71,115" oya="1" hai0="121,71,80,78,99,15,73,39,37,85,135,130,1" hai1="59,98,44,103,100,91,81,65,68,22,88,86,57" hai2="6,93,56,124,10,70,67,17,26,87,108,106,113" hai3="60,74,114,116,49,25,16,83,76,48,55,0,109"/><U92/><E68/><V19/><F106/><W101/><G109/><T117/><D1/><U46/><E22/><V38/><F38/><W29/><G114/><T21/><D117/><U54/><E65/><V72/><F72/><W79/><G116/><T58/><D71/><U34/><E34/><V94/><F124/><W75/><G0/><T119/><D119/><U33/><E33/><V45/><F45/><N who="1" m="17513" /><E59/><V66/><F70/><W90/><G101/><T107/><D121/><U13/><E13/><V131/><F131/><W120/><G120/><T52/><D130/><U12/><E12/><V89/><F108/><W7/><G74/><T47/><D135/><U41/><E41/><V23/><F113/><W82/><G75/><T64/><D64/><U123/><E123/><V122/><F122/><W118/><G118/><T31/><D47/><U50/><AGARI ba="1,0" hai="50,54,57,81,86,88,91,92,98,100,103" m="17513" machi="50" ten="30,6000,0" yaku="8,1,52,1,54,1" doraHai="53" who="1" fromWho="1" sc="278,-21,536,63,71,-21,115,-21" /><INIT seed="5,2,0,4,1,107" ten="257,599,50,94" oya="1" hai0="41,134,124,52,9,11,65,20,94,75,4,57,48" hai1="28,120,113,35,43,30,77,83,29,33,42,98,66" hai2="12,1,89,53,38,73,78,127,22,58,0,61,31" hai3="80,17,72,118,23,123,99,112,79,60,59,110,122"/><U92/><E120/><V67/><F38/><W49/><G110/><T133/><D124/><U50/><E113/><V13/><F127/><W128/><G112/><T10/><D75/><U116/><E116/><V131/><F131/><W34/><G34/><T114/><D114/><U121/><E121/><V88/><F31/><W90/><G128/><T106/><D106/><U71/><E71/><V37/><F37/><W101/><G118/><T115/><D115/><U44/><E66/><V69/><F1/><W32/><G32/><T102/><D41/><N who="1" m="15371" /><E33/><V126/><F0/><W39/><G39/><T97/><D20/><U27/><E27/><V105/><F105/><W2/><G2/><T132/><D65/><U109/><E109/><V76/><F76/><W54/><G49/><T5/><AGARI ba="2,0" hai="4,5,9,10,11,48,52,57,94,97,102,132,133,134" machi="5" ten="40,5200,0" yaku="0,1,20,1,54,1" doraHai="107" who="0" fromWho="0" sc="257,58,599,-28,50,-15,94,-15" /><INIT seed="6,0,0,1,4,32" ten="315,571,35,79" oya="2" hai0="8,24,80,78,64,98,5,113,111,54,51,22,133" hai1="65,45,16,86,55,123,134,38,84,79,23,135,60" hai2="10,127,72,99,95,34,36,96,42,52,109,74,121" hai3="12,125,1,47,31,4,130,104,28,89,9,93,118"/><V73/><F121/><W126/><G118/><T17/><D111/><U105/><E105/><V132/><F34/><W44/><G104/><T58/><D113/><U33/><E33/><V56/><F109/><W20/><G130/><T49/><D133/><N who="1" m="50699" /><E79/><V43/><F132/><W119/><G119/><T114/><D114/><U67/><E67/><V131/><F131/><W117/><G117/><T66/><D98/><U27/><E123/><V39/><F10/><W2/><G44/><T69/><D51/><N who="1" m="29167" /><E38/><V21/><F127/><N who="3" m="48651" /><G47/><T87/><D69/><AGARI ba="0,0" hai="16,23,27,60,65,69,84,86" m="29167,50699" machi="69" ten="30,2000,0" yaku="20,1,54,1" doraHai="32" who="1" fromWho="0" sc="315,-20,571,20,35,0,79,0" /><INIT seed="7,0,0,4,4,30" ten="295,591,35,79" oya="3" hai0="125,69,68,53,99,111,44,83,16,50,96,117,2" hai1="123,116,135,26,97,39,107,106,33,133,101,85,105" hai2="47,121,59,119,11,58,88,7,42,128,65,14,75" hai3="87,49,127,124,132,114,51,81,102,1,115,108,63"/><W5/><G102/><T74/><D2/><U32/><E123/><V38/><F119/><W82/><G63/><T46/><D117/><U45/><E116/><V27/><F121/><W34/><G132/><N who="1" m="50762" /><E85/><V15/><F128/><W134/><G134/><T66/><D53/><U70/><E70/><V25/><F75/><W71/><G71/><T22/><D16/><U60/><E60/><V8/><F65/><W31/><G108/><T23/><D50/><N who="3" m="18953" /><G5/><T6/><D46/><U57/><E57/><V91/><F59/><W21/><G21/><T95/><D23/><U104/><E26/><V122/><F122/><W77/><G1/><T4/><D4/><U36/><E45/><V12/><F58/><W129/><G81/><T64/><D95/><U73/><E73/><V43/><F43/><W24/><G129/><T92/><D83/><U52/><E52/><V56/><F56/><W37/><G37/><AGARI ba="0,0" hai="32,33,36,37,39,97,101,104,105,106,107" m="50762" machi="37" ten="40,8000,1" yaku="20,1,23,1,52,2" doraHai="30" who="1" fromWho="3" sc="295,0,591,80,35,0,79,-80" owari="295,10.0,671,76.0,35,-36.0,-1,-50.0" /></mjloggm>