<mjloggm ver="2.3"><GO type="169" lobby="0"/><UN n0="%E9%81%8A%E8%B5%B0" n1="%E9%95%B7%E5%B2%A1" n2="%E3%83%86" n3="%E3%81%B9%E3%81%BB%E3%81%84%E3%81%BF" dan="16,16,16,16" rate="2162.70,2076.18,2021.67,2111.90" sx="F,M,M,F"/><TAIKYOKU oya="0"/><INIT seed="0,0,0,4,5,14" ten="250,250,250,250" oya="0" hai0="8,111,124,29,97,112,18,10,9,69,89,49,33" hai1="30,72,77,46,119,81,101,70,83,21,108,41,44" hai2="99,34,98,13,78,36,53,68,105,5,58,19,48" hai3="38,76,51,42,84,113,16,61,12,66,15,28,110"/><T59/><D112/><U90/><E119/><V43/><F78/><W92/><G110/><T131/><D69/><U65/><E108/><V106/><F34/><W93/><G38/><T26/><D111/><U67/><E101/><V127/><F5/><W126/><G126/><T45/><D124/><U87/><E70/><V74/><F74/><W120/><G28/><T52/><D131/><U122/><E122/><V3/><F3/><W73/><G73/><T80/><D59/><U62/><E62/><V54/><F68/><W109/><G15/><T123/><D123/><U37/><REACH who="1" step="1"/><E46/><REACH who="1" ten="250,240,250,250" step="2"/><V91/><F127/><W133/><G120/><T129/><D129/><U104/><E104/><V118/><F106/><W115/><G109/><T79/><D79/><U63/><E63/><V57/><F105/><W64/><G61/><T88/><D89/><U103/><E103/><V31/><F91/><W23/><G113/><T40/><D40/><U2/><E2/><V114/><F43/><W17/><G115/><T132/><D132/><U128/><E128/><V75/><F118/><W130/><G133/><T27/><D97/><U82/><E82/><V95/><F99/><W121/><G130/><T11/><N who="0" m="2048" /><DORA hai="100" /><T20/><REACH who="0" step="1"/><D88/><REACH who="0" ten="240,240,250,250" step="2"/><U134/><E134/><V107/><F98/><W24/><G42/><T4/><D4/><U35/><E35/><V96/><F96/><W39/><G121/><T86/><D86/><U135/><E135/><V25/><F114/><W7/><G84/><T32/><D32/><U117/><E117/><V125/><F125/><W22/><G7/><T47/><D47/><RYUUKYOKU ba="0,2" sc="240,15,240,15,250,-15,250,-15" hai0="18,20,26,27,29,33,45,49,52,80" hai1="21,30,37,41,44,65,67,72,77,81,83,87,90" /><INIT seed="0,1,2,3,1,62" ten="255,255,235,235" oya="0" hai0="11,8,83,109,14,51,44,32,130,115,57,81,121" hai1="77,42,73,3,48,31,61,7,65,34,26,134,120" hai2="94,72,101,43,114,123,63,22,74,5,59,110,36" hai3="117,92,6,4,78,119,56,37,25,79,71,24,127"/><T105/><D121/><U16/><E120/><V75/><F114/><W18/><G37/><T69/><D115/><U23/><E134/><V21/><F110/><W128/><G127/><T125/><D105/><U132/><E132/><V112/><F112/><W111/><G92/><T9/><D69/><U41/><E48/><V52/><F5/><W53/><G18/><T46/><D109/><U85/><E73/><V108/><F108/><W47/><G47/><N who="0" m="17963" /><D32/><U35/><E77/><V33/><F33/><W45/><G45/><T89/><D125/><U91/><E35/><V84/><F43/><W0/><G111/><T87/><D130/><U10/><E85/><V38/><F123/><W97/><G56/><T104/><D104/><U40/><E91/><V113/><F113/><W17/><G17/><N who="0" m="8391" /><D83/><U129/><E129/><V107/><F107/><W100/><G71/><T99/><D99/><U60/><REACH who="1" step="1"/><E65/><REACH who="1" ten="255,245,235,235" step="2"/><V1/><F38/><W68/><G128/><T126/><D126/><U50/><E50/><V131/><F36/><W19/><G79/><T103/><D103/><U29/><E29/><V13/><F131/><W20/><G78/><T106/><D106/><U122/><E122/><V76/><F101/><W80/><G100/><T55/><AGARI ba="1,3" hai="9,11,51,55,57,81,87,89" m="8391,17963" machi="55" ten="30,1500,0" yaku="8,1" doraHai="62" who="0" fromWho="0" sc="255,48,245,-6,235,-6,235,-6" /><INIT seed="0,2,0,3,3,111" ten="303,239,229,229" oya="0" hai0="43,13,48,103,112,24,87,94,4,31,106,32,76" hai1="64,26,27,10,15,45,99,29,131,51,55,82,93" hai2="23,6,41,14,89,124,52,85,133,126,86,66,134" hai3="80,84,22,54,65,105,58,17,67,50,91,122,1"/><T108/><D108/><U59/><E131/><V34/><F34/><W38/><G38/><T69/><D69/><U12/><E82/><V121/><F121/><W100/><G122/><T78/><D112/><U3/><E3/><V115/><F66/><W70/><G1/><T127/><D127/><N who="2" m="48682" /><F41/><W74/><G70/><T46/><D106/><U56/><E15/><V16/><F115/><W62/><G74/><T8/><D87/><N who="2" m="33290" /><F6/><W95/><G105/><T109/><REACH who="0" step="1"/><D109/><REACH who="0" ten="293,239,229,229" step="2"/><U30/><E64/><V120/><F120/><W119/><G67/><T130/><D130/><U63/><E93/><V44/><F89/><W28/><G95/><T113/><D113/><U118/><E118/><V101/><F101/><W81/><G80/><T88/><D88/><U73/><E73/><V107/><F107/><W42/><G100/><T132/><D132/><U125/><E125/><V7/><F7/><W123/><G123/><T96/><AGARI ba="2,1" hai="4,8,13,24,31,32,43,46,48,76,78,94,96,103" machi="96" ten="30,3000,0" yaku="1,1,0,1,53,0" doraHai="111" doraHaiUra="102" who="0" fromWho="0" sc="293,46,239,-12,229,-12,229,-12" /><INIT seed="0,3,0,0,5,11" ten="339,227,217,217" oya="0" hai0="128,113,105,60,22,18,117,99,61,2,69,116,57" hai1="25,14,4,89,43,111,83,87,122,47,88,132,75" hai2="36,84,72,120,93,86,74,39,32,7,126,98,55" hai3="109,44,5,42,59,67,6,121,51,12,66,13,118"/><T30/><D113/><U62/><E122/><V40/><F120/><W26/><G118/><T0/><D128/><U92/><E111/><V23/><F32/><W52/><G109/><T28/><D69/><U37/><E132/><V100/><F7/><N who="3" m="2571" /><G121/><T104/><D99/><U73/><E25/><V107/><F23/><W97/><G26/><T101/><D101/><U19/><E62/><V63/><F63/><N who="3" m="36327" /><G97/><T53/><D18/><U125/><E125/><V115/><F115/><W56/><G56/><T131/><D57/><U41/><E41/><V58/><F40/><W1/><G1/><T45/><D22/><U81/><E4/><V82/><F39/><W34/><G34/><T129/><D53/><U108/><E108/><V133/><F36/><W119/><G119/><T64/><REACH who="0" step="1"/><D45/><REACH who="0" ten="329,227,217,217" step="2"/><U114/><E114/><V3/><F55/><W49/><G49/><T48/><D48/><U79/><E47/><V130/><F58/><W135/><G135/><T78/><D78/><N who="1" m="44239" /><E43/><V15/><F133/><W10/><G10/><T124/><D124/><U17/><E37/><V85/><F126/><W110/><G110/><T103/><D103/><U24/><E79/><V106/><F106/><W90/><G90/><T65/><AGARI ba="3,1" hai="0,2,28,30,60,61,64,65,104,105,116,117,129,131" machi="65" ten="25,9600,0" yaku="1,1,0,1,22,2,53,0" doraHai="11" doraHaiUra="77" who="0" fromWho="0" sc="329,115,227,-35,217,-35,217,-35" /><INIT seed="0,4,0,4,5,112" ten="444,192,182,182" oya="0" hai0="98,85,91,7,74,62,5,58,111,8,108,24,57" hai1="26,115,47,114,56,126,117,52,132,28,31,20,60" hai2="104,134,116,96,4,94,83,12,51,118,95,105,121" hai3="41,36,119,39,37,120,129,78,107,82,49,69,1"/><T130/><D74/><U72/><E126/><V89/><F121/><W128/><G1/><T80/><D130/><N who="3" m="50281" /><G107/><N who="2" m="41033" /><F51/><W14/><G14/><T125/><D125/><U30/><E132/><V88/><F12/><W122/><G82/><T0/><D5/><U67/><E72/><V18/><F18/><W34/><G78/><T93/><D24/><U46/><E117/><N who="2" m="45163" /><F4/><W48/><G34/><T55/><REACH who="0" step="1"/><D57/><REACH who="0" ten="434,192,182,182" step="2"/><N who="1" m="37263" /><E114/><V71/><F134/><W13/><G119/><T2/><D2/><U101/><E115/><V61/><F71/><W38/><G69/><T75/><D75/><U99/><E46/><V64/><F64/><W109/><G13/><T70/><D70/><U110/><E47/><V97/><F61/><W15/><G15/><T35/><D35/><U21/><E26/><V11/><F11/><W23/><G23/><T103/><AGARI ba="4,1" hai="0,7,8,55,58,62,80,85,91,93,98,103,108,111" machi="103" ten="30,6000,0" yaku="1,1,0,1,53,1" doraHai="112" doraHaiUra="86" who="0" fromWho="0" sc="434,82,192,-24,182,-24,182,-24" /><INIT seed="0,5,0,5,3,13" ten="516,168,158,158" oya="0" hai0="41,54,135,113,79,68,119,51,115,31,1,5,36" hai1="23,70,117,73,66,57,17,106,120,87,18,16,81" hai2="7,62,112,24,2,93,64,15,122,94,8,52,27" hai3="88,100,114,33,58,61,40,10,49,53,30,126,101"/><T92/><D119/><U0/><E120/><V20/><F122/><W134/><G114/><T14/><D68/><U127/><E117/><V3/><F112/><W11/><G126/><T60/><D1/><U98/><E0/><V50/><F2/><W110/><G110/><T46/><D135/><U95/><E127/><V47/><F3/><W74/><G74/><T32/><D79/><N who="1" m="46527" /><E106/><V67/><F27/><W12/><G11/><T91/><D60/><N who="1" m="38159" /><E70/><V84/><F84/><W103/><G33/><T19/><D5/><U97/><E73/><V128/><F128/><W131/><G131/><T75/><D75/><U82/><E82/><V78/><F78/><W4/><G134/><T83/><D83/><U71/><E71/><V69/><REACH who="2" step="1"/><F64/><REACH who="2" ten="516,168,148,158" step="2"/><W105/><G105/><T42/><D115/><U45/><E45/><V89/><F89/><W108/><G108/><T48/><D113/><U22/><E98/><V124/><F124/><W59/><G88/><AGARI ba="5,1" hai="16,17,18,22,23,88,95,97" m="38159,46527" machi="88" ten="30,12000,2" yaku="8,1,52,3,54,2" doraHai="13" who="1" fromWho="3" sc="516,0,168,145,148,0,158,-135" /><INIT seed="1,0,0,5,4,79" ten="516,313,148,23" oya="1" hai0="101,134,75,22,61,109,65,88,9,52,31,3,0" hai1="32,77,35,95,69,46,120,1,37,125,90,62,98" hai2="2,40,84,127,112,60,43,103,13,20,89,105,67" hai3="24,18,21,115,58,102,63,7,76,45,111,51,4"/><U15/><E1/><V123/><F2/><W59/><G111/><T124/><D75/><U117/><E117/><V14/><F123/><W110/><G110/><T73/><D109/><U99/><E120/><V119/><F119/><W82/><G115/><T135/><D73/><U94/><E125/><V6/><F112/><W33/><G33/><T27/><D124/><U44/><E77/><V131/><F131/><W96/><G59/><T121/><D121/><U49/><E37/><V66/><F105/><W91/><G91/><T25/><D101/><U116/><E116/><V114/><F103/><W26/><G26/><T80/><D25/><U55/><E15/><V11/><F127/><W57/><G57/><N who="0" m="34983" /><D65/><N who="2" m="24586" /><F60/><W104/><G58/><T108/><D9/><U85/><E46/><V118/><F118/><W38/><G63/><T97/><D97/><U56/><E69/><V41/><F114/><W19/><G19/><T39/><D39/><U87/><E35/><V36/><F36/><W81/><G38/><T53/><D53/><U68/><E68/><V132/><F132/><N who="0" m="50730" /><D108/><U54/><REACH who="1" step="1"/><E32/><REACH who="1" ten="516,303,148,23" step="2"/><V86/><F14/><W34/><G34/><T48/><D0/><U128/><E128/><V126/><F126/><W64/><G64/><T130/><D3/><U8/><E8/><V29/><F13/><W122/><G122/><T5/><D130/><U28/><E28/><V83/><F11/><W133/><G133/><T113/><D113/><U106/><E106/><V30/><F29/><W47/><G45/><T74/><D31/><U78/><E78/><V100/><F30/><W72/><G82/><RYUUKYOKU ba="0,1" sc="516,-15,303,15,148,-15,23,15" hai1="44,49,54,55,56,62,85,87,90,94,95,98,99" hai3="4,7,18,21,24,47,51,72,76,81,96,102,104" /><INIT seed="1,1,1,4,2,75" ten="501,318,133,38" oya="1" hai0="93,37,115,22,121,102,11,131,96,27,83,98,117" hai1="113,39,54,20,17,68,40,38,4,130,132,127,47" hai2="36,125,97,2,32,30,110,88,86,81,18,135,95" hai3="10,33,79,24,100,105,66,49,6,119,44,50,28"/><U58/><E113/><V128/><F36/><W114/><G114/><T55/><D117/><U118/><E118/><V120/><F120/><W90/><G119/><T16/><D121/><U59/><E4/><V84/><F2/><W29/><G29/><T21/><D115/><U1/><E1/><V67/><F110/><W69/><G90/><T48/><D37/><N who="1" m="13835" /><E17/><V62/><F125/><W94/><G94/><T12/><D131/><U112/><E20/><V91/><F135/><W124/><G124/><T53/><D22/><U52/><E112/><V71/><F128/><W0/><G44/><T14/><D14/><U116/><E116/><V19/><F32/><W111/><G111/><T108/><D108/><U3/><E3/><V13/><F30/><W80/><G66/><T64/><D64/><U46/><E127/><V63/><F63/><W43/><G43/><T15/><D15/><U87/><E87/><V72/><F72/><W99/><REACH who="3" step="1"/><G69/><REACH who="3" ten="501,318,133,28" step="2"/><T133/><D93/><U23/><E40/><V56/><F71/><W25/><G25/><T104/><D27/><U51/><E130/><V35/><F35/><W92/><G92/><T73/><D104/><U123/><E123/><V126/><F126/><W70/><G70/><T78/><D102/><U57/><E68/><V34/><F34/><W42/><G42/><T82/><D98/><U60/><E46/><V77/><REACH who="2" step="1"/><F13/><REACH who="2" ten="501,318,123,28" step="2"/><W7/><G7/><T89/><D12/><U5/><E5/><V109/><F109/><W76/><G76/><T9/><D78/><U134/><E132/><V129/><F129/><W8/><G8/><RYUUKYOKU ba="1,3" sc="501,-15,318,-15,123,15,28,15" hai2="18,19,56,62,67,77,81,84,86,88,91,95,97" hai3="0,6,10,24,28,33,49,50,79,80,99,100,105" /><INIT seed="2,2,3,3,4,32" ten="486,303,138,43" oya="2" hai0="65,84,24,74,19,79,64,100,0,66,108,123,12" hai1="14,55,90,101,70,71,104,50,95,49,62,98,107" hai2="77,35,81,131,34,82,40,102,9,118,38,105,23" hai3="18,111,67,69,91,109,2,10,93,117,39,73,33"/><V31/><F118/><W134/><G117/><T42/><D123/><U116/><E116/><V59/><F131/><W26/><G73/><T119/><D119/><U22/><E49/><V68/><F68/><W83/><G39/><T53/><D108/><N who="3" m="41545" /><G134/><T97/><D74/><U58/><E62/><V122/><F122/><W126/><G83/><T43/><D0/><U103/><E103/><V15/><F34/><W13/><G126/><T41/><D24/><U45/><E45/><V37/><F35/><W78/><G78/><T25/><D25/><U27/><E107/><V86/><F105/><W47/><G47/><T61/><D53/><U106/><E106/><V88/><F102/><W87/><G2/><T75/><D75/><U52/><E55/><V124/><F124/><W121/><G121/><T7/><D7/><U8/><E8/><V133/><F133/><W129/><G129/><T115/><D115/><U99/><E14/><V127/><F38/><W17/><G17/><AGARI ba="2,3" hai="17,22,27,50,52,58,70,71,90,95,98,99,101,104" machi="17" ten="30,2000,0" yaku="7,1,54,1" doraHai="32" who="1" fromWho="3" sc="486,0,303,56,138,0,43,-26" /><INIT seed="3,0,0,3,4,4" ten="486,359,138,17" oya="3" hai0="7,15,32,14,68,48,90,83,123,41,45,38,18" hai1="76,31,6,42,115,52,61,34,117,44,16,56,22" hai2="66,86,49,102,85,8,88,29,105,97,103,27,113" hai3="135,96,78,1,94,99,17,125,108,101,3,106,131"/><W120/><G120/><T111/><D123/><U54/><E115/><V100/><F113/><W35/><G35/><T37/><D111/><U84/><E117/><V118/><F118/><W77/><G125/><T75/><D68/><U70/><E70/><V67/><F86/><W124/><G124/><T109/><D109/><U20/><E34/><V114/><F114/><W104/><G108/><T81/><D32/><U82/><E31/><V132/><F49/><W53/><G131/><T19/><D7/><U127/><E6/><V25/><F132/><W43/><G43/><T2/><D2/><U13/><E127/><V11/><F105/><W5/><G135/><T23/><D90/><U55/><REACH who="1" step="1"/><E22/><REACH who="1" ten="486,349,138,17" step="2"/><N who="2" m="15543" /><F97/><W26/><G3/><T121/><D121/><U69/><E69/><V58/><F27/><W107/><G53/><T28/><D28/><U133/><E133/><V30/><F30/><W87/><G1/><T65/><D23/><U71/><E71/><V39/><F67/><W130/><G130/><T57/><D65/><U126/><E126/><V80/><F39/><W89/><G5/><T73/><D38/><U12/><E12/><V95/><F66/><W46/><G46/><T10/><D37/><U91/><E91/><V64/><F64/><W74/><G26/><T62/><D45/><U50/><AGARI ba="0,1" hai="13,16,20,42,44,50,52,54,55,56,61,76,82,84" machi="50" ten="20,12000,2" yaku="1,1,0,1,7,1,8,1,54,2,53,0" doraHai="4" doraHaiUra="24" who="1" fromWho="1" sc="486,-30,349,130,138,-30,17,-60" owari="456,26.0,479,57.0,108,-29.0,-43,-54.0" /></mjloggm>