<mjloggm ver="2.3"><GO type="185" lobby="0"/><UN n0="%E9%B4%A8%E6%90%8D" n1="%E3%83%93%E3%83%83%E3%82%B0%E3%83%9E%E3%83%A1" n2="%E9%9B%AA%E6%9D%91%E5%8D%83%E7%B5%B5%E8%8E%89" n3="" dan="16,17,17,0" rate="2147.88,2191.76,2237.66,1500.00" sx="M,M,F,C"/><TAIKYOKU oya="0"/><INIT seed="0,0,0,0,0,115" ten="350,350,350,0" oya="0" hai0="106,67,63,87,69,50,89,120,113,39,54,121,85" hai1="40,111,34,132,80,84,83,128,1,119,70,57,124" hai2="90,118,2,123,110,94,61,49,79,73,100,103,99" hai3=""/><T46/><N who="0" m="30752" /><T48/><N who="0" m="31008" /><T68/><D113/><U47/><E70/><V74/><N who="2" m="31520" /><V71/><F110/><T60/><D106/><U129/><E111/><V53/><F2/><T114/><D114/><U126/><E34/><V52/><F118/><T97/><D39/><U35/><E119/><V105/><F103/><T58/><D97/><U32/><E1/><V130/><F130/><N who="1" m="50281" /><E83/><V78/><F78/><T38/><D89/><U51/><E132/><V135/><F135/><T96/><D96/><U95/><E95/><V43/><F43/><T116/><D116/><U101/><E101/><V44/><F79/><T88/><D38/><U117/><E117/><V41/><F74/><T64/><D88/><U3/><E3/><V0/><F73/><T72/><D72/><U75/><E75/><V86/><REACH who="2" step="1"/><F0/><REACH who="2" ten="350,350,340,0" step="2"/><T125/><D125/><U81/><E35/><V107/><F107/><T59/><REACH who="0" step="1"/><D69/><REACH who="0" ten="340,350,340,0" step="2"/><U108/><E124/><V66/><AGARI ba="0,2" hai="41,44,49,52,53,61,66,71,86,90,94,99,100,105" m="31520" machi="66" ten="30,6000,1" yaku="1,1,0,1,52,1,54,1,53,1" doraHai="115" doraHaiUra="91" who="2" fromWho="2" sc="340,-40,350,-20,340,80,0,0" /><INIT seed="1,0,0,3,5,0" ten="300,330,420,0" oya="1" hai0="104,71,106,110,130,112,122,72,52,73,63,79,103" hai1="108,87,41,114,76,57,3,82,92,51,42,111,95" hai2="128,120,37,107,113,129,50,80,91,134,1,115,135" hai3=""/><U67/><E3/><V44/><N who="2" m="30752" /><V96/><F1/><T77/><N who="0" m="31264" /><T59/><D112/><N who="2" m="43082" /><F37/><T64/><D130/><N who="2" m="50282" /><F80/><T131/><D131/><U105/><E105/><V53/><F91/><T97/><D110/><N who="1" m="42027" /><E114/><V98/><F107/><T85/><D106/><U61/><E51/><V69/><F69/><T58/><D71/><U78/><E78/><V94/><F94/><AGARI ba="0,0" hai="41,42,57,61,67,76,82,87,92,94,95" m="42027" machi="94" ten="30,2900,0" yaku="14,1,10,1" doraHai="0" who="1" fromWho="2" sc="300,0,330,29,420,-29,0,0" /><INIT seed="1,1,0,4,4,43" ten="300,359,391,0" oya="1" hai0="82,40,68,70,134,58,3,103,101,110,95,67,89" hai1="49,53,124,130,81,93,98,126,123,0,77,119,102" hai2="65,117,66,78,39,72,115,83,44,76,114,94,92" hai3=""/><U108/><N who="1" m="31520" /><U105/><E119/><V46/><F117/><T69/><D3/><U75/><E0/><V64/><F39/><T42/><D110/><U55/><E108/><V131/><F131/><T127/><D134/><U60/><E130/><V132/><F132/><T61/><D127/><N who="1" m="48683" /><E60/><V48/><F48/><T111/><D111/><U71/><E71/><V32/><F32/><T97/><D103/><U36/><E36/><V41/><F41/><T1/><D1/><U100/><E100/><V51/><F51/><T104/><REACH who="0" step="1"/><D82/><REACH who="0" ten="290,359,391,0" step="2"/><U87/><E105/><V63/><F63/><T37/><D37/><U133/><E133/><V91/><F91/><T38/><D38/><U80/><E49/><V113/><REACH who="2" step="1"/><F78/><AGARI ba="1,1" hai="53,55,75,77,78,80,81,87,93,98,102" m="48683,31520" machi="78" ten="30,2900,0" yaku="18,1,52,1" doraHai="43" who="1" fromWho="2" sc="290,0,359,41,391,-31,0,0" /><INIT seed="1,2,0,2,3,124" ten="290,400,360,0" oya="1" hai0="72,113,42,129,32,92,102,121,46,40,73,68,59" hai1="133,61,67,131,39,93,134,108,116,71,101,62,105" hai2="63,54,128,110,91,106,117,33,88,103,44,94,85" hai3=""/><U100/><E39/><V112/><F117/><T127/><N who="0" m="31008" /><T43/><D32/><U65/><E116/><V69/><F33/><T57/><D113/><U53/><E105/><V89/><F112/><T50/><D68/><U66/><E108/><V0/><F110/><T45/><D127/><U114/><E114/><V47/><F0/><T84/><D50/><U135/><E131/><V79/><F106/><T56/><D129/><U76/><E76/><V49/><F128/><T107/><D107/><U82/><E82/><V51/><F79/><T74/><D84/><U99/><E101/><V34/><F34/><T119/><D119/><U38/><E38/><V125/><F125/><T75/><N who="0" m="18432" /><DORA hai="86" /><T104/><D104/><U60/><REACH who="1" step="1"/><E53/><REACH who="1" ten="290,390,360,0" step="2"/><V1/><F103/><T52/><D52/><U64/><AGARI ba="2,1" hai="60,61,62,64,65,66,67,71,93,99,100,133,134,135" machi="64" ten="40,8000,1" yaku="1,1,2,1,0,1,20,1,53,0" doraHai="124,86" doraHaiUra="120,80" who="1" fromWho="1" sc="290,-42,390,94,360,-42,0,0" /><INIT seed="1,3,0,4,4,70" ten="248,484,318,0" oya="1" hai0="79,59,40,44,34,49,130,39,84,42,36,62,100" hai1="51,106,115,32,41,89,73,121,67,114,43,112,64" hai2="108,125,57,60,124,46,81,120,104,128,135,0,88" hai3=""/><U82/><N who="1" m="31008" /><U38/><E106/><V91/><N who="2" m="30752" /><V96/><F0/><T61/><D34/><U3/><E3/><V86/><F108/><T47/><D100/><U103/><E103/><V134/><F46/><N who="0" m="17450" /><D84/><U107/><E107/><V45/><F45/><T80/><D80/><U105/><E38/><N who="0" m="14377" /><D79/><U122/><N who="1" m="31264" /><U50/><E105/><V132/><F104/><T90/><D90/><U33/><E115/><V55/><F128/><T127/><D127/><U111/><E89/><V95/><AGARI ba="3,0" hai="55,57,60,81,86,88,91,95,96,124,125,132,134,135" m="30752" machi="95" ten="40,6000,1" yaku="0,1,20,1,52,1,54,1" doraHai="70" who="2" fromWho="2" sc="248,-23,484,-43,318,66,0,0" /><INIT seed="2,0,0,5,4,56" ten="225,441,384,0" oya="2" hai0="81,120,121,126,67,73,110,3,85,33,57,124,115" hai1="55,71,83,88,90,122,77,38,129,102,69,92,44" hai2="2,97,86,46,118,43,59,34,50,66,89,109,70" hai3=""/><V45/><F2/><T65/><N who="0" m="30752" /><T79/><N who="0" m="31008" /><T54/><D3/><U0/><N who="1" m="31264" /><U64/><E0/><V48/><F34/><T128/><D33/><U40/><E129/><V96/><F118/><T42/><D128/><U87/><E55/><V41/><F109/><T52/><D110/><U80/><E102/><V123/><N who="2" m="31520" /><V68/><F59/><T95/><D42/><U108/><E108/><V111/><F111/><T104/><D104/><U114/><E114/><V60/><F70/><T53/><D115/><U99/><REACH who="1" step="1"/><E64/><REACH who="1" ten="225,431,384,0" step="2"/><V101/><REACH who="2" step="1"/><F101/><REACH who="2" ten="225,431,374,0" step="2"/><T47/><D124/><U61/><E61/><V93/><AGARI ba="0,2" hai="41,43,45,46,48,50,60,66,68,86,89,93,96,97" m="31520" machi="93" ten="20,16000,3" yaku="1,1,2,1,0,1,7,1,9,1,52,2,53,1" doraHai="56" doraHaiUra="82" who="2" fromWho="2" sc="225,-80,431,-80,374,180,0,0" /><INIT seed="2,1,0,1,5,100" ten="145,351,554,0" oya="2" hai0="105,48,124,117,60,109,69,87,93,32,101,49,36" hai1="132,59,41,123,64,72,50,2,122,135,58,66,54" hai2="120,76,84,80,91,95,78,106,107,133,102,97,103" hai3=""/><V131/><N who="2" m="30752" /><V113/><F113/><T3/><D32/><U45/><N who="1" m="31264" /><U83/><N who="1" m="31520" /><U67/><E72/><V111/><F111/><T40/><D3/><U79/><E79/><N who="2" m="30251" /><F133/><N who="1" m="51273" /><E83/><V44/><F44/><T108/><D117/><U112/><E2/><V43/><F43/><T81/><D40/><U121/><N who="1" m="31008" /><U126/><E126/><V46/><F46/><T57/><D81/><U127/><E127/><V75/><F131/><T39/><D124/><U77/><E77/><V61/><F61/><T52/><D60/><U125/><E125/><V86/><F75/><T65/><D108/><U114/><E59/><V99/><F86/><T33/><D87/><U110/><E110/><V35/><F35/><T74/><D57/><U51/><AGARI ba="1,0" hai="41,45,50,51,54,58,64,66,67,112,114" m="31008,51273,31520,31264" machi="51" ten="30,9000,2" yaku="20,1,34,2,52,3" doraHai="100" who="1" fromWho="1" sc="145,-31,351,92,554,-61,0,0" /><INIT seed="4,0,0,4,0,108" ten="114,443,493,0" oya="0" hai0="61,98,35,85,123,69,118,133,47,32,87,103,86" hai1="82,120,55,126,79,94,92,102,74,100,42,130,73" hai2="93,112,43,39,90,37,70,113,107,46,52,72,66" hai3=""/><T36/><N who="0" m="31520" /><T124/><D118/><U62/><N who="1" m="30752" /><U122/><N who="1" m="31264" /><U80/><E42/><V68/><F72/><N who="1" m="27753" /><E55/><V34/><F107/><T101/><D124/><U84/><E62/><V63/><F34/><T110/><D110/><U135/><E130/><V67/><F90/><T65/><D133/><U44/><E44/><V57/><F93/><N who="1" m="35945" /><E135/><V119/><F119/><T134/><D134/><U89/><E126/><V91/><F91/><T125/><D125/><U41/><E41/><V48/><F39/><T76/><D76/><U115/><E115/><N who="2" m="44107" /><F66/><T38/><D38/><U33/><E33/><V105/><F105/><T78/><D78/><U0/><E0/><V59/><AGARI ba="0,0" hai="37,43,46,48,52,57,59,63,67,68,70" m="44107" machi="59" ten="30,9000,2" yaku="15,1,34,2,52,3,54,1" doraHai="108" who="2" fromWho="2" sc="114,-60,443,-30,493,90,0,0" /><INIT seed="5,0,0,5,1,80" ten="54,413,583,0" oya="1" hai0="126,95,56,59,122,72,83,121,135,41,61,42,2" hai1="68,101,115,112,76,109,71,34,119,124,125,32,123" hai2="131,118,55,117,50,94,51,133,87,38,74,85,100" hai3=""/><U46/><N who="1" m="31520" /><U53/><E101/><V90/><F38/><T88/><D2/><U116/><E76/><V81/><F133/><T49/><D135/><U111/><E53/><V86/><F131/><T35/><D35/><U78/><E78/><V45/><F100/><T89/><D126/><N who="1" m="48747" /><E46/><V58/><F74/><T82/><D72/><U65/><E65/><V57/><F57/><T134/><D134/><U102/><E102/><V64/><F64/><T40/><N who="0" m="31008" /><T0/><N who="0" m="31264" /><T36/><D36/><U104/><E104/><V92/><F118/><N who="1" m="45097" /><E71/><V69/><F117/><T39/><D39/><U120/><N who="1" m="30752" /><U114/><E68/><V105/><F69/><T127/><D127/><U3/><E3/><V79/><F105/><T113/><D0/><U54/><E54/><V93/><F79/><T77/><D77/><U48/><E48/><V98/><F98/><T66/><D49/><U129/><E129/><V128/><F128/><T63/><D66/><U130/><E130/><V84/><F45/><T96/><D96/><U73/><E73/><V37/><F37/><T47/><D47/><U67/><E67/><V44/><F44/><T106/><D106/><U70/><E70/><V33/><F50/><T62/><D40/><RYUUKYOKU ba="0,0" sc="54,-20,413,10,583,10,0,0" hai1="32,34,109,111,112,114,115" hai2="33,51,55,58,81,84,85,86,87,90,92,93,94" /><INIT seed="5,1,0,5,2,96" ten="34,423,593,0" oya="1" hai0="69,59,57,89,112,3,47,83,100,133,132,81,62" hai1="71,120,88,130,58,33,129,114,63,128,55,74,49" hai2="109,70,101,121,91,115,53,61,106,80,79,56,64" hai3=""/><U73/><N who="1" m="30752" /><U35/><E114/><V40/><N who="2" m="31008" /><V50/><F109/><T68/><D112/><U42/><E42/><V118/><F118/><T46/><D3/><U77/><E77/><V123/><N who="2" m="31520" /><V82/><F115/><T110/><D62/><U134/><E134/><V105/><F101/><T98/><D89/><U60/><E88/><V51/><F91/><T38/><D100/><U32/><REACH who="1" step="1"/><E71/><REACH who="1" ten="34,413,593,0" step="2"/><V99/><F79/><T117/><D117/><U131/><N who="1" m="33280" /><DORA hai="44" /><U0/><E0/><V90/><F40/><T84/><D98/><U119/><E119/><V65/><F99/><T86/><REACH who="0" step="1"/><D38/><REACH who="0" ten="24,413,593,0" step="2"/><U125/><E125/><V36/><F36/><T45/><D45/><U122/><N who="1" m="31264" /><U76/><E76/><V34/><F90/><T54/><D54/><U93/><E93/><V107/><F53/><T85/><D85/><U124/><E124/><V113/><F113/><T108/><AGARI ba="1,2" hai="46,47,57,59,68,69,81,83,84,86,108,110,132,133" machi="108" ten="25,4800,0" yaku="1,1,0,1,22,2,53,0" doraHai="96,44" doraHaiUra="127,1" who="0" fromWho="0" sc="24,70,413,-33,593,-17,0,0" /><INIT seed="6,0,0,5,5,46" ten="94,380,576,0" oya="2" hai0="94,124,109,59,90,92,60,74,87,73,120,115,104" hai1="82,72,45,63,102,2,56,3,112,99,133,86,58" hai2="55,49,131,134,66,80,0,40,130,105,1,68,53" hai3=""/><V122/><N who="2" m="31264" /><V101/><F134/><T117/><D59/><U75/><E112/><V125/><F80/><T128/><D60/><U96/><E133/><V37/><F125/><T85/><D85/><U67/><E75/><V57/><F101/><T51/><D51/><U118/><E72/><V32/><F32/><T39/><D90/><U110/><E110/><V44/><F105/><T48/><D48/><U54/><E118/><V106/><F106/><T123/><D92/><U83/><E2/><N who="2" m="1131" /><F55/><T97/><D87/><U50/><E3/><V65/><F65/><T35/><D94/><U38/><E38/><V129/><F129/><T88/><D97/><U127/><E127/><V62/><AGARI ba="0,0" hai="37,40,44,49,53,57,62,66,68,130,131" m="1131,31264" machi="62" ten="30,4000,0" yaku="24,1,52,2" doraHai="46" who="2" fromWho="2" sc="94,-20,380,-20,576,40,0,0" owari="74,-53.0,360,-4.0,616,57.0,0,0.0" /></mjloggm>