<mjloggm ver="2.3"><GO type="169" lobby="0"/><UN n0="%E3%81%B5%E3%81%98%E3%81%8B%E3%81%A4" n1="%74%2E%6F%2E%6F%2E%73" n2="%E3%81%84%E3%81%84%E3%81%9E" n3="%EF%BC%A9%EF%BC%A3%EF%BC%A8%EF%BC%A9" dan="17,18,17,17" rate="2168.91,2257.97,2156.37,2214.30" sx="M,M,M,M"/><TAIKYOKU oya="0"/><INIT seed="0,0,0,5,0,65" ten="250,250,250,250" oya="0" hai0="129,66,77,84,97,44,34,117,16,24,60,17,5" hai1="55,36,91,110,64,125,71,7,124,8,119,10,98" hai2="130,92,109,25,122,126,103,30,49,81,83,45,101" hai3="62,39,1,6,56,105,73,20,123,134,72,19,33"/><T27/><D117/><U58/><E119/><V28/><F122/><W115/><G105/><T22/><D129/><U80/><E36/><V63/><F130/><W43/><G115/><T128/><D128/><U96/><E110/><V11/><F109/><W85/><G33/><T37/><D5/><U38/><E38/><V67/><F126/><W76/><G39/><T23/><D97/><U59/><E80/><V41/><F11/><W3/><G43/><T13/><D37/><U90/><E64/><V14/><F14/><W106/><G106/><T108/><D108/><U26/><E26/><V131/><F131/><W31/><G31/><T21/><D44/><U46/><E46/><V78/><F30/><W54/><G73/><T51/><D51/><U121/><E55/><V112/><F112/><W120/><G72/><T15/><D34/><U9/><E9/><V12/><F12/><N who="0" m="4682" /><D77/><U88/><E90/><V75/><F92/><W86/><G6/><T79/><D79/><U104/><E104/><V89/><F89/><W102/><G76/><T135/><D84/><U107/><E107/><V29/><F83/><W95/><G86/><T52/><D66/><U53/><E53/><V87/><F75/><W118/><G85/><T94/><D94/><U70/><E7/><V61/><F61/><W100/><G118/><T32/><D135/><U116/><E116/><V40/><F40/><W50/><G134/><T2/><D2/><N who="3" m="521" /><G95/><T132/><D132/><U114/><E121/><N who="3" m="46666" /><G50/><T113/><D113/><AGARI ba="0,0" hai="8,10,58,59,70,71,88,91,96,98,113,114,124,125" machi="113" ten="25,8000,1" yaku="22,2,52,2,54,1" doraHai="65" who="1" fromWho="0" sc="250,-80,250,80,250,0,250,0" /><INIT seed="1,0,0,2,2,34" ten="170,330,250,250" oya="1" hai0="40,96,123,74,21,76,129,49,121,6,130,83,95" hai1="33,28,0,64,86,118,60,70,3,30,101,99,20" hai2="14,23,104,124,25,120,39,108,57,50,128,19,98" hai3="100,52,17,116,103,72,10,78,134,42,45,53,132"/><U16/><E118/><V135/><F39/><W91/><G116/><T2/><D21/><U80/><E86/><V24/><F120/><N who="0" m="46154" /><D49/><U4/><E80/><V47/><F108/><W27/><G78/><T66/><D40/><U43/><E43/><V58/><F135/><N who="3" m="51755" /><G72/><T93/><D66/><U115/><E4/><V63/><F104/><W102/><G91/><N who="0" m="55359" /><D95/><U54/><E54/><V107/><F107/><W12/><G27/><T51/><D51/><AGARI ba="0,0" hai="10,12,17,42,45,51,52,53,100,102,103" m="51755" machi="51" ten="30,2000,0" yaku="20,1,54,1" doraHai="34" who="3" fromWho="0" sc="170,-20,330,0,250,0,250,20" /><INIT seed="2,0,0,4,3,111" ten="150,330,250,270" oya="2" hai0="43,104,70,55,13,35,17,83,41,99,108,126,29" hai1="49,94,40,109,38,4,5,14,58,119,102,132,46" hai2="79,23,39,103,96,56,97,25,62,128,92,45,32" hai3="18,8,69,134,121,129,57,107,2,33,37,64,131"/><V10/><F128/><W113/><RYUUKYOKU type="yao9" ba="0,0" sc="150,0,330,0,250,0,270,0" hai3="2,8,18,33,37,57,64,69,107,113,121,129,131,134" /><INIT seed="2,1,0,4,1,69" ten="150,330,250,270" oya="2" hai0="96,58,51,37,100,114,109,40,2,104,1,28,105" hai1="112,123,53,73,43,94,111,76,46,130,16,95,65" hai2="41,88,127,22,68,66,107,8,91,133,121,49,124" hai3="126,21,97,29,118,59,44,85,57,116,70,62,92"/><V14/><F121/><W31/><G70/><T0/><D114/><U75/><E112/><V110/><F107/><W103/><G126/><N who="2" m="48169" /><F133/><W54/><G44/><T135/><D135/><U83/><E111/><V56/><F110/><W108/><G108/><T27/><D109/><U48/><E123/><V25/><F68/><W11/><G11/><T120/><D120/><U7/><E130/><V17/><F41/><W89/><G21/><T115/><D115/><U74/><E65/><V131/><F131/><W78/><G78/><T9/><D58/><U99/><E7/><V4/><F49/><W5/><G5/><N who="0" m="1191" /><D51/><U67/><E67/><V87/><F87/><W71/><G71/><T42/><D42/><U63/><E63/><AGARI ba="1,0" hai="4,8,14,17,22,25,56,63,66,88,91" m="48169" machi="63" ten="30,2900,0" yaku="18,1,54,1" doraHai="69" who="2" fromWho="1" sc="150,0,330,-32,250,32,270,0" /><INIT seed="2,2,0,4,4,113" ten="150,298,282,270" oya="2" hai0="55,89,44,30,11,3,25,71,77,83,84,13,129" hai1="95,50,132,7,115,120,16,74,18,124,1,4,0" hai2="86,49,43,17,6,40,54,31,42,116,63,103,131" hai3="61,117,60,41,119,125,121,75,76,47,38,108,88"/><V127/><F116/><W135/><G75/><T33/><D71/><U58/><E74/><V79/><F131/><W52/><G76/><T45/><D129/><U105/><E105/><V8/><F127/><W53/><G125/><T104/><D104/><U66/><E124/><V62/><F17/><W82/><G82/><T15/><D15/><U65/><E115/><V37/><F103/><W36/><G88/><T28/><D28/><U70/><E95/><V130/><F31/><W46/><G41/><T5/><D55/><U24/><E70/><V92/><F130/><W72/><G72/><T67/><D67/><U87/><E87/><V111/><F37/><W56/><G56/><T19/><REACH who="0" step="1"/><D77/><REACH who="0" ten="140,298,282,270" step="2"/><U81/><E66/><V34/><F79/><W69/><G69/><T102/><D102/><U32/><E65/><V133/><F54/><W118/><G118/><T128/><D128/><U23/><E0/><V10/><F111/><W2/><G2/><T90/><D90/><U91/><E1/><V134/><F134/><W73/><G135/><T100/><D100/><U126/><E132/><V114/><F133/><W12/><G12/><T123/><D123/><U109/><E120/><V29/><F114/><W22/><G121/><T14/><D14/><U35/><E109/><V59/><F29/><W101/><G101/><T68/><D68/><U97/><E126/><V93/><F8/><AGARI ba="2,1" hai="3,5,8,11,13,19,25,30,33,44,45,83,84,89" machi="8" ten="30,2000,0" yaku="1,1,7,1,53,0" doraHai="113" doraHaiUra="39" who="0" fromWho="2" sc="140,36,298,0,282,-26,270,0" /><INIT seed="3,0,0,5,1,48" ten="176,298,256,270" oya="3" hai0="111,24,105,89,15,93,85,5,36,83,87,29,54" hai1="91,58,98,71,37,108,107,133,1,7,22,86,73" hai2="45,123,128,32,104,79,59,62,57,31,125,135,61" hai3="56,90,76,11,67,101,134,95,99,20,12,35,124"/><W47/><G134/><T34/><D111/><U69/><E73/><V115/><F135/><W116/><G124/><T19/><D105/><U130/><E133/><V40/><F125/><W28/><G116/><T39/><D5/><U127/><E127/><V112/><F104/><W103/><G35/><T33/><D33/><U8/><E37/><V122/><F79/><W114/><G114/><N who="2" m="43561" /><F32/><W110/><G110/><T17/><D17/><U41/><E41/><V120/><F31/><W129/><G129/><T27/><D27/><U132/><E132/><V13/><F13/><W21/><G47/><T102/><D102/><N who="3" m="38921" /><G76/><T92/><D92/><U53/><E130/><V97/><F97/><W96/><G96/><T94/><D94/><U46/><E46/><V78/><F78/><W2/><G2/><T14/><D14/><U109/><E109/><V126/><F128/><W50/><G67/><T18/><D18/><U44/><E44/><V25/><F25/><W77/><G77/><T51/><D85/><U3/><E3/><V30/><F30/><W72/><G72/><T16/><D19/><U106/><E108/><V118/><F126/><W65/><G28/><T131/><D83/><N who="1" m="49631" /><E22/><N who="3" m="8810" /><G11/><T42/><D42/><U70/><E98/><V4/><F118/><W0/><G0/><T23/><D131/><U121/><E121/><V117/><F117/><W74/><G74/><T80/><D80/><U43/><E43/><V6/><F40/><W66/><G12/><T119/><D119/><U100/><E100/><V55/><F45/><AGARI ba="0,0" hai="15,16,23,24,29,34,36,39,45,51,54,87,89,93" machi="45" ten="30,3900,0" yaku="7,1,52,1,54,1" doraHai="48" who="0" fromWho="2" sc="176,39,298,0,256,-39,270,0" /><INIT seed="4,0,0,0,0,86" ten="215,298,217,270" oya="0" hai0="84,36,124,5,94,35,0,47,99,1,93,9,80" hai1="115,117,76,95,122,40,30,130,19,15,127,101,110" hai2="119,11,109,10,72,103,68,53,16,52,75,50,102" hai3="57,65,132,37,3,38,27,91,2,48,83,87,81"/><T108/><D124/><U62/><E110/><V24/><F68/><W12/><G132/><T126/><D126/><U4/><E117/><V96/><F109/><W114/><G114/><T31/><D108/><U135/><E122/><V64/><F119/><W88/><G12/><T131/><D131/><U32/><E127/><V71/><F71/><W58/><G48/><T7/><D35/><U74/><E130/><V51/><F64/><W104/><G87/><T107/><D31/><U26/><E135/><V67/><F67/><W123/><G65/><T18/><D18/><U21/><E115/><V90/><F24/><W111/><G111/><T33/><D33/><U8/><E40/><V125/><F125/><W56/><G56/><T118/><D118/><U17/><E62/><V49/><F16/><N who="1" m="6217" /><E95/><N who="2" m="56439" /><F75/><W69/><G69/><T79/><D36/><U59/><E101/><N who="2" m="38411" /><F72/><W100/><G100/><T116/><D116/><U63/><E76/><V120/><F120/><W129/><G123/><T46/><D107/><U34/><E74/><V82/><F82/><W61/><G61/><T128/><D128/><U97/><E34/><V55/><AGARI ba="0,0" hai="10,11,49,50,51,52,53,55" m="38411,56439" machi="55" ten="40,5200,0" yaku="8,1,52,1,54,1" doraHai="86" who="2" fromWho="2" sc="215,-26,298,-13,217,52,270,-13" /><INIT seed="5,0,0,5,4,52" ten="189,285,269,257" oya="1" hai0="130,85,93,121,32,43,36,0,102,42,87,134,64" hai1="44,100,81,10,24,28,38,101,88,132,90,119,74" hai2="115,1,109,127,79,48,31,122,133,91,6,3,45" hai3="96,68,71,98,23,128,89,107,47,129,57,5,112"/><U62/><E119/><V73/><F109/><W113/><G5/><T25/><D0/><U58/><E132/><V86/><F122/><W59/><G47/><T16/><D121/><U60/><E10/><V84/><F133/><W66/><G23/><N who="0" m="13543" /><D134/><U103/><E74/><V123/><F123/><W104/><G89/><N who="0" m="53439" /><D32/><U94/><E38/><V126/><F31/><W9/><G9/><T20/><D130/><U116/><E116/><V37/><F6/><W39/><G66/><T26/><D64/><U82/><E44/><V76/><F37/><AGARI ba="0,0" hai="37,39,57,59,68,71,96,98,104,107,112,113,128,129" machi="37" ten="25,6400,0" yaku="22,2,52,2" doraHai="52" who="3" fromWho="2" sc="189,0,285,0,269,-64,257,64" /><INIT seed="6,0,0,3,0,96" ten="189,285,205,321" oya="2" hai0="100,91,120,60,102,132,127,86,41,54,70,111,40" hai1="129,13,48,14,15,105,56,128,12,30,99,6,36" hai2="37,47,64,27,112,121,76,114,39,9,62,50,66" hai3="21,72,84,42,75,89,71,4,31,46,119,93,8"/><V108/><F76/><W11/><G71/><T0/><D120/><U61/><E36/><V106/><F106/><W113/><G119/><T68/><D111/><U34/><E48/><V126/><F121/><W59/><G113/><N who="2" m="43625" /><F27/><W116/><G59/><N who="0" m="34935" /><D0/><U78/><E78/><V45/><F9/><W131/><G11/><T118/><D70/><U117/><E117/><V115/><N who="2" m="43633" /><V135/><DORA hai="43" /><F135/><W17/><G8/><T3/><D68/><U55/><E30/><V26/><F108/><W38/><G31/><T57/><D3/><U103/><N who="1" m="3072" /><DORA hai="19" /><U124/><E34/><V65/><F126/><W101/><G4/><T5/><D118/><U81/><E124/><V109/><F109/><W79/><G79/><T98/><D5/><U16/><E6/><V104/><F104/><W22/><G75/><T1/><D1/><U2/><E2/><V94/><F62/><W44/><G72/><T28/><D28/><U51/><E81/><V63/><F63/><W77/><G77/><T97/><D127/><U69/><REACH who="1" step="1"/><E16/><REACH who="1" ten="189,275,205,321" step="2"/><V18/><F18/><W110/><G17/><T83/><D132/><U53/><E53/><N who="2" m="29903" /><F26/><W95/><G110/><T87/><D57/><U7/><E7/><V134/><F134/><W82/><G116/><T73/><D73/><U32/><E32/><V23/><F39/><W90/><G38/><T58/><D58/><U80/><E80/><V33/><F33/><W88/><G82/><N who="0" m="49623" /><D40/><U29/><E29/><V123/><F123/><W20/><G42/><T125/><D125/><U67/><AGARI ba="0,1" hai="51,55,56,61,67,69,99,103,105,128,129" m="3072" machi="67" ten="50,8000,1" yaku="1,1,0,1,52,1,53,1" doraHai="96,43,19" doraHaiUra="133,24,49" who="1" fromWho="1" sc="189,-20,275,90,205,-40,321,-20" /><INIT seed="7,0,0,0,0,84" ten="169,365,165,301" oya="3" hai0="82,125,135,38,52,96,61,118,80,18,111,129,10" hai1="132,28,25,95,119,66,58,83,59,3,91,108,14" hai2="41,109,130,65,114,113,110,4,54,13,23,39,122" hai3="116,6,56,48,70,15,98,64,16,17,32,53,37"/><W36/><G116/><T128/><D38/><U33/><E108/><N who="2" m="41579" /><F130/><N who="0" m="50282" /><D111/><U85/><E132/><V45/><F122/><W35/><G6/><T107/><D118/><U21/><E119/><V93/><F65/><W24/><G70/><T34/><D125/><U67/><E3/><V76/><F54/><W68/><G68/><T92/><D107/><U27/><E14/><V43/><F43/><W1/><G1/><T19/><D34/><U44/><E44/><V81/><F93/><W73/><G73/><T78/><D135/><U40/><E40/><V101/><F101/><W42/><G64/><N who="1" m="24618" /><E33/><V123/><F123/><W94/><G35/><T112/><D112/><N who="2" m="43114" /><F23/><W51/><G37/><T31/><D31/><U22/><E83/><N who="0" m="31785" /><D78/><U0/><E59/><V60/><F60/><W131/><G131/><T103/><D10/><U99/><E58/><AGARI ba="0,0" hai="18,19,52,58,61,92,96,103" m="31785,50282" machi="58" ten="30,2000,0" yaku="19,1,54,1" doraHai="84" who="0" fromWho="1" sc="169,20,365,-20,165,0,301,0" owari="189,-21.0,345,44.0,165,-33.0,301,10.0" /></mjloggm>