<mjloggm ver="2.3"><GO type="185" lobby="0"/><UN n0="%70%61%77%61%66%75%31" n1="%E3%83%93%E3%83%83%E3%82%B0%E3%83%9E%E3%83%A1" n2="%E9%B4%A8%E6%90%8D" n3="" dan="19,17,16,0" rate="2392.48,2180.51,2132.66,1500.00" sx="M,M,M,C"/><TAIKYOKU oya="0"/><INIT seed="0,0,0,5,1,64" ten="350,350,350,0" oya="0" hai0="110,75,56,108,81,54,96,109,70,50,134,118,127" hai1="36,35,129,104,44,3,133,1,122,89,33,95,97" hai2="100,62,102,65,105,37,53,113,123,84,92,93,2" hai3=""/><T61/><D118/><U114/><N who="1" m="31264" /><U73/><E73/><V103/><F2/><T107/><D134/><U119/><E119/><V49/><F113/><T51/><D127/><U79/><E114/><V78/><F37/><T98/><D107/><U87/><E129/><V47/><F105/><T77/><D50/><U60/><E133/><V132/><F132/><T67/><AGARI ba="0,0" hai="51,54,56,61,67,70,75,77,81,96,98,108,109,110" machi="67" ten="40,8000,1" yaku="0,1,14,1,10,1,52,1" doraHai="64" who="0" fromWho="0" sc="350,80,350,-40,350,-40,0,0" /><INIT seed="0,1,0,2,0,118" ten="430,310,310,0" oya="0" hai0="114,81,128,72,2,59,123,125,44,71,87,134,40" hai1="58,74,73,35,33,53,93,95,85,3,131,70,90" hai2="76,77,47,0,34,130,109,48,43,42,78,89,64" hai3=""/><T80/><N who="0" m="31520" /><T69/><D114/><U79/><E70/><V75/><F130/><T1/><D128/><U41/><E131/><V121/><N who="2" m="31008" /><V37/><F109/><T120/><N who="0" m="30752" /><T112/><D112/><U32/><E3/><V129/><F129/><T108/><D125/><U46/><E79/><V65/><F0/><T104/><D104/><U122/><N who="1" m="31264" /><U67/><E67/><V105/><F34/><T62/><D108/><U82/><E74/><V133/><F133/><T135/><D72/><U117/><E73/><V101/><F75/><T116/><D116/><U49/><REACH who="1" step="1"/><E117/><REACH who="1" ten="430,300,310,0" step="2"/><V99/><F37/><AGARI ba="1,1" hai="32,33,35,37,41,46,49,53,58,82,85,90,93,95" m="31264" machi="37" ten="40,12000,2" yaku="1,1,2,1,52,2,53,2" doraHai="118" doraHaiUra="88" who="1" fromWho="2" sc="430,0,300,132,310,-122,0,0" /><INIT seed="1,0,0,4,5,52" ten="430,432,188,0" oya="1" hai0="55,60,124,102,91,110,38,120,51,100,129,83,106" hai1="39,44,32,89,105,37,101,58,97,76,57,77,92" hai2="107,34,63,127,130,43,73,40,103,117,131,118,116" hai3=""/><U111/><E32/><V48/><F34/><T71/><N who="0" m="30752" /><T50/><D38/><U90/><E90/><V85/><F73/><T69/><D110/><U87/><E111/><V56/><F103/><T109/><D109/><U74/><E76/><V135/><F107/><T82/><D129/><N who="2" m="49162" /><F85/><T84/><D124/><U99/><E99/><V96/><F96/><T78/><D106/><U36/><REACH who="1" step="1"/><E44/><REACH who="1" ten="430,422,188,0" step="2"/><V64/><F127/><T67/><D78/><U49/><E49/><V41/><F135/><T80/><D50/><AGARI ba="0,1" hai="40,41,43,48,50,56,63,64,116,117,118" m="49162" machi="50" ten="40,8000,1" yaku="19,1,34,2,52,1" doraHai="52" who="2" fromWho="0" sc="430,-80,422,0,188,90,0,0" /><INIT seed="2,0,0,4,5,91" ten="350,422,278,0" oya="2" hai0="96,123,113,82,90,116,3,85,120,70,100,46,35" hai1="78,0,62,73,87,60,36,49,42,55,79,71,98" hai2="63,95,105,86,89,110,81,44,67,66,114,80,135" hai3=""/><V97/><F114/><T126/><N who="0" m="30752" /><T84/><N who="0" m="31520" /><T112/><D35/><U34/><E34/><V92/><F135/><T51/><D3/><U124/><E0/><V102/><F110/><T131/><D116/><U53/><E73/><V88/><F44/><T52/><D131/><U45/><E124/><V57/><F66/><T127/><D70/><U33/><E55/><V2/><F2/><T109/><D84/><AGARI ba="0,0" hai="57,63,67,80,81,84,86,88,89,92,95,97,102,105" machi="84" ten="30,12000,1" yaku="7,1,9,1,52,2,54,1" doraHai="91" who="2" fromWho="0" sc="350,-120,422,0,278,120,0,0" /><INIT seed="2,1,0,5,0,71" ten="230,422,398,0" oya="2" hai0="75,66,69,128,2,104,39,3,131,83,63,49,121" hai1="81,34,84,117,94,118,129,119,72,134,50,101,88" hai2="40,96,90,126,124,76,52,46,125,35,60,58,79" hai3=""/><V41/><F35/><T93/><N who="0" m="31008" /><T57/><D104/><U82/><E34/><V100/><F90/><T99/><D83/><U102/><E50/><V77/><F46/><T112/><D75/><U54/><E54/><V120/><N who="2" m="30752" /><V113/><F113/><T74/><D74/><U45/><E45/><V70/><F70/><T43/><D112/><U87/><E134/><V32/><F32/><T47/><D3/><U73/><E129/><V116/><F116/><T61/><D2/><U110/><E110/><V103/><F103/><N who="1" m="39433" /><E82/><V67/><REACH who="2" step="1"/><F67/><REACH who="2" ten="230,422,388,0" step="2"/><T108/><D108/><U36/><E36/><V51/><F51/><T122/><N who="0" m="31264" /><T135/><D135/><U133/><E133/><V123/><N who="2" m="31520" /><V64/><F64/><T38/><D131/><U109/><E109/><V105/><AGARI ba="1,1" hai="40,41,52,58,60,76,77,79,96,100,105,124,125,126" m="31520,30752" machi="105" ten="40,12000,2" yaku="1,1,0,1,18,1,52,2,54,1,53,0" doraHai="71" doraHaiUra="65" who="2" fromWho="2" sc="230,-61,422,-61,388,132,0,0" /><INIT seed="2,2,0,2,3,71" ten="169,361,520,0" oya="2" hai0="127,3,100,67,48,93,32,117,122,134,101,118,92" hai1="95,50,56,81,73,99,123,96,103,60,126,110,102" hai2="79,121,129,106,38,52,54,119,40,108,55,69,115" hai3=""/><V98/><N who="2" m="31008" /><V90/><F119/><T88/><N who="0" m="31264" /><T91/><D32/><U107/><N who="1" m="31520" /><U36/><E126/><V39/><F115/><T125/><D3/><U65/><E110/><V82/><F69/><T42/><D67/><U124/><E124/><N who="0" m="47689" /><D42/><U76/><REACH who="1" step="1"/><E50/><REACH who="1" ten="169,351,520,0" step="2"/><V72/><F108/><T41/><D48/><U58/><E58/><V45/><F129/><T116/><D41/><U47/><E47/><V68/><F68/><T43/><D43/><U132/><E132/><V75/><F38/><AGARI ba="2,1" hai="36,38,56,60,65,73,76,81,95,96,99,102,103,107" m="31520" machi="38" ten="40,8000,1" yaku="1,1,52,3,53,0" doraHai="71" doraHaiUra="2" who="1" fromWho="2" sc="169,0,351,94,520,-84,0,0" /><INIT seed="4,0,0,5,0,96" ten="169,445,436,0" oya="0" hai0="72,103,48,115,33,86,113,54,102,76,47,78,135" hai1="3,95,90,37,45,98,75,38,73,101,2,70,127" hai2="111,97,32,55,109,125,62,57,116,84,99,120,65" hai3=""/><T59/><D33/><U126/><E45/><V35/><N who="2" m="30752" /><V100/><F116/><T56/><D72/><N who="1" m="27723" /><E90/><V114/><F125/><N who="1" m="47625" /><E70/><V36/><F114/><N who="0" m="43530" /><D135/><U112/><E112/><V92/><F36/><AGARI ba="0,0" hai="2,3,36,37,38,95,98,101" m="47625,27723" machi="36" ten="40,2600,0" yaku="18,1,52,1" doraHai="96" who="1" fromWho="2" sc="169,0,445,26,436,-26,0,0" /><INIT seed="5,0,0,2,1,85" ten="169,471,410,0" oya="1" hai0="93,102,69,94,2,104,44,86,107,81,112,101,73" hai1="115,125,46,109,99,110,130,64,33,47,126,66,42" hai2="129,89,78,97,59,118,106,67,48,113,37,52,68" hai3=""/><U76/><E33/><V135/><F118/><T50/><D69/><U82/><E115/><V121/><N who="2" m="31008" /><V57/><F113/><T51/><D2/><U71/><E130/><V108/><F108/><N who="1" m="41577" /><E99/><V92/><F129/><T127/><D112/><U49/><E47/><V55/><F135/><T80/><D44/><U74/><E71/><V98/><F37/><T95/><D51/><U122/><N who="1" m="31264" /><U123/><N who="1" m="31520" /><U133/><E133/><V1/><F1/><T3/><D50/><U111/><E111/><V70/><F67/><AGARI ba="0,0" hai="42,46,49,64,66,67,74,76,82,125,126" m="31520,31264,41577" machi="67" ten="30,5800,0" yaku="10,1,52,2" doraHai="85" who="1" fromWho="2" sc="169,0,471,58,410,-58,0,0" /><INIT seed="5,1,0,3,1,64" ten="169,529,352,0" oya="1" hai0="51,123,111,107,67,37,126,1,88,92,36,74,52" hai1="42,129,120,91,58,34,89,39,99,117,55,3,112" hai2="69,57,61,40,114,125,84,0,132,94,121,50,53" hai3=""/><U131/><N who="1" m="30752" /><U76/><E34/><V102/><N who="2" m="31008" /><V104/><F0/><T77/><N who="0" m="31520" /><T47/><D111/><U70/><E3/><V73/><F73/><T82/><D1/><U66/><E117/><V106/><F125/><T110/><D110/><U71/><E76/><V56/><F132/><T127/><D67/><U115/><E66/><V80/><F114/><N who="1" m="43561" /><E42/><V98/><F40/><T2/><D107/><U93/><E91/><V134/><F134/><T54/><D54/><U45/><E45/><V43/><F43/><T79/><D77/><U135/><E39/><V96/><F96/><T86/><REACH who="0" step="1"/><D2/><REACH who="0" ten="159,529,352,0" step="2"/><U48/><E135/><V63/><F106/><T109/><D109/><U41/><E41/><V122/><N who="2" m="31264" /><V72/><F104/><T49/><D49/><U46/><E46/><V68/><F50/><T97/><D97/><U83/><E55/><V95/><F53/><T65/><D65/><U75/><E48/><V38/><F98/><T85/><D85/><U60/><E99/><V33/><F84/><T124/><AGARI ba="1,1" hai="36,37,47,51,52,74,79,82,86,88,92,124,126,127" m="31520" machi="124" ten="30,9000,2" yaku="1,1,0,1,18,1,52,1,54,2,53,0" doraHai="64" doraHaiUra="108" who="0" fromWho="0" sc="159,102,529,-61,352,-31,0,0" /><INIT seed="6,0,0,1,4,117" ten="261,468,321,0" oya="2" hai0="3,78,35,133,113,87,68,88,114,77,46,59,76" hai1="131,106,52,53,111,126,40,56,70,51,65,135,84" hai2="125,83,2,102,58,115,66,63,73,132,129,47,75" hai3=""/><V67/><F2/><T134/><D3/><U99/><E126/><V104/><F125/><T116/><D68/><U69/><E111/><V90/><F132/><N who="0" m="50794" /><D35/><U64/><E131/><V108/><F129/><T48/><D59/><U123/><N who="1" m="31520" /><U60/><E135/><V130/><F108/><T43/><D116/><U39/><E84/><V107/><F130/><T127/><D127/><U61/><E99/><V89/><F115/><N who="0" m="44042" /><D76/><U122/><N who="1" m="31264" /><U96/><E69/><V128/><F128/><T92/><AGARI ba="0,0" hai="43,46,48,77,78,87,88,92" m="44042,50794" machi="92" ten="30,5900,0" yaku="20,1,15,1,11,1,54,1" doraHai="117" who="0" fromWho="0" sc="261,59,468,-20,321,-39,0,0" owari="320,-8.0,448,40.0,282,-32.0,0,0.0" /></mjloggm>