<mjloggm ver="2.3"><GO type="185" lobby="0"/><UN n0="%7A%6B%75%72%74" n1="%64%64%30%38%31%32" n2="%65%67%75" n3="" dan="18,16,16,0" rate="2271.87,2077.77,2167.27,1500.00" sx="M,M,M,C"/><TAIKYOKU oya="0"/><INIT seed="0,0,0,2,3,105" ten="350,350,350,0" oya="0" hai0="123,91,51,45,70,103,32,74,81,102,86,124,48" hai1="38,58,34,36,113,82,80,65,61,131,53,50,60" hai2="46,67,66,129,1,112,110,75,37,89,3,55,118" hai3=""/><T115/><N who="0" m="31520" /><T84/><D115/><U85/><E34/><V71/><F112/><T94/><D32/><U127/><E113/><V126/><F118/><T133/><D133/><U43/><E131/><V88/><F129/><T62/><D124/><U35/><E35/><V68/><F126/><T90/><D74/><U98/><E127/><V79/><F110/><T114/><D114/><U104/><E104/><V76/><F55/><T92/><D81/><U54/><E98/><V108/><F108/><T99/><D99/><U93/><E93/><V106/><F46/><T39/><D39/><N who="1" m="14891" /><E85/><V119/><F37/><T125/><D125/><U47/><E82/><V63/><F106/><T78/><D78/><U42/><E80/><V111/><F111/><T41/><D51/><U73/><E73/><V0/><F75/><T109/><D109/><U132/><E132/><V96/><F119/><T69/><D62/><U135/><E135/><V2/><F2/><T117/><D117/><U101/><E101/><AGARI ba="0,0" hai="41,45,48,69,70,84,86,90,91,92,94,101,102,103" m="31520" machi="101" ten="40,3900,0" yaku="9,1,52,1" doraHai="105" who="0" fromWho="1" sc="350,39,350,-39,350,0,0,0" /><INIT seed="0,1,0,2,3,127" ten="389,311,350,0" oya="0" hai0="133,48,43,82,45,77,59,80,115,38,61,57,49" hai1="75,42,39,102,121,112,52,55,107,120,37,63,81" hai2="130,132,135,88,32,68,3,134,111,87,53,62,122" hai3=""/><T114/><D133/><U110/><N who="1" m="30752" /><U46/><N who="1" m="31008" /><U103/><E110/><V83/><N who="2" m="31264" /><V70/><F32/><T0/><D0/><U47/><E107/><V64/><F3/><T78/><D38/><U118/><E63/><V126/><F111/><T66/><D49/><U91/><E118/><V128/><F70/><T44/><D44/><U50/><E112/><V131/><F53/><T33/><D33/><U109/><E109/><V1/><F1/><T85/><REACH who="0" step="1"/><D59/><REACH who="0" ten="379,311,350,0" step="2"/><U60/><E37/><V54/><REACH who="2" step="1"/><F54/><REACH who="2" ten="379,311,340,0" step="2"/><T100/><D100/><U123/><N who="1" m="31520" /><U117/><E117/><V36/><F36/><T72/><AGARI ba="1,2" hai="43,45,48,57,61,66,72,77,78,80,82,85,114,115" machi="72" ten="20,5200,0" yaku="1,1,0,1,7,1,53,1" doraHai="127" doraHaiUra="106" who="0" fromWho="0" sc="379,74,311,-27,340,-27,0,0" /><INIT seed="0,2,0,4,0,92" ten="453,284,313,0" oya="0" hai0="113,94,118,3,59,108,43,97,131,32,33,79,71" hai1="57,50,96,1,84,122,66,95,67,42,63,48,112" hai2="111,61,52,102,44,41,70,34,86,115,129,54,85" hai3=""/><T99/><D113/><U62/><N who="1" m="31264" /><U37/><E1/><V81/><F34/><T105/><D3/><U107/><E112/><V126/><F115/><T109/><D118/><U101/><E37/><V51/><F111/><N who="0" m="42570" /><D71/><U87/><E42/><V132/><F129/><T75/><D131/><U53/><E107/><V49/><F126/><T125/><D125/><U58/><REACH who="1" step="1"/><E50/><REACH who="1" ten="453,274,313,0" step="2"/><V2/><F51/><T119/><D43/><U46/><AGARI ba="2,1" hai="46,48,53,57,58,62,63,66,67,84,87,95,96,101" m="31264" machi="46" ten="20,12000,3" yaku="1,1,2,1,0,1,7,1,9,1,8,1,52,2,53,0" doraHai="92" doraHaiUra="110" who="1" fromWho="1" sc="453,-82,274,134,313,-42,0,0" /><INIT seed="1,0,0,1,2,68" ten="371,408,271,0" oya="1" hai0="57,56,96,90,72,106,99,82,133,58,50,78,75" hai1="0,135,95,61,94,47,67,130,54,105,87,39,60" hai2="43,134,92,64,51,59,93,76,108,123,45,124,128" hai3=""/><U103/><E0/><V34/><N who="2" m="31520" /><V1/><F34/><T89/><D133/><U81/><E135/><V46/><F1/><T85/><D75/><U91/><E130/><V79/><F108/><T132/><D132/><U100/><E105/><V119/><F119/><T120/><N who="0" m="30752" /><T118/><D118/><U73/><E73/><V107/><F134/><T102/><D99/><U32/><E32/><V35/><F35/><T129/><D129/><U36/><E61/><V122/><N who="2" m="31264" /><V127/><F128/><T115/><D115/><U98/><E94/><N who="2" m="36459" /><F107/><T104/><D104/><U74/><E103/><V110/><F110/><T41/><REACH who="0" step="1"/><D72/><REACH who="0" ten="361,408,271,0" step="2"/><U44/><E74/><V84/><F84/><T37/><D37/><U38/><REACH who="1" step="1"/><E54/><REACH who="1" ten="361,398,271,0" step="2"/><V48/><F64/><T62/><D62/><U40/><E40/><V112/><F43/><T80/><D80/><U126/><E126/><V70/><F124/><T131/><D131/><U65/><E65/><V97/><F127/><T109/><D109/><U86/><E86/><V42/><F42/><T113/><D113/><U114/><E114/><V77/><F112/><T63/><D63/><U117/><E117/><V49/><F77/><T69/><D69/><AGARI ba="0,2" hai="36,38,39,44,47,60,67,69,81,87,91,95,98,100" machi="69" ten="40,12000,1" yaku="1,1,52,3,53,1" doraHai="68" doraHaiUra="83" who="1" fromWho="0" sc="361,-120,398,140,271,0,0,0" /><INIT seed="1,1,0,1,4,61" ten="241,538,271,0" oya="1" hai0="78,88,65,113,135,83,132,116,102,73,60,96,52" hai1="112,109,87,123,43,59,58,118,0,108,95,94,77" hai2="3,33,134,74,85,57,129,84,104,63,121,81,62" hai3=""/><U32/><N who="1" m="31520" /><U127/><E0/><V110/><N who="2" m="31008" /><V71/><F33/><T86/><D113/><U106/><E32/><V107/><F3/><T100/><D116/><U55/><E106/><V56/><F110/><N who="1" m="42601" /><E118/><V91/><F71/><T38/><D38/><U47/><E112/><V128/><F134/><T124/><D124/><U119/><E127/><V54/><F74/><T97/><D97/><U105/><E105/><V45/><F45/><T131/><D131/><N who="2" m="50250" /><F85/><T126/><D126/><U51/><E119/><V41/><F41/><T89/><D89/><U125/><E125/><V80/><F80/><T53/><D135/><U66/><E66/><AGARI ba="1,0" hai="54,56,57,62,63,66,81,84,91,104,107" m="50250,31008" machi="66" ten="30,3900,0" yaku="19,1,52,2" doraHai="61" who="2" fromWho="1" sc="241,0,538,-41,271,41,0,0" /><INIT seed="2,0,0,5,5,48" ten="241,497,312,0" oya="2" hai0="1,73,104,36,89,85,86,91,99,93,80,105,61" hai1="62,88,112,133,97,92,118,32,96,52,107,127,87" hai2="135,43,120,38,124,60,102,101,103,125,46,74,39" hai3=""/><V128/><N who="2" m="30752" /><V108/><F74/><T122/><N who="0" m="31264" /><T42/><D1/><U95/><E112/><V55/><F128/><T78/><D61/><U90/><E32/><V109/><F135/><T121/><N who="0" m="31008" /><T56/><D56/><U114/><E114/><V100/><N who="2" m="25600" /><DORA hai="54" /><V59/><REACH who="2" step="1"/><F39/><REACH who="2" ten="241,497,302,0" step="2"/><T69/><D73/><U63/><E133/><V50/><F50/><T70/><D105/><U37/><E118/><V115/><F115/><T94/><D104/><U58/><E37/><V123/><N who="2" m="31520" /><V83/><F83/><T79/><D36/><U34/><E34/><V51/><F51/><T67/><D42/><U71/><E71/><V126/><AGARI ba="0,1" hai="38,43,46,55,59,60,108,109,124,125,126" m="31520,25600,30752" machi="126" ten="50,16000,3" yaku="1,1,0,1,18,1,52,4,53,1" doraHai="48,54" doraHaiUra="111,53" who="2" fromWho="2" sc="241,-80,497,-80,302,170,0,0" /><INIT seed="2,1,0,4,0,121" ten="161,417,472,0" oya="2" hai0="106,57,76,1,64,114,73,87,124,133,135,128,91" hai1="109,66,37,78,97,52,86,50,54,116,115,79,56" hai2="102,111,51,110,101,77,107,75,125,65,132,40,46" hai3=""/><V81/><F125/><T105/><D1/><U38/><E115/><V71/><F132/><T72/><D124/><U36/><E109/><N who="2" m="41483" /><F107/><T108/><D108/><U2/><E2/><V119/><F119/><T83/><D114/><U49/><E116/><V59/><F71/><T69/><D69/><U0/><E0/><V85/><F75/><T118/><D118/><U122/><N who="1" m="31264" /><U130/><E130/><V123/><N who="2" m="31520" /><V82/><F82/><T89/><D128/><U41/><E97/><V96/><F96/><T32/><D73/><U55/><E86/><V61/><AGARI ba="1,0" hai="40,46,51,59,61,65,77,81,85,101,102" m="31520,41483" machi="61" ten="30,12000,2" yaku="14,1,10,1,52,4" doraHai="121" who="2" fromWho="2" sc="161,-61,417,-61,472,122,0,0" /><INIT seed="2,2,0,4,0,51" ten="100,356,594,0" oya="2" hai0="64,96,77,128,34,58,56,80,117,0,103,49,78" hai1="44,74,115,97,82,61,108,120,113,132,59,98,68" hai2="55,124,88,42,100,92,101,76,85,54,111,121,67" hai3=""/><V43/><N who="2" m="31008" /><V32/><F32/><T71/><D117/><U135/><N who="1" m="30752" /><U70/><E74/><V130/><F124/><T104/><D34/><U2/><E2/><V35/><F35/><T129/><D0/><U94/><E82/><V52/><F130/><T36/><D36/><U125/><E125/><V39/><F39/><T109/><D109/><U50/><E108/><V116/><F116/><T87/><D78/><U134/><E94/><V60/><F111/><T131/><REACH who="0" step="1"/><D49/><REACH who="0" ten="90,356,594,0" step="2"/><U1/><E1/><V63/><F76/><T90/><D90/><U126/><E126/><V46/><F63/><AGARI ba="2,1" hai="56,58,63,64,71,77,80,87,96,103,104,128,129,131" machi="63" ten="40,5200,0" yaku="1,1,19,1,53,1" doraHai="51" doraHaiUra="72" who="0" fromWho="2" sc="90,66,356,0,594,-56,0,0" /><INIT seed="4,0,0,1,1,34" ten="156,356,538,0" oya="0" hai0="100,62,105,119,133,106,73,64,125,94,48,82,44" hai1="77,39,41,55,107,127,79,47,60,63,99,72,123" hai2="38,67,81,42,108,93,87,103,40,80,36,70,104" hai3=""/><T43/><D119/><U86/><N who="1" m="31520" /><U3/><E3/><V128/><F108/><T122/><N who="0" m="31264" /><T90/><D133/><U0/><E0/><V76/><F128/><T74/><D125/><U2/><E127/><V71/><F104/><T54/><D100/><U135/><E2/><V33/><F33/><T116/><D116/><U46/><E135/><V112/><F112/><T91/><D43/><U134/><E134/><V45/><F67/><T88/><D94/><U110/><E110/><V109/><F109/><T49/><D49/><U111/><E111/><V124/><F124/><T75/><REACH who="0" step="1"/><D82/><REACH who="0" ten="146,356,538,0" step="2"/><U69/><E39/><V92/><F81/><T129/><D129/><U117/><E41/><V52/><F103/><T96/><D96/><U84/><E117/><V101/><F101/><T1/><D1/><U95/><E99/><V98/><F98/><T115/><D115/><U61/><E95/><V130/><F130/><T78/><D78/><U51/><E77/><V131/><F131/><T32/><D32/><U65/><E79/><V126/><F93/><T37/><D37/><U68/><E107/><V56/><F92/><T35/><D35/><U132/><E132/><V121/><N who="2" m="31008" /><V118/><F118/><T113/><D113/><RYUUKYOKU ba="0,1" sc="146,20,356,-10,538,-10,0,0" hai0="44,48,54,62,64,73,74,75,88,90,91,105,106" /><INIT seed="4,1,1,2,5,36" ten="166,346,528,0" oya="0" hai0="43,117,44,58,99,75,104,66,67,32,124,81,123" hai1="106,95,45,121,101,70,88,71,85,102,92,135,132" hai2="128,98,40,107,1,72,39,78,76,118,86,100,109" hai3=""/><T41/><N who="0" m="31520" /><T90/><D117/><U80/><N who="1" m="31008" /><U84/><E70/><V35/><F1/><T133/><D32/><U94/><E71/><V61/><F35/><T130/><D133/><N who="1" m="51275" /><E45/><V87/><F109/><T42/><D130/><U34/><E34/><V53/><F128/><T91/><D124/><U46/><E46/><V126/><F118/><T83/><D44/><U55/><E55/><V74/><F126/><T114/><D114/><U56/><E56/><V62/><F53/><T112/><D112/><U125/><E125/><V116/><F116/><T37/><D37/><U38/><E38/><V0/><F0/><T57/><D104/><U63/><E63/><V54/><F54/><T110/><D110/><U60/><E60/><V52/><F52/><T103/><D103/><N who="1" m="39435" /><E106/><V77/><F39/><T82/><D75/><U131/><E131/><V47/><F74/><T3/><D3/><U50/><E50/><V127/><F72/><T49/><D49/><U105/><E105/><V79/><F127/><T115/><D115/><U48/><E48/><V73/><F73/><T97/><D58/><U122/><N who="1" m="31264" /><U51/><E51/><V33/><F33/><T134/><D134/><U113/><E113/><V59/><F107/><RYUUKYOKU ba="1,1" sc="166,-10,346,20,528,-10,0,0" hai1="80,84,85,88,92,94,95" /><INIT seed="5,2,1,5,1,118" ten="156,366,518,0" oya="1" hai0="36,105,42,54,78,65,116,70,87,104,2,94,77" hai1="84,33,80,34,44,133,74,95,67,115,132,134,75" hai2="69,49,107,60,121,114,58,47,41,129,100,59,76" hai3=""/><U62/><E115/><V72/><N who="2" m="31008" /><V85/><F129/><T39/><D2/><U38/><E95/><V120/><N who="2" m="30752" /><V37/><F72/><N who="1" m="27689" /><E44/><V43/><F114/><T126/><D116/><U103/><E38/><V124/><F124/><T110/><D126/><U122/><N who="1" m="31264" /><U1/><E103/><V45/><F107/><T46/><D39/><U0/><E80/><V93/><F100/><T81/><D78/><U98/><E84/><V96/><F96/><T50/><D94/><U52/><E98/><V106/><F106/><T108/><D105/><U51/><E62/><V53/><F93/><T109/><D104/><U130/><E67/><V117/><F117/><T79/><D79/><U83/><E83/><V113/><F113/><T91/><D77/><U128/><E52/><V88/><F76/><T92/><D81/><U64/><E51/><V89/><F85/><T55/><D55/><U82/><E64/><V32/><F60/><T71/><D65/><U40/><E40/><V112/><F53/><T97/><D87/><U99/><E99/><V111/><F43/><T125/><D125/><U63/><E63/><V102/><F112/><T73/><D73/><U61/><E61/><V101/><F41/><T66/><D66/><RYUUKYOKU ba="2,1" sc="156,20,366,-10,518,-10,0,0" hai0="36,42,46,50,54,70,71,91,92,97,108,109,110" /><INIT seed="6,3,1,3,3,56" ten="176,356,508,0" oya="2" hai0="49,91,127,120,130,87,125,35,122,99,75,71,54" hai1="94,110,121,83,124,61,51,1,68,73,96,78,62" hai2="114,107,79,34,119,108,0,118,65,97,36,47,42" hai3=""/><V88/><F34/><T104/><N who="0" m="30752" /><T38/><N who="0" m="31264" /><T58/><D35/><U57/><N who="1" m="31008" /><U59/><E1/><V106/><F0/><T116/><D116/><U55/><E110/><V105/><F79/><T89/><D38/><U37/><E37/><V77/><F77/><T39/><D39/><U112/><E112/><V98/><F108/><T64/><D75/><U135/><E135/><V43/><F65/><T92/><D130/><U86/><E124/><V123/><N who="2" m="31520" /><V66/><F66/><T109/><D109/><U131/><E131/><V60/><F88/><T126/><D104/><U133/><E133/><V128/><F107/><T52/><D54/><U67/><E73/><V111/><F114/><T46/><D71/><U53/><E96/><V93/><F111/><T80/><D64/><U76/><E94/><V48/><F93/><T44/><D44/><U41/><E41/><V74/><F42/><T45/><D45/><U84/><E84/><V50/><F47/><T33/><D33/><U2/><E2/><V32/><F74/><T100/><REACH who="0" step="1"/><D46/><REACH who="0" ten="166,356,508,0" step="2"/><U40/><E40/><V81/><F43/><T101/><AGARI ba="3,2" hai="49,52,58,80,87,89,91,92,99,100,101,125,126,127" m="31264,30752" machi="101" ten="40,12000,3" yaku="1,1,2,1,0,1,18,1,52,2,54,1,53,1" doraHai="56" doraHaiUra="90" who="0" fromWho="0" sc="166,146,356,-43,508,-83,0,0" owari="312,-29.0,313,-9.0,425,38.0,0,0.0" /></mjloggm>