<mjloggm ver="2.3"><GO type="225" lobby="0"/><UN n0="%69%70%73%E6%88%A6%E5%A3%AB" n1="%63%72%65%61%6D%38%32%34" n2="%E3%81%98%E3%81%98%E3%81%84%E3%81%8C%E5%91%BC%E3%82%93%E3%81%A0" n3="%E3%83%AD%E3%83%83%E3%83%86%E9%9B%80%E7%90%83" dan="16,16,16,16" rate="2119.84,2058.54,2094.97,2155.82" sx="M,M,M,F"/><TAIKYOKU oya="0"/><INIT seed="0,0,0,0,2,35" ten="250,250,250,250" oya="0" hai0="39,71,133,85,64,101,30,46,53,25,112,51,63" hai1="109,110,37,103,107,119,34,120,59,126,9,113,43" hai2="84,68,78,21,124,72,106,102,23,22,87,80,7" hai3="74,24,128,32,27,29,18,4,117,67,60,5,26"/><T82/><D133/><U44/><E119/><V92/><F124/><W70/><G117/><T108/><D112/><U91/><E120/><V17/><F68/><W116/><G116/><T20/><D108/><U16/><E126/><V47/><F106/><W40/><G128/><T125/><D125/><U93/><E34/><V130/><F130/><W36/><G74/><T98/><D39/><U86/><E113/><V38/><F17/><W90/><G40/><T14/><D14/><U56/><E107/><V122/><F122/><W65/><G36/><T81/><REACH who="0" step="1"/><D85/><REACH who="0" ten="240,250,250,250" step="2"/><U58/><REACH who="1" step="1"/><E103/><REACH who="1" ten="240,240,250,250" step="2"/><V132/><F102/><W0/><G32/><T49/><D49/><U57/><N who="1" m="14336" /><DORA hai="50" /><U6/><E6/><V131/><F7/><W62/><G5/><T52/><D52/><U114/><E114/><V75/><F131/><W33/><G4/><T111/><D111/><U135/><E135/><V97/><F132/><W1/><G33/><T89/><D89/><U8/><E8/><V76/><F38/><W73/><G90/><T12/><D12/><AGARI ba="0,2" hai="9,12,16,37,43,44,86,91,93,109,110" m="14336" machi="12" ten="50,3200,0" yaku="1,1,54,1,53,0" doraHai="35,50" doraHaiUra="2,96" who="1" fromWho="0" sc="240,-32,240,52,250,0,250,0" /><INIT seed="1,0,0,1,0,34" ten="208,292,250,250" oya="1" hai0="85,36,41,134,74,79,129,11,30,7,8,94,64" hai1="1,88,63,112,110,71,96,87,47,61,68,6,133" hai2="81,52,56,125,2,57,17,10,59,101,54,127,122" hai3="131,130,27,25,117,42,115,19,121,113,82,126,128"/><U38/><E112/><N who="3" m="43082" /><G82/><N who="0" m="45431" /><D8/><U60/><E110/><V116/><F116/><W109/><G42/><T123/><D94/><U90/><E133/><V80/><F122/><W105/><G105/><T23/><D85/><U114/><E114/><V37/><F37/><W3/><G126/><N who="2" m="48137" /><F101/><W73/><G73/><T135/><D23/><U75/><E75/><V104/><F104/><W20/><G121/><T124/><D124/><U16/><E47/><V14/><F2/><W72/><G72/><T9/><D9/><U29/><E38/><V70/><F70/><W48/><G48/><T58/><D30/><U0/><E71/><V84/><F81/><W35/><G109/><T108/><D108/><U78/><E68/><V44/><F44/><W111/><G111/><T119/><D123/><U21/><E1/><V39/><F39/><W77/><G77/><AGARI ba="0,0" hai="10,14,17,52,54,56,57,59,77,80,84" m="48137" machi="77" ten="30,2000,0" yaku="18,1,54,1" doraHai="34" who="2" fromWho="3" sc="208,0,292,0,250,20,250,-20" /><INIT seed="2,0,0,2,5,58" ten="208,292,270,230" oya="2" hai0="87,63,123,95,106,52,99,42,8,109,74,128,41" hai1="76,85,13,4,105,120,77,45,108,21,131,50,111" hai2="127,1,37,44,78,57,84,18,6,82,117,3,30" hai3="34,118,69,101,129,51,46,89,79,135,67,66,11"/><V97/><F117/><W15/><G129/><T28/><D123/><U26/><E131/><V100/><F127/><W130/><G135/><T10/><D74/><U33/><E105/><V116/><F116/><W5/><G130/><T122/><D122/><U65/><E65/><V90/><F30/><W60/><G118/><T2/><D128/><U103/><E103/><V110/><F110/><N who="1" m="42025" /><E33/><V98/><F18/><W64/><G34/><T7/><D109/><U16/><E85/><V114/><F114/><W104/><G79/><T126/><D126/><U80/><E80/><V81/><F6/><W61/><G89/><T96/><D28/><N who="1" m="17487" /><E4/><V68/><F68/><W12/><G12/><N who="0" m="5151" /><D106/><U83/><E83/><V54/><F100/><W75/><G75/><T25/><D25/><U9/><E120/><V55/><F98/><N who="0" m="37418" /><D10/><U24/><E24/><V0/><F97/><W86/><G101/><T112/><D2/><U70/><E70/><V107/><F107/><W47/><G104/><T73/><D73/><U62/><E62/><N who="3" m="24170" /><G69/><T40/><D112/><U39/><E39/><V121/><F121/><W119/><G119/><T38/><D38/><U93/><E93/><N who="2" m="54471" /><F78/><W94/><G51/><T91/><D63/><U17/><E77/><V48/><F37/><W23/><G23/><T20/><D20/><U22/><E76/><V88/><F88/><W59/><G59/><T49/><D49/><U29/><E50/><N who="2" m="28999" /><F1/><W14/><G14/><T134/><D134/><U115/><E115/><V102/><F102/><W125/><G125/><T43/><N who="0" m="10240" /><DORA hai="27" /><T36/><D36/><U56/><E13/><RYUUKYOKU ba="0,0" sc="208,10,292,-30,270,10,230,10" hai0="52,87,91,95" hai2="0,3,48,55,57,81,82" hai3="5,11,15,46,47,64,66,67,86,94" /><INIT seed="2,1,0,2,0,130" ten="218,262,280,240" oya="2" hai0="84,74,38,102,21,23,14,24,91,69,113,87,25" hai1="5,0,4,114,128,19,43,126,78,39,120,108,111" hai2="68,97,129,133,26,112,16,56,17,118,77,135,20" hai3="57,2,42,44,71,115,36,27,119,32,103,92,62"/><V51/><F112/><W70/><G119/><T125/><D74/><U15/><E128/><V83/><F129/><W67/><G2/><T13/><D113/><U6/><E114/><V75/><F68/><W37/><G115/><T89/><D69/><U100/><E126/><V41/><F118/><W35/><G37/><T109/><D38/><U107/><E120/><V34/><F34/><W79/><G79/><T11/><D125/><U65/><E65/><V86/><F97/><W82/><G82/><T81/><D109/><N who="1" m="42059" /><E78/><V31/><F75/><W3/><G3/><T106/><D106/><U117/><E117/><V98/><F98/><W121/><G121/><T123/><D123/><U49/><E39/><V9/><F56/><W76/><G76/><T134/><D134/><N who="2" m="51210" /><F9/><W131/><G131/><T7/><D102/><U40/><E100/><V63/><F63/><W18/><G35/><T104/><D104/><U127/><E107/><V61/><F61/><W58/><G71/><T101/><D101/><U88/><E127/><V10/><F10/><W1/><G32/><T33/><D33/><U45/><E0/><V29/><F29/><W124/><G1/><T52/><D52/><N who="1" m="29743" /><E88/><V96/><F96/><N who="3" m="59783" /><G124/><T30/><D91/><U59/><E59/><V53/><F53/><W54/><G54/><T12/><D87/><U64/><E64/><V132/><N who="2" m="51218" /><V73/><DORA hai="90" /><F73/><W99/><G99/><T105/><REACH who="0" step="1"/><D105/><REACH who="0" ten="208,262,280,240" step="2"/><U55/><E55/><V80/><F80/><W50/><G36/><T48/><D48/><U95/><E95/><V72/><F72/><W66/><G66/><RYUUKYOKU ba="1,1" sc="208,0,262,0,280,0,240,0" hai0="7,11,12,13,14,21,23,24,25,30,81,84,89" hai1="4,5,6,15,19,40,43" hai2="16,17,20,26,31,41,51,77,83,86" hai3="18,27,42,44,50,57,58,62,67,70" /><INIT seed="2,2,1,1,5,6" ten="208,262,280,240" oya="2" hai0="68,9,54,113,14,107,34,93,69,32,95,88,98" hai1="35,39,112,31,41,75,24,55,81,30,121,11,5" hai2="72,130,111,67,92,47,28,133,1,63,108,82,84" hai3="85,40,116,94,125,60,45,25,53,52,132,73,115"/><V15/><F1/><W76/><G116/><T64/><D113/><U126/><E112/><V105/><F105/><W3/><G115/><T43/><D107/><U38/><E126/><V48/><F28/><W57/><G125/><T18/><D43/><U100/><E121/><V90/><F72/><W20/><G132/><T83/><D83/><U46/><E31/><V134/><F82/><N who="3" m="47303" /><G3/><T61/><D68/><U33/><E100/><V96/><F96/><W91/><G73/><T124/><D124/><U16/><E55/><N who="2" m="30111" /><F15/><W44/><G53/><T56/><REACH who="0" step="1"/><D93/><REACH who="0" ten="198,262,280,240" step="2"/><U37/><E41/><V27/><F130/><W119/><G40/><T2/><D2/><U4/><E81/><V10/><F92/><W131/><G131/><T29/><D29/><U104/><E104/><V99/><F134/><W42/><G42/><T19/><D19/><U110/><E30/><V26/><F133/><W128/><G128/><T114/><D114/><U78/><E16/><V106/><F106/><W123/><G123/><T50/><AGARI ba="2,2" hai="9,14,18,32,34,50,54,56,61,64,69,88,95,98" machi="50" ten="20,12000,2" yaku="1,1,0,1,7,1,52,1,54,1,53,1" doraHai="6" doraHaiUra="7" who="0" fromWho="0" sc="198,146,262,-32,280,-62,240,-32" /><INIT seed="3,0,0,4,4,42" ten="344,230,218,208" oya="3" hai0="53,57,114,117,109,0,80,100,26,19,10,27,124" hai1="24,118,97,111,35,115,81,110,56,61,75,45,78" hai2="134,102,94,7,119,74,96,16,59,98,50,60,8" hai3="133,49,58,66,43,6,41,122,39,38,33,69,17"/><W4/><G33/><T21/><D109/><N who="1" m="41483" /><E115/><V85/><F74/><W88/><G122/><T83/><BYE who="2" /><D117/><UN n2="%E3%81%98%E3%81%98%E3%81%84%E3%81%8C%E5%91%BC%E3%82%93%E3%81%A0" /><U93/><E45/><V121/><F119/><W92/><G133/><T77/><D124/><U106/><E106/><V48/><F134/><W31/><G69/><T36/><D36/><U132/><E132/><V3/><F121/><W70/><G70/><T103/><D27/><U54/><E118/><V127/><F127/><W125/><G31/><T131/><D131/><U9/><E9/><V30/><F30/><W63/><G125/><T101/><D114/><U46/><E46/><V23/><F85/><W44/><G43/><T87/><D83/><U107/><E107/><V62/><F98/><N who="3" m="57607" /><G39/><T129/><D129/><U40/><E40/><V1/><F1/><W20/><G38/><T71/><D71/><U34/><E24/><AGARI ba="0,0" hai="4,6,17,20,24,41,44,49,58,63,66" m="57607" machi="24" ten="30,5800,0" yaku="8,1,52,1,54,1" doraHai="42" who="3" fromWho="1" sc="344,0,230,-58,218,0,208,58" /><INIT seed="3,1,0,5,2,74" ten="344,172,218,266" oya="3" hai0="65,42,9,45,24,80,0,26,16,34,72,126,102" hai1="94,99,35,119,135,14,44,25,11,78,51,93,90" hai2="55,13,129,127,101,98,112,10,105,64,2,113,39" hai3="116,83,106,19,31,62,53,15,73,88,59,21,79"/><W71/><G116/><T108/><D108/><U28/><E119/><V33/><F2/><W124/><G124/><T37/><D126/><U89/><E135/><V92/><F127/><W58/><G106/><T41/><D41/><U67/><E67/><V57/><F129/><W70/><G31/><T86/><D102/><U43/><E78/><V47/><F33/><W60/><REACH who="3" step="1"/><G88/><REACH who="3" ten="344,172,218,256" step="2"/><T107/><D107/><U134/><E134/><V122/><F105/><W56/><G56/><T27/><D34/><U18/><REACH who="1" step="1"/><E93/><REACH who="1" ten="344,162,218,256" step="2"/><N who="2" m="58575" /><F113/><W3/><G3/><T32/><D32/><U97/><E97/><V96/><F92/><W68/><G68/><T4/><D80/><U104/><E104/><V84/><F96/><W131/><G131/><T81/><D81/><U111/><E111/><V130/><F112/><W95/><G95/><T85/><D0/><U46/><E46/><V133/><F47/><W103/><G103/><AGARI ba="1,2" hai="11,14,18,25,28,35,43,44,51,89,90,94,99,103" machi="103" ten="30,3900,0" yaku="1,1,7,1,53,1" doraHai="74" doraHaiUra="38" who="1" fromWho="3" sc="344,0,162,62,218,0,256,-42" owari="344,45.0,224,2.0,218,-18.0,214,-29.0" /></mjloggm>