<mjloggm ver="2.3"><GO type="185" lobby="0"/><UN n0="%28%2A%C2%B4%CF%89%EF%BD%80%2A%7D" n1="%65%67%75" n2="%E9%BA%BB%E7%94%9F%E9%9B%80%E5%AD%90" n3="" dan="17,16,16,0" rate="2258.69,2156.57,2150.29,1500.00" sx="F,M,F,C"/><TAIKYOKU oya="0"/><INIT seed="0,0,0,1,0,92" ten="350,350,350,0" oya="0" hai0="60,113,50,34,109,49,52,81,64,118,133,121,107" hai1="94,70,122,128,77,125,54,98,129,76,55,120,105" hai2="57,45,44,79,135,131,116,93,112,106,111,65,74" hai3=""/><T47/><N who="0" m="31008" /><T71/><D34/><U69/><N who="1" m="30752" /><U124/><N who="1" m="31264" /><U51/><E105/><V43/><F106/><T40/><D107/><U91/><E55/><V32/><F32/><T56/><D113/><U35/><E35/><V102/><F112/><T63/><D118/><U1/><E1/><V48/><F111/><T80/><D109/><U101/><E101/><V123/><N who="2" m="31520" /><V90/><F135/><T86/><D133/><U37/><E37/><V108/><F108/><T110/><D110/><U62/><E62/><V115/><F115/><T36/><REACH who="0" step="1"/><D81/><REACH who="0" ten="340,350,350,0" step="2"/><U0/><E0/><V59/><F116/><T100/><D100/><U41/><E77/><AGARI ba="0,1" hai="36,40,47,49,50,52,56,60,63,64,71,77,80,86" m="31008" machi="77" ten="30,12000,1" yaku="1,1,7,1,52,1,54,1,53,1" doraHai="92" doraHaiUra="72" who="0" fromWho="1" sc="340,130,350,-120,350,0,0,0" /><INIT seed="0,1,0,3,5,55" ten="470,230,350,0" oya="0" hai0="41,82,119,126,84,32,83,97,113,94,124,77,104" hai1="111,61,132,98,1,122,87,34,49,53,130,35,134" hai2="40,90,46,95,91,131,3,42,48,101,85,44,115" hai3=""/><T39/><D32/><U121/><N who="1" m="31008" /><U38/><N who="1" m="31264" /><U108/><E1/><V54/><F115/><T45/><D113/><U129/><E38/><V43/><F3/><T72/><D119/><U80/><E98/><V65/><F131/><N who="1" m="50185" /><E61/><V107/><F65/><T63/><D63/><U123/><N who="1" m="31520" /><U118/><E118/><V110/><F110/><N who="1" m="42025" /><E87/><V74/><F74/><T0/><D0/><U73/><E80/><V57/><F107/><T56/><D104/><U71/><E73/><V64/><F101/><T120/><N who="0" m="30752" /><T127/><D56/><U88/><E88/><V51/><F91/><T135/><D83/><U75/><E75/><V78/><F78/><T92/><D72/><U68/><E35/><V70/><F70/><N who="1" m="26665" /><E34/><V93/><F93/><T47/><D94/><U67/><E67/><V66/><F66/><T37/><D92/><U116/><E116/><V103/><F103/><T106/><D97/><U96/><E96/><V125/><F64/><T52/><D84/><U60/><E60/><V59/><F90/><T33/><D82/><U69/><N who="1" m="26673" /><U58/><AGARI ba="1,0" hai="49,53,58,132,134" m="26673,42025,31520,50185,31264,31008" machi="58" ten="50,12000,3" yaku="4,1,19,1,14,1,34,2,52,4" doraHai="55" who="1" fromWho="1" sc="470,-81,230,122,350,-41,0,0" /><INIT seed="1,0,0,0,5,65" ten="389,352,309,0" oya="1" hai0="120,110,70,95,108,72,116,119,63,73,103,56,91" hai1="128,57,62,52,96,67,71,111,80,92,122,2,99" hai2="131,69,86,78,98,66,82,1,125,81,93,74,134" hai3=""/><U100/><N who="1" m="31264" /><U36/><E2/><V42/><F1/><T33/><N who="0" m="30752" /><T130/><D33/><U113/><E113/><V3/><F3/><T94/><D130/><U109/><E128/><V126/><F42/><T124/><D124/><U47/><E80/><V44/><F44/><T75/><D103/><U121/><N who="1" m="31008" /><U45/><E96/><V104/><F131/><T59/><D70/><U46/><REACH who="1" step="1"/><E36/><REACH who="1" ten="389,342,309,0" step="2"/><V37/><F37/><T0/><D0/><U106/><E106/><V58/><F125/><T114/><D114/><U35/><E35/><V49/><F126/><T135/><D116/><U105/><E105/><V89/><F104/><T64/><D119/><U107/><E107/><V53/><F81/><T123/><D123/><U127/><E127/><V85/><F98/><T39/><D39/><U88/><E88/><V77/><F89/><T55/><D91/><U129/><E129/><V48/><F82/><T76/><D94/><U61/><AGARI ba="0,1" hai="45,46,47,52,57,61,62,67,71,92,99,100,109,111" m="31008,31264" machi="61" ten="40,12000,2" yaku="1,1,0,1,52,3,54,1,53,0" doraHai="65" doraHaiUra="83" who="1" fromWho="1" sc="389,-60,342,130,309,-60,0,0" /><INIT seed="1,1,0,0,1,109" ten="329,472,249,0" oya="1" hai0="104,77,3,102,105,113,35,127,114,119,40,63,98" hai1="68,39,50,89,54,116,128,100,129,67,101,122,124" hai2="126,87,81,57,91,92,34,55,123,117,59,107,120" hai3=""/><U46/><N who="1" m="31264" /><U82/><E116/><V37/><N who="2" m="30752" /><V85/><N who="2" m="31520" /><V69/><F69/><T90/><D35/><U88/><E124/><V74/><F74/><T95/><D3/><U70/><E39/><V60/><F107/><T45/><D119/><U108/><E108/><V49/><F117/><T125/><D77/><U133/><E133/><V32/><F126/><N who="0" m="48138" /><D63/><U78/><E67/><V71/><F71/><N who="1" m="27177" /><E100/><V110/><F37/><T115/><D102/><U47/><E47/><V58/><F110/><T111/><D111/><U41/><E101/><V48/><F48/><AGARI ba="1,0" hai="40,45,48,90,95,98,104,105,113,114,115" m="48138" machi="48" ten="40,8000,1" yaku="18,1,52,3" doraHai="109" who="0" fromWho="2" sc="329,82,472,0,249,-82,0,0" /><INIT seed="2,0,0,1,4,108" ten="411,472,167,0" oya="2" hai0="124,38,59,105,92,121,75,117,135,64,35,61,49" hai1="39,74,116,90,67,125,2,132,80,134,48,104,96" hai2="83,58,131,41,40,110,62,112,103,98,34,93,115" hai3=""/><V130/><F34/><T54/><N who="0" m="31008" /><T42/><D35/><U87/><E2/><V69/><F69/><T66/><D105/><U91/><E39/><V43/><F110/><T106/><D106/><U65/><E116/><V107/><F83/><T73/><D117/><U109/><E109/><V76/><F76/><T47/><D124/><U84/><E48/><V44/><F44/><T88/><D135/><N who="1" m="51755" /><E125/><V101/><F101/><T126/><D126/><U127/><E127/><V36/><F107/><T55/><D55/><U53/><E53/><V79/><F79/><T70/><D66/><U78/><E67/><V99/><F99/><AGARI ba="0,0" hai="38,42,47,49,54,59,61,64,70,73,75,88,92,99" m="31008" machi="99" ten="30,8000,1" yaku="7,1,24,2,52,1,54,1" doraHai="108" who="0" fromWho="2" sc="411,80,472,0,167,-80,0,0" /><INIT seed="4,0,0,0,3,37" ten="491,472,87,0" oya="0" hai0="89,65,54,71,96,53,3,107,76,102,94,39,43" hai1="106,98,51,87,66,101,64,77,92,129,63,1,124" hai2="135,97,118,83,72,80,93,57,86,85,55,84,81" hai3=""/><T115/><D3/><U116/><E116/><V117/><F57/><T50/><D115/><U114/><E1/><V58/><F58/><T128/><D128/><U33/><E33/><V68/><F68/><T2/><D2/><U74/><E114/><V110/><F55/><T42/><D76/><U127/><E129/><V113/><F113/><T134/><D134/><U36/><E36/><V73/><F110/><T48/><D39/><U62/><E51/><V56/><F56/><T49/><D71/><U88/><E63/><V104/><F104/><T105/><D65/><U119/><E119/><N who="2" m="45579" /><F135/><T131/><D131/><U59/><E64/><V40/><F40/><T82/><D82/><AGARI ba="0,0" hai="59,62,66,74,77,82,87,88,92,98,101,106,124,127" machi="82" ten="40,5200,0" yaku="24,2,54,1" doraHai="37" who="1" fromWho="0" sc="491,-52,472,52,87,0,0,0" /><INIT seed="5,0,0,0,4,101" ten="439,524,87,0" oya="1" hai0="74,34,116,2,57,43,106,113,95,112,87,64,115" hai1="42,135,86,125,69,94,0,83,109,49,59,104,92" hai2="76,52,133,72,122,1,75,110,120,93,73,58,33" hai3=""/><U102/><E0/><V129/><N who="2" m="30752" /><V82/><N who="2" m="31264" /><V100/><F33/><T60/><D2/><U67/><E69/><V81/><F1/><T50/><D34/><U51/><E109/><V118/><F110/><T66/><D106/><U97/><E125/><V70/><F70/><T46/><D74/><U84/><E135/><V126/><F118/><T65/><D116/><U44/><E84/><V117/><F133/><T79/><D95/><U108/><E108/><V111/><F111/><T77/><REACH who="0" step="1"/><D87/><REACH who="0" ten="429,524,87,0" step="2"/><U90/><E92/><V35/><F35/><T80/><D80/><U47/><E104/><V131/><F117/><T78/><AGARI ba="0,1" hai="43,46,50,57,60,64,65,66,77,78,79,112,113,115" machi="78" ten="40,6000,1" yaku="1,1,0,1,15,1,53,1" doraHai="101" doraHaiUra="38" who="0" fromWho="0" sc="429,70,524,-40,87,-20,0,0" /><INIT seed="6,0,0,5,0,84" ten="499,484,67,0" oya="2" hai0="71,126,98,72,91,85,35,65,32,37,128,110,99" hai1="96,121,77,108,1,53,69,68,62,93,123,57,112" hai2="115,46,38,105,134,66,50,61,42,129,97,101,40" hai3=""/><V67/><F115/><T75/><D110/><U124/><N who="1" m="31008" /><U116/><N who="1" m="31520" /><U92/><E108/><V49/><F134/><T135/><D135/><U119/><E1/><V131/><F67/><T106/><D37/><U78/><E112/><V109/><F109/><T59/><D71/><N who="1" m="27211" /><E124/><V36/><F36/><T122/><N who="0" m="31264" /><T70/><D70/><U95/><E96/><V117/><F117/><AGARI ba="0,0" hai="53,57,62,77,78,92,93,95,116,117,119" m="27211,31520,31008" machi="117" ten="40,5200,0" yaku="12,1,52,2" doraHai="84" who="1" fromWho="2" sc="499,0,484,52,67,-52,0,0" owari="499,10.0,536,48.0,15,-58.0,0,0.0" /></mjloggm>