<mjloggm ver="2.3"><GO type="185" lobby="0"/><UN n0="%6E%65%6F%E3%82%BD%E3%83%83%E3%82%AF%E3%82%B9%E2%99%AA" n1="%E9%BA%BB%E7%94%9F%E9%9B%80%E5%AD%90" n2="%E3%82%82%E3%82%8D%E3%82%86%E3%81%86" n3="" dan="18,16,16,0" rate="2257.26,2137.87,2122.45,1500.00" sx="M,F,M,C"/><TAIKYOKU oya="0"/><INIT seed="0,0,0,4,3,100" ten="350,350,350,0" oya="0" hai0="83,54,72,120,119,2,109,90,61,33,116,44,130" hai1="39,62,3,79,95,94,115,50,64,121,84,118,131" hai2="128,106,93,114,38,87,123,67,125,49,56,91,40" hai3=""/><T52/><N who="0" m="30752" /><T77/><D2/><U80/><N who="1" m="31008" /><U113/><E39/><V42/><N who="2" m="31520" /><V102/><F114/><T41/><D33/><U111/><E118/><V124/><F38/><T89/><D130/><U78/><E3/><V0/><F0/><T45/><D109/><U92/><E111/><V81/><F128/><T108/><D108/><U86/><E50/><V48/><F106/><T103/><D103/><U88/><E131/><V60/><F49/><T43/><D61/><U65/><E65/><V58/><F102/><T36/><D119/><U57/><REACH who="1" step="1"/><E78/><REACH who="1" ten="350,340,350,0" step="2"/><V71/><F42/><T107/><D116/><U34/><E34/><V35/><F35/><T69/><D36/><U134/><E134/><V127/><F40/><T112/><D77/><U73/><E73/><V129/><F48/><T68/><D72/><U47/><E47/><V104/><F129/><T101/><D41/><U53/><E53/><V55/><F55/><T51/><D43/><U1/><E1/><V70/><F127/><T135/><D51/><U97/><E97/><V126/><F125/><T122/><D54/><U99/><E99/><V82/><F126/><T76/><D52/><U133/><E133/><V66/><F124/><T85/><D135/><RYUUKYOKU ba="0,1" sc="350,-10,340,20,350,-10,0,0" hai1="57,62,64,79,80,84,86,88,92,94,95,113,115" /><INIT seed="1,1,1,5,2,78" ten="340,360,340,0" oya="1" hai0="57,94,122,52,129,44,79,105,69,48,51,58,131" hai1="38,116,32,34,107,134,77,37,132,121,65,0,118" hai2="72,42,33,101,130,64,133,73,46,111,63,84,67" hai3=""/><U120/><N who="1" m="30752" /><U97/><N who="1" m="31008" /><U80/><E65/><V62/><F33/><N who="1" m="12905" /><E0/><V115/><F115/><T82/><N who="0" m="31264" /><T43/><D105/><U104/><E97/><V3/><F3/><T66/><D94/><U123/><N who="1" m="31520" /><U86/><E104/><V128/><F133/><N who="1" m="51305" /><E107/><V45/><F42/><T112/><D112/><U68/><E68/><V40/><F40/><T71/><D58/><U75/><E86/><V47/><F84/><T88/><D66/><U102/><E102/><V99/><F99/><T49/><D71/><U96/><E96/><V54/><F46/><T103/><D69/><U126/><E126/><V90/><F101/><T108/><D103/><U1/><E1/><V35/><F35/><T85/><D85/><U83/><E80/><V39/><F67/><T76/><D82/><U61/><E61/><V127/><F127/><T106/><D106/><U56/><E56/><V98/><F63/><T100/><D57/><U91/><E91/><V74/><F62/><T125/><D88/><U60/><E60/><V93/><F90/><T87/><D100/><U81/><E81/><V114/><F64/><T59/><D125/><U124/><E124/><V70/><F98/><T53/><D87/><U110/><E110/><RYUUKYOKU ba="1,1" sc="340,-10,360,20,340,-10,0,0" hai1="37,38,75,77,83,116,118" /><INIT seed="1,2,1,0,1,58" ten="330,380,330,0" oya="1" hai0="123,34,118,120,110,83,59,127,64,125,62,47,55" hai1="114,106,60,67,129,61,73,128,71,133,93,132,111" hai2="103,98,63,91,135,81,53,88,66,105,42,122,33" hai3=""/><U94/><E106/><V74/><N who="2" m="31264" /><V75/><F33/><T97/><N who="0" m="30752" /><T99/><N who="0" m="31520" /><T89/><D110/><U78/><E114/><V113/><F113/><T69/><D118/><U72/><E111/><V49/><F42/><T124/><D47/><U70/><E78/><V0/><F0/><T77/><D89/><U39/><E67/><V37/><F37/><AGARI ba="2,1" hai="37,39,60,61,70,71,72,73,93,94,128,129,132,133" machi="37" ten="25,9600,0" yaku="22,2,52,2" doraHai="58" who="1" fromWho="2" sc="330,0,380,110,330,-100,0,0" /><INIT seed="1,3,0,5,2,75" ten="330,490,230,0" oya="1" hai0="118,68,128,58,82,114,74,107,123,105,41,55,93" hai1="50,73,44,71,43,124,96,119,72,65,1,87,32" hai2="79,66,37,36,90,3,131,92,80,97,63,76,98" hai3=""/><U77/><E32/><V64/><F3/><T59/><N who="0" m="31520" /><T38/><D114/><U129/><E1/><V109/><F109/><T104/><D68/><U117/><E129/><V85/><F131/><T0/><D0/><U70/><E124/><V115/><F115/><T84/><D118/><U81/><E96/><V46/><F66/><T103/><D74/><U78/><E87/><V42/><F98/><T94/><D59/><U133/><E133/><V54/><F54/><T35/><D35/><U52/><E43/><V49/><REACH who="2" step="1"/><F79/><REACH who="2" ten="330,490,220,0" step="2"/><T45/><D128/><U112/><E112/><V86/><F86/><T106/><D103/><U132/><E65/><V125/><F125/><T34/><D34/><U2/><E2/><V62/><F62/><T111/><D111/><U89/><E117/><V116/><F116/><T69/><N who="0" m="26624" /><DORA hai="126" /><T134/><D134/><U113/><E132/><V88/><F88/><T39/><D84/><U135/><E89/><V56/><AGARI ba="3,1" hai="36,37,42,46,49,56,63,64,76,80,85,90,92,97" machi="56" ten="20,6000,1" yaku="1,1,0,1,7,1,52,1,53,1" doraHai="75,126" doraHaiUra="51,53" who="2" fromWho="2" sc="330,-23,490,-43,220,76,0,0" /><INIT seed="2,0,0,2,4,116" ten="307,447,296,0" oya="2" hai0="45,0,117,35,50,113,60,42,102,58,84,131,119" hai1="127,112,52,106,133,77,63,121,105,46,90,3,124" hai2="55,68,74,101,57,129,49,76,134,79,67,83,95" hai3=""/><V92/><F134/><T66/><D0/><U81/><N who="1" m="31008" /><U69/><E112/><V53/><F129/><T61/><D35/><U98/><E3/><V96/><F79/><T32/><D32/><U110/><E110/><V120/><N who="2" m="30752" /><V87/><F68/><T44/><D131/><U1/><E1/><V94/><F67/><T33/><D33/><U40/><E90/><V54/><F74/><T34/><D34/><U36/><E133/><V103/><F103/><T107/><D113/><U43/><E43/><V99/><F99/><T65/><D84/><U89/><E89/><V41/><F41/><T62/><D62/><U128/><E128/><V104/><AGARI ba="0,0" hai="49,53,54,55,57,76,83,87,92,94,95,96,101,104" m="30752" machi="104" ten="30,4000,0" yaku="0,1,52,2" doraHai="116" who="2" fromWho="2" sc="307,-20,447,-20,296,40,0,0" /><INIT seed="2,1,0,1,5,66" ten="287,427,336,0" oya="2" hai0="109,106,84,118,116,97,80,63,36,44,85,32,127" hai1="39,73,57,121,90,3,92,47,128,123,131,125,79" hai2="42,56,62,58,95,87,83,103,101,96,59,100,38" hai3=""/><V55/><F42/><T61/><D32/><U88/><N who="1" m="31008" /><U65/><N who="1" m="31520" /><U53/><E3/><V48/><F38/><T124/><D109/><U89/><E125/><N who="0" m="48201" /><D106/><U52/><E65/><V75/><F75/><T35/><D35/><U114/><E114/><V60/><F60/><N who="0" m="23114" /><D97/><U102/><E57/><V40/><F40/><T74/><D74/><U93/><E73/><V120/><N who="2" m="30752" /><V68/><F68/><T37/><D85/><U46/><E79/><V107/><F107/><T108/><D108/><U132/><E39/><N who="0" m="14921" /><D44/><N who="1" m="16939" /><E102/><V130/><F130/><N who="1" m="49705" /><E132/><V98/><F98/><T41/><D41/><U51/><E53/><V2/><F2/><T71/><D71/><U104/><E104/><V72/><F72/><T129/><D129/><U77/><E77/><AGARI ba="1,0" hai="77,80,84,116,118" m="14921,23114,48201" machi="77" ten="30,1000,0" yaku="18,1" doraHai="66" who="0" fromWho="1" sc="287,12,427,-12,336,0,0,0" /><INIT seed="4,0,0,5,1,78" ten="299,415,336,0" oya="0" hai0="117,89,66,49,45,125,48,40,111,43,118,116,67" hai1="79,65,37,42,93,71,110,109,77,97,35,52,1" hai2="36,63,0,131,121,55,124,74,47,87,103,50,88" hai3=""/><T46/><D125/><U56/><E35/><V57/><N who="2" m="31008" /><V69/><F124/><T76/><D76/><U53/><E1/><V72/><F0/><T102/><D102/><U101/><E53/><V96/><F69/><T44/><D111/><U105/><E105/><V107/><F36/><T132/><D132/><U130/><E130/><V60/><F131/><T115/><D115/><U99/><E99/><V51/><F50/><N who="0" m="19562" /><D89/><U127/><E127/><V83/><REACH who="2" step="1"/><F60/><REACH who="2" ten="299,415,326,0" step="2"/><T70/><D70/><U3/><E3/><V81/><F81/><T41/><AGARI ba="0,1" hai="40,41,43,44,45,46,66,67,116,117,118" m="19562" machi="41" ten="40,12000,2" yaku="29,2,28,2,34,2" doraHai="78" who="0" fromWho="0" sc="299,130,415,-60,326,-60,0,0" /><INIT seed="4,1,0,4,3,78" ten="429,355,266,0" oya="0" hai0="120,118,131,47,101,75,130,74,115,87,108,99,81" hai1="97,64,60,111,68,123,110,67,85,114,86,116,113" hai2="44,89,127,107,65,94,61,83,52,58,57,3,66" hai3=""/><T129/><N who="0" m="30752" /><T51/><D118/><U55/><N who="1" m="31520" /><U56/><E97/><V92/><F3/><T50/><D108/><U124/><E116/><V77/><F127/><T53/><D50/><U0/><E0/><V132/><F107/><T103/><D115/><N who="1" m="44043" /><E124/><V82/><F132/><T91/><REACH who="0" step="1"/><D103/><REACH who="0" ten="419,355,266,0" step="2"/><U102/><E102/><V105/><F105/><AGARI ba="1,1" hai="47,51,53,74,75,81,87,91,99,101,105,129,130,131" m="30752" machi="105" ten="40,18000,2" yaku="1,1,2,1,19,1,52,2,53,1" doraHai="78" doraHaiUra="45" who="0" fromWho="2" sc="419,192,355,0,266,-182,0,0" /><INIT seed="4,2,0,1,2,80" ten="611,355,84,0" oya="0" hai0="130,117,103,70,3,82,54,75,78,59,89,121,41" hai1="67,97,2,53,110,92,66,113,102,112,126,124,135" hai2="94,119,98,123,57,132,60,101,129,56,47,44,95" hai3=""/><T99/><N who="0" m="31008" /><T61/><D117/><U105/><E2/><V76/><N who="2" m="31520" /><V115/><F119/><T122/><N who="0" m="31264" /><T33/><D33/><U36/><E36/><V68/><F129/><T35/><D35/><U52/><E110/><V64/><F132/><T77/><D130/><U84/><E135/><V108/><F108/><T63/><D41/><U96/><E92/><V111/><F111/><T88/><D77/><U46/><E46/><V93/><F115/><N who="1" m="44105" /><E96/><V91/><F76/><T38/><D38/><U48/><E84/><V125/><F125/><N who="1" m="48233" /><E48/><V86/><F95/><T120/><N who="0" m="30752" /><T107/><REACH who="0" step="1"/><D3/><REACH who="0" ten="601,355,84,0" step="2"/><U116/><E116/><V128/><F128/><T71/><D71/><U45/><E45/><V83/><F47/><T106/><D106/><U39/><E39/><V32/><F32/><T40/><D40/><U58/><E58/><V134/><F134/><T104/><D104/><U79/><E79/><V34/><F34/><T42/><D42/><U65/><AGARI ba="2,1" hai="52,53,65,66,67,97,102,105" m="48233,44105" machi="65" ten="40,6000,1" yaku="15,1,11,1,18,1,54,1" doraHai="80" who="1" fromWho="1" sc="601,-42,355,74,84,-22,0,0" /><INIT seed="5,0,0,1,4,104" ten="559,429,62,0" oya="1" hai0="129,48,82,66,91,42,93,84,95,34,124,88,116" hai1="90,80,36,38,74,62,81,130,77,106,134,51,70" hai2="53,61,128,50,67,105,32,2,59,68,49,114,131" hai3=""/><U135/><E106/><V113/><F105/><T107/><D34/><U46/><E130/><N who="2" m="49707" /><F2/><T115/><D129/><U37/><E81/><V47/><F32/><T45/><D107/><U3/><E3/><V54/><AGARI ba="0,0" hai="47,49,50,53,54,59,61,67,68,113,114" m="49707" machi="54" ten="40,3900,0" yaku="19,1,34,2" doraHai="104" who="2" fromWho="2" sc="559,-13,429,-26,62,39,0,0" /><INIT seed="6,0,0,0,1,91" ten="546,403,101,0" oya="2" hai0="105,57,118,77,73,92,3,114,97,79,72,66,131" hai1="45,82,37,121,70,110,104,111,75,69,42,93,106" hai2="41,103,59,76,89,56,62,35,109,2,123,133,61" hai3=""/><V116/><N who="2" m="31520" /><V122/><N who="2" m="31264" /><V58/><F2/><T46/><D118/><U52/><N who="1" m="31008" /><U50/><E104/><V32/><F116/><T40/><D131/><U85/><E106/><V34/><F109/><T87/><D114/><U129/><E129/><V135/><F41/><T90/><D66/><U100/><E75/><V74/><F74/><T60/><D77/><U127/><E70/><V132/><F76/><T68/><D68/><U112/><E69/><V88/><REACH who="2" step="1"/><F103/><REACH who="2" ten="546,403,91,0" step="2"/><T49/><D3/><U113/><E100/><V80/><F80/><T55/><D79/><U102/><E102/><V67/><F67/><T120/><N who="0" m="30752" /><T44/><D73/><U84/><E82/><V36/><F36/><T98/><D72/><U38/><E38/><V86/><F86/><T1/><D1/><U128/><E85/><V47/><F47/><T95/><D46/><U64/><E64/><V53/><F53/><T63/><D87/><U99/><E84/><V51/><F51/><T134/><D55/><U81/><E81/><V94/><F94/><T0/><D49/><U108/><E37/><V119/><F119/><T71/><D0/><U43/><E43/><V130/><F130/><T115/><D40/><U107/><E128/><RYUUKYOKU ba="0,1" sc="546,-10,403,-10,91,20,0,0" hai2="32,34,35,56,58,59,61,62,88,89,132,133,135" /><INIT seed="6,1,1,5,0,88" ten="536,393,111,0" oya="2" hai0="108,36,130,40,61,128,98,115,42,54,66,85,45" hai1="63,123,79,100,114,110,76,52,1,65,102,132,74" hai2="92,131,125,99,107,84,103,71,55,64,77,33,126" hai3=""/><V91/><F33/><T93/><D115/><U96/><N who="1" m="31520" /><U105/><E1/><V121/><N who="2" m="31008" /><V90/><F64/><T124/><D124/><N who="2" m="47722" /><F71/><T51/><D85/><U117/><E114/><V89/><F55/><T38/><D108/><U101/><E110/><V87/><F131/><N who="0" m="50218" /><D42/><U2/><E2/><V97/><F97/><T37/><D40/><U53/><E96/><V127/><N who="2" m="47730" /><V43/><DORA hai="104" /><F43/><T120/><N who="0" m="30752" /><T60/><D66/><U50/><E53/><V83/><AGARI ba="1,1" hai="77,83,84,87,89,90,91,92,99,103,107" m="47730,31008" machi="83" ten="40,8000,1" yaku="18,1,34,2,52,2" doraHai="88,104" who="2" fromWho="2" sc="536,-41,393,-41,111,92,0,0" /><INIT seed="6,2,0,4,2,34" ten="495,352,203,0" oya="2" hai0="99,114,87,58,82,117,100,113,127,35,88,81,84" hai1="73,37,95,134,80,76,92,54,66,43,85,132,129" hai2="121,42,93,128,109,57,36,64,60,83,0,33,63" hai3=""/><V59/><N who="2" m="31008" /><V75/><F0/><T71/><D127/><U41/><E129/><V45/><F33/><T44/><D71/><U61/><E54/><V32/><F32/><T96/><D117/><U115/><E115/><N who="0" m="44041" /><D35/><U46/><E41/><V94/><F128/><T116/><D116/><U110/><E110/><V49/><F109/><T52/><D44/><U3/><E3/><V112/><F112/><T79/><D100/><U1/><E1/><V107/><F107/><T91/><D79/><U135/><E73/><V39/><F75/><T47/><D47/><U38/><E38/><V105/><F105/><T122/><N who="0" m="31264" /><T120/><N who="0" m="30752" /><T125/><D125/><U111/><E111/><V106/><F106/><T55/><D55/><U65/><E65/><V56/><F83/><T101/><D101/><U2/><E2/><V40/><F59/><AGARI ba="2,0" hai="37,43,46,59,61,66,76,80,85,92,95,132,134,135" machi="59" ten="40,1300,0" yaku="20,1" doraHai="34" who="1" fromWho="2" sc="495,0,352,17,203,-17,0,0" owari="495,44.0,369,-3.0,186,-41.0,0,0.0" /></mjloggm>