<mjloggm ver="2.3"><GO type="169" lobby="0"/><UN n0="%E3%81%AD%E3%81%8D%E3%81%9B%40" n1="%E3%82%88%E3%82%8D%E3%81%97%E3%81%8F%E3%81%A7%E3%81%99%E2%99%AA" n2="%E3%83%8E%E3%82%AA%E3%83%81%E3%83%A3%E3%83%99%E3%82%B9" n3="%E3%81%97%E3%82%87%E3%81%93%E3%81%97%E3%82%87%E3%81%93" dan="18,17,17,18" rate="2231.31,2073.53,2217.28,2170.71" sx="M,F,M,M"/><TAIKYOKU oya="0"/><INIT seed="0,0,0,2,1,94" ten="250,250,250,250" oya="0" hai0="52,27,55,20,9,39,74,105,89,85,82,92,60" hai1="122,59,45,6,100,117,66,54,87,130,84,93,102" hai2="2,22,119,132,46,49,79,12,83,115,123,44,36" hai3="8,34,134,99,40,77,76,7,91,65,41,47,129"/><T50/><D39/><U10/><E117/><V81/><F2/><W78/><G34/><T114/><D114/><U88/><E122/><V97/><F123/><W56/><G129/><T124/><D124/><U35/><E130/><V18/><F115/><W38/><G134/><T28/><D105/><U63/><E35/><V72/><F132/><W21/><G21/><T125/><D125/><U106/><E106/><V73/><F36/><W108/><G108/><T110/><D110/><U33/><E33/><V15/><F119/><W133/><G133/><T71/><D9/><U26/><E26/><V37/><F37/><W118/><G118/><T111/><D111/><U127/><E127/><V51/><F97/><W107/><G41/><T68/><D60/><U96/><E87/><V48/><REACH who="2" step="1"/><F15/><REACH who="2" ten="250,250,240,250" step="2"/><W86/><G99/><T0/><D0/><U128/><E128/><V3/><F3/><W112/><G38/><T24/><D24/><U19/><E96/><V16/><F16/><W13/><G112/><T1/><D1/><U121/><E121/><V69/><F69/><W70/><G70/><T17/><D17/><U62/><E19/><V113/><F113/><W23/><G13/><T104/><D104/><U120/><E120/><V116/><F116/><W11/><G107/><T75/><D71/><U32/><E6/><V53/><F53/><N who="0" m="20554" /><D68/><U95/><E54/><V25/><F25/><W4/><G7/><T14/><D14/><U42/><E42/><V109/><F109/><W30/><G4/><T103/><D50/><U98/><E98/><V101/><F101/><W29/><G40/><RYUUKYOKU ba="0,1" sc="250,15,250,-15,240,15,250,-15" hai0="20,27,28,74,75,82,85,89,92,103" hai2="12,18,22,44,46,48,49,51,72,73,79,81,83" /><INIT seed="0,1,1,5,3,135" ten="265,235,255,235" oya="0" hai0="65,128,69,119,17,15,76,67,105,102,32,95,64" hai1="29,108,53,122,34,43,131,41,62,123,118,84,100" hai2="117,55,113,5,96,31,11,33,92,23,42,112,40" hai3="8,10,133,52,38,85,1,130,39,46,124,68,2"/><T4/><D119/><U24/><E118/><V66/><F117/><W63/><G133/><T78/><D105/><U86/><E108/><V75/><F75/><W116/><G116/><T60/><D32/><U25/><E131/><V30/><F66/><W89/><G130/><T109/><D128/><U90/><E100/><V107/><F107/><W111/><G111/><T106/><D106/><U35/><E53/><V99/><F33/><W54/><G85/><T3/><D109/><U6/><E62/><V114/><F55/><W58/><G89/><T48/><D3/><U74/><E90/><V14/><F99/><W37/><G68/><T72/><D4/><U7/><REACH who="1" step="1"/><E74/><REACH who="1" ten="265,225,255,235" step="2"/><V98/><F98/><W104/><G54/><T9/><D72/><U13/><E13/><V44/><F42/><W0/><G104/><T125/><D65/><U97/><E97/><V36/><REACH who="2" step="1"/><F23/><REACH who="2" ten="265,225,245,235" step="2"/><W28/><G52/><T47/><D67/><U94/><E94/><V70/><F70/><W83/><G58/><T115/><D69/><U87/><E87/><V56/><F56/><W21/><G21/><T51/><D64/><U71/><E71/><V82/><F82/><W27/><G83/><T127/><D60/><U103/><E103/><AGARI ba="1,3" hai="5,11,14,30,31,36,40,44,92,96,103,112,113,114" machi="103" ten="40,1300,0" yaku="1,1,53,0" doraHai="135" doraHaiUra="126" who="2" fromWho="1" sc="265,0,225,-16,245,46,235,0" /><INIT seed="1,0,0,2,1,127" ten="265,209,291,235" oya="1" hai0="124,69,30,10,3,16,129,113,86,7,55,24,43" hai1="37,8,40,115,22,77,112,49,87,20,98,72,27" hai2="116,104,100,31,41,90,99,128,134,85,63,39,34" hai3="9,18,2,53,84,123,88,47,19,102,14,110,13"/><U59/><E72/><V32/><F116/><W66/><G123/><T45/><D124/><U58/><E37/><V111/><F111/><W1/><G102/><T71/><D113/><U38/><E38/><V78/><F134/><W44/><G110/><T135/><D135/><U120/><E120/><V64/><F78/><W48/><G66/><T25/><D55/><U105/><E115/><V35/><F41/><W56/><G2/><T122/><D122/><U89/><E112/><V82/><F39/><W118/><G1/><T23/><D86/><U95/><E8/><V60/><F60/><W57/><G118/><T75/><D129/><U94/><E105/><V52/><F52/><W29/><G29/><T91/><D91/><N who="1" m="55679" /><E77/><V68/><REACH who="2" step="1"/><F128/><REACH who="2" ten="265,209,281,235" step="2"/><W133/><G133/><T79/><D79/><U76/><E76/><V80/><F80/><N who="3" m="49159" /><G44/><T15/><D75/><U51/><E40/><V33/><F33/><W109/><G109/><T6/><D43/><U96/><E58/><V97/><F97/><W36/><G36/><T5/><D45/><U106/><E59/><V4/><F4/><N who="0" m="1642" /><D71/><U0/><E96/><V92/><F92/><W70/><G70/><T65/><D69/><U125/><E125/><V108/><F108/><W93/><G93/><T42/><D42/><U67/><E94/><V121/><F121/><W54/><G54/><T73/><D65/><U46/><E67/><V11/><F11/><AGARI ba="0,1" hai="9,11,13,14,18,19,47,48,53,56,57" m="49159" machi="11" ten="30,3900,0" yaku="25,1,8,1,54,1" doraHai="127" who="3" fromWho="2" sc="265,0,209,0,281,-39,235,49" /><INIT seed="2,0,0,1,5,117" ten="265,209,242,284" oya="2" hai0="37,96,36,126,29,25,60,15,18,27,114,128,51" hai1="73,83,118,2,105,45,66,8,99,53,35,109,41" hai2="10,113,123,85,33,104,103,88,101,106,24,50,1" hai3="92,32,30,135,72,107,119,11,125,4,54,56,13"/><V132/><F113/><W40/><G107/><T0/><D114/><U81/><E118/><V93/><F132/><W52/><G72/><T100/><D0/><U84/><E35/><V129/><F129/><W94/><G119/><T86/><D128/><U34/><E109/><V31/><F106/><W58/><G125/><T62/><D126/><U12/><E34/><V7/><F104/><W44/><G135/><T116/><D116/><U39/><E2/><V47/><REACH who="2" step="1"/><F123/><REACH who="2" ten="265,209,232,284" step="2"/><W48/><G32/><T38/><D38/><U79/><E105/><V111/><F111/><W64/><G30/><T115/><D37/><U20/><E39/><V57/><F57/><W59/><G64/><T3/><D36/><U71/><E66/><V63/><F63/><W42/><G59/><T49/><D62/><U78/><E71/><V120/><F120/><W19/><G58/><T14/><D60/><U130/><E130/><V76/><F76/><W5/><G56/><T127/><D127/><U28/><E78/><V122/><F122/><W22/><G44/><T97/><D115/><U91/><E45/><V80/><F80/><W108/><G108/><T90/><D49/><U131/><E83/><V121/><F121/><W133/><G48/><T82/><D51/><U65/><E81/><V9/><F9/><W124/><G124/><T74/><D82/><U69/><E8/><V67/><F67/><W21/><G133/><T43/><D74/><U112/><E65/><V134/><F134/><W95/><G11/><T89/><D89/><U55/><E91/><V61/><F61/><W46/><G46/><RYUUKYOKU ba="0,1" sc="265,-10,209,-10,232,30,284,-10" hai2="1,7,10,24,31,33,47,50,85,88,93,101,103" /><INIT seed="2,1,1,1,0,131" ten="255,199,262,274" oya="2" hai0="33,69,67,119,3,76,122,117,66,22,51,80,41" hai1="130,63,78,105,124,52,90,37,133,113,112,45,77" hai2="79,48,100,5,101,49,103,8,68,31,14,62,95" hai3="0,24,129,61,106,40,35,54,55,87,53,50,102"/><V72/><F31/><W39/><G0/><T128/><D33/><U96/><E130/><V15/><F95/><W17/><G39/><T26/><D3/><U65/><E124/><V34/><F34/><W111/><G111/><T70/><D128/><U18/><E133/><V107/><F107/><W108/><G108/><T13/><D13/><U99/><E112/><V36/><F36/><W84/><G106/><T135/><D122/><U115/><E113/><V16/><F79/><W59/><G102/><T60/><D51/><U12/><E115/><V30/><F30/><W82/><G84/><T19/><D41/><U64/><E64/><V27/><F27/><W83/><G83/><T85/><REACH who="0" step="1"/><D135/><REACH who="0" ten="245,199,262,274" step="2"/><U46/><E37/><V121/><F121/><W75/><G129/><T73/><D73/><U86/><E12/><V123/><F72/><W21/><G75/><T89/><D89/><U71/><E90/><V1/><F1/><W20/><G35/><T42/><D42/><U88/><E88/><V23/><REACH who="2" step="1"/><F123/><REACH who="2" ten="245,199,252,274" step="2"/><W114/><G114/><T120/><D120/><U132/><E132/><V11/><F11/><W47/><G20/><T7/><D7/><U110/><E110/><V81/><F81/><W38/><G38/><T56/><D56/><U44/><E78/><AGARI ba="1,3" hai="17,21,24,40,47,50,53,54,55,59,61,78,82,87" machi="78" ten="30,2000,0" yaku="7,1,8,1" doraHai="131" who="3" fromWho="1" sc="245,0,199,-23,252,0,274,53" /><INIT seed="3,0,0,2,2,50" ten="245,176,252,327" oya="3" hai0="24,20,128,52,93,85,78,31,74,33,32,23,103" hai1="29,30,40,15,61,100,106,79,58,127,135,133,66" hai2="55,22,67,132,51,75,101,27,62,99,60,122,117" hai3="118,3,57,86,16,83,64,70,125,77,87,59,7"/><W114/><G118/><T41/><D41/><U121/><E121/><V105/><F75/><W88/><G114/><T18/><D74/><U89/><E127/><V26/><F117/><W69/><G3/><T98/><D128/><U71/><E79/><V1/><F1/><W63/><G7/><T25/><D78/><U6/><E40/><V130/><F130/><W73/><G73/><T90/><REACH who="0" step="1"/><D52/><REACH who="0" ten="235,176,252,327" step="2"/><U9/><E133/><V91/><F132/><W54/><G125/><T34/><D34/><U49/><E135/><V126/><F126/><W13/><G77/><T108/><D108/><U82/><E66/><V104/><F122/><W112/><G112/><T45/><D45/><U115/><E115/><V102/><F62/><W134/><G134/><T72/><D72/><U35/><E61/><V65/><F60/><N who="3" m="35895" /><G70/><T10/><D10/><U28/><E9/><V111/><F111/><W44/><G69/><T38/><D38/><U48/><E71/><V120/><F120/><W97/><G44/><T95/><AGARI ba="0,1" hai="18,20,23,24,25,31,32,33,85,90,93,95,98,103" machi="95" ten="20,2700,0" yaku="1,1,0,1,7,1,53,0" doraHai="50" doraHaiUra="68" who="0" fromWho="0" sc="235,37,176,-7,252,-7,327,-13" /><INIT seed="4,0,0,4,4,33" ten="272,169,245,314" oya="0" hai0="60,68,25,58,86,81,57,45,88,132,42,7,90" hai1="115,125,113,59,36,31,65,101,63,20,34,37,120" hai2="128,75,127,103,49,21,32,76,43,89,129,122,64" hai3="71,74,99,84,94,97,12,100,117,123,78,121,118"/><T8/><D132/><U54/><E120/><N who="3" m="46154" /><G12/><N who="0" m="5151" /><D68/><U3/><E34/><V0/><F32/><W135/><G71/><T28/><D28/><U61/><E101/><V116/><F122/><W23/><G23/><T6/><D6/><U92/><E125/><V111/><F127/><W73/><G135/><T66/><D25/><N who="1" m="16807" /><E92/><V48/><F103/><N who="3" m="60855" /><G84/><T83/><D58/><N who="1" m="35031" /><E3/><V87/><F0/><W44/><G44/><T29/><D29/><U91/><E91/><N who="0" m="34857" /><D86/><U72/><E72/><N who="3" m="27754" /><G78/><T52/><D66/><U53/><E65/><V95/><F64/><W110/><G110/><T26/><D26/><U46/><E46/><V22/><F111/><W14/><G14/><T107/><D107/><AGARI ba="0,0" hai="99,100,107,117,118" m="27754,60855,46154" machi="107" ten="30,3900,0" yaku="13,1,34,2" doraHai="33" who="3" fromWho="0" sc="272,-39,169,0,245,0,314,39" /><INIT seed="5,0,0,3,4,36" ten="233,169,245,353" oya="1" hai0="88,38,115,19,30,107,131,8,43,31,2,73,102" hai1="25,47,68,116,56,79,122,106,3,129,20,127,60" hai2="77,26,44,70,74,110,98,93,23,51,29,50,92" hai3="15,114,97,7,48,128,112,132,55,0,109,21,130"/><U24/><E116/><V124/><F70/><W104/><G109/><T49/><D73/><U46/><E122/><V45/><F110/><W12/><G132/><T89/><D38/><U41/><E127/><V64/><F64/><W71/><G71/><T95/><D115/><N who="3" m="44073" /><G0/><T59/><D107/><U58/><E129/><V67/><F67/><W103/><G21/><T119/><D119/><U66/><E106/><V81/><F124/><W65/><G65/><T40/><D2/><U108/><E108/><V16/><F98/><W17/><G17/><T90/><D131/><N who="3" m="50217" /><G7/><T83/><D19/><U6/><E79/><V87/><F74/><W13/><G13/><T117/><D117/><U14/><E3/><V62/><F62/><W10/><G10/><T99/><D8/><U118/><E118/><V9/><F9/><W39/><G39/><T85/><D31/><U94/><E6/><V11/><F11/><W76/><G76/><N who="0" m="46311" /><D30/><U78/><E14/><V135/><F29/><W32/><G32/><T126/><D126/><U54/><E78/><V63/><F63/><W120/><G120/><T101/><D101/><U96/><E25/><V57/><F135/><W27/><G27/><T91/><D102/><N who="1" m="60695" /><E20/><V37/><F37/><W111/><G111/><T125/><D125/><U123/><E24/><V5/><F5/><W61/><G15/><T52/><AGARI ba="0,0" hai="40,43,49,52,59,88,89,90,91,95,99" m="46311" machi="52" ten="30,8000,1" yaku="8,1,52,2,54,2" doraHai="36" who="0" fromWho="0" sc="233,80,169,-40,245,-20,353,-20" /><INIT seed="6,0,0,2,3,131" ten="313,129,225,333" oya="2" hai0="123,3,43,34,132,86,81,64,20,0,41,45,4" hai1="12,93,119,32,118,112,102,48,61,17,15,97,85" hai2="84,87,29,38,125,130,56,113,10,126,91,50,82" hai3="71,101,121,122,79,52,133,74,14,31,57,124,36"/><V46/><F130/><W73/><G71/><T42/><D34/><U35/><E112/><V37/><F113/><W49/><G36/><T95/><D123/><U63/><E48/><V105/><F105/><W9/><G124/><T135/><D64/><U5/><E5/><V25/><F56/><W77/><G31/><T88/><D4/><U62/><E85/><V26/><F10/><W11/><G101/><T104/><D104/><U69/><E69/><V127/><F87/><W1/><G1/><T65/><D65/><U58/><E58/><V28/><F28/><W6/><G11/><T92/><D45/><U44/><E44/><V116/><F116/><W8/><G8/><T134/><D20/><U72/><E72/><V117/><F117/><W80/><G133/><T68/><D68/><U106/><E106/><V24/><REACH who="2" step="1"/><F29/><REACH who="2" ten="313,129,215,333" step="2"/><W19/><G6/><T22/><D22/><U109/><E119/><V114/><F114/><W18/><G18/><T129/><D129/><U27/><E17/><V83/><F83/><AGARI ba="0,1" hai="9,14,19,49,52,57,73,74,77,79,80,83,121,122" machi="83" ten="40,2600,0" yaku="9,1,54,1" doraHai="131" who="3" fromWho="2" sc="313,0,129,0,215,-26,333,36" /><INIT seed="7,0,0,4,4,6" ten="313,129,189,369" oya="3" hai0="23,79,55,87,135,17,98,62,134,28,126,30,116" hai1="76,110,7,92,88,15,48,25,11,78,133,73,81" hai2="85,40,105,124,102,53,68,9,32,0,14,41,52" hai3="8,49,24,83,121,4,65,18,37,115,107,80,36"/><W113/><G121/><T60/><D116/><U16/><E110/><V58/><F32/><W22/><G107/><T123/><D123/><U84/><E133/><V70/><F0/><N who="3" m="7" /><G65/><T117/><D117/><U3/><E76/><V75/><F75/><W2/><G2/><T125/><D98/><U50/><E25/><V101/><F124/><N who="0" m="47722" /><D87/><U67/><E67/><V82/><F70/><W114/><G49/><T19/><D79/><U59/><E59/><V106/><F106/><W5/><G5/><T93/><D93/><U29/><E29/><N who="0" m="11369" /><D55/><U63/><E63/><N who="0" m="24105" /><D23/><AGARI ba="0,0" hai="3,7,11,15,16,23,48,50,73,78,81,84,88,92" machi="23" ten="30,7700,0" yaku="7,1,52,1,54,2" doraHai="6" who="1" fromWho="0" sc="313,-77,129,77,189,0,369,0" owari="236,4.0,206,-19.0,189,-31.0,369,46.0" /></mjloggm>