<mjloggm ver="2.3"><GO type="169" lobby="0"/><UN n0="%E3%81%BF%E3%83%BC%E3%81%94%E3%81%BE" n1="%6B%61%61%6E%79%75%79%75" n2="%E9%9B%BB%E8%BB%8A%E9%81%93" n3="%6A%69%6A%69%69%2D%65" dan="18,16,16,16" rate="2207.20,2051.68,2092.08,2083.54" sx="F,M,M,M"/><TAIKYOKU oya="0"/><INIT seed="0,0,0,2,4,44" ten="250,250,250,250" oya="0" hai0="133,135,89,122,4,23,125,20,33,37,36,2,38" hai1="63,99,113,83,103,117,67,15,18,19,3,62,123" hai2="81,86,97,45,130,74,13,94,132,12,54,51,96" hai3="116,68,59,92,104,106,101,114,57,28,52,95,127"/><T49/><D122/><U31/><E117/><V39/><F132/><N who="0" m="50762" /><D33/><U29/><E123/><V69/><F130/><W124/><G114/><T6/><D125/><N who="3" m="48201" /><G116/><T26/><D2/><U90/><E3/><V72/><F69/><W134/><G28/><T105/><D105/><N who="3" m="40553" /><G68/><T14/><D89/><U32/><E29/><V66/><F66/><W1/><G1/><T5/><D14/><U78/><E15/><V60/><F60/><W112/><G112/><T65/><D65/><U25/><E62/><V22/><F12/><W100/><G134/><T108/><D108/><U8/><E8/><V55/><F13/><W93/><G57/><T53/><D26/><U82/><E113/><V7/><F22/><W111/><G111/><T58/><AGARI ba="0,0" hai="4,5,6,20,23,36,37,38,49,53,58" m="50762" machi="58" ten="40,3900,0" yaku="20,1,52,1" doraHai="44" who="0" fromWho="0" sc="250,39,250,-13,250,-13,250,-13" /><INIT seed="0,1,0,3,2,95" ten="289,237,237,237" oya="0" hai0="56,20,41,90,91,3,106,39,0,15,121,34,4" hai1="45,43,100,88,125,19,59,14,113,36,77,8,12" hai2="119,79,7,112,122,28,9,69,114,6,25,32,134" hai3="81,85,35,83,72,55,105,30,5,65,67,102,115"/><T31/><D121/><U123/><E125/><V74/><F69/><W126/><G115/><T108/><D108/><U13/><E113/><V42/><F6/><W38/><G72/><T61/><D106/><U76/><E123/><V111/><F111/><W64/><G5/><T47/><D34/><U75/><E100/><V127/><F122/><W22/><G35/><T133/><D133/><U11/><E75/><V104/><F127/><W110/><G38/><T124/><D124/><U120/><E120/><V132/><F42/><W128/><G128/><T44/><D44/><U68/><E68/><V117/><F104/><W17/><G30/><T60/><D61/><U107/><E107/><V58/><F58/><W97/><G110/><T78/><D78/><U50/><E13/><V86/><F86/><W89/><G55/><T46/><D46/><U1/><E1/><V80/><F112/><W24/><REACH who="3" step="1"/><G126/><REACH who="3" ten="289,237,237,227" step="2"/><T66/><D31/><U52/><REACH who="1" step="1"/><E88/><REACH who="1" ten="289,227,237,227" step="2"/><V131/><F114/><W57/><G57/><T48/><D91/><U73/><E73/><V94/><F134/><W33/><G33/><T116/><D90/><U135/><E135/><V129/><F132/><W40/><G40/><T118/><D41/><U29/><E29/><N who="2" m="19503" /><F131/><W99/><G99/><T54/><D0/><U2/><E2/><N who="2" m="247" /><F129/><W18/><G18/><AGARI ba="1,2" hai="8,11,12,14,18,19,36,43,45,50,52,59,76,77" machi="18" ten="30,12000,2" yaku="1,1,7,1,9,1,54,1,53,2" doraHai="95" doraHaiUra="10" who="1" fromWho="3" sc="289,0,227,143,237,0,227,-123" /><INIT seed="1,0,0,3,3,92" ten="289,370,237,104" oya="1" hai0="34,129,25,128,132,104,106,8,57,7,112,124,118" hai1="116,40,41,59,67,114,83,72,37,64,77,21,127" hai2="6,56,35,131,109,53,73,70,93,31,96,123,27" hai3="22,13,4,28,88,5,119,1,121,117,135,32,86"/><U29/><E116/><N who="3" m="44618" /><G121/><T78/><D118/><U105/><E114/><V44/><F123/><W98/><G1/><T87/><D112/><U43/><E127/><V85/><F73/><W24/><G135/><T17/><D124/><U61/><E105/><V36/><F70/><W102/><G32/><T82/><D132/><U48/><E37/><V9/><F131/><N who="0" m="50250" /><D57/><U125/><E125/><V12/><F109/><W79/><G79/><T130/><N who="0" m="50258" /><T39/><DORA hai="94" /><D39/><U100/><E100/><V26/><F26/><W42/><G42/><T18/><D34/><U69/><E48/><V81/><F44/><W46/><G46/><T90/><D78/><U63/><E29/><V16/><F36/><W134/><G134/><T66/><D66/><U19/><REACH who="1" step="1"/><E41/><REACH who="1" ten="289,360,237,104" step="2"/><V50/><F31/><W75/><G75/><T108/><D106/><U126/><E126/><V95/><F50/><W76/><G76/><T58/><D104/><U49/><E49/><V54/><F35/><W55/><G28/><T45/><D108/><U80/><E80/><V52/><F81/><W3/><G102/><T115/><D82/><U10/><E10/><V62/><F9/><W0/><G0/><T51/><D8/><U14/><AGARI ba="0,1" hai="14,19,21,40,43,59,61,63,64,67,69,72,77,83" machi="14" ten="20,12000,1" yaku="1,1,0,1,7,1,53,2" doraHai="92,94" doraHaiUra="107,74" who="1" fromWho="1" sc="289,-40,360,130,237,-40,104,-40" /><INIT seed="1,1,0,2,2,125" ten="249,490,197,64" oya="1" hai0="111,130,103,88,69,89,2,91,102,17,49,53,50" hai1="135,38,29,119,51,124,74,25,31,118,3,84,59" hai2="40,18,92,82,80,96,85,90,33,127,63,78,55" hai3="76,44,15,10,30,95,46,75,9,67,61,11,132"/><U121/><E124/><V28/><F127/><W68/><G132/><T57/><D111/><U39/><E74/><V105/><F40/><W19/><G95/><T43/><D69/><U117/><E121/><V48/><F63/><W113/><G113/><T123/><D123/><U32/><E3/><V16/><F105/><W47/><REACH who="3" step="1"/><G30/><REACH who="3" ten="249,490,197,54" step="2"/><T81/><D103/><U107/><E135/><V20/><F33/><W115/><G115/><T112/><D102/><U108/><E107/><V106/><F106/><W8/><G8/><T100/><D112/><U128/><E32/><V129/><F129/><W12/><G12/><T4/><D100/><U52/><E128/><V70/><F70/><W14/><G14/><T13/><D130/><U58/><E108/><V26/><REACH who="2" step="1"/><F80/><AGARI ba="1,1" hai="9,10,11,15,19,44,46,47,61,67,68,75,76,80" machi="80" ten="40,1300,0" yaku="1,1,53,0" doraHai="125" doraHaiUra="45" who="3" fromWho="2" sc="249,0,490,0,197,-16,54,26" /><INIT seed="2,0,0,2,3,129" ten="249,490,181,80" oya="2" hai0="1,70,91,63,36,94,107,117,134,57,76,6,21" hai1="122,108,25,131,110,44,10,2,15,38,11,20,59" hai2="79,133,127,29,24,41,8,106,58,67,55,98,19" hai3="105,16,93,69,74,104,109,90,39,64,114,115,9"/><V84/><F127/><W78/><G39/><T49/><D107/><N who="3" m="41033" /><G64/><T77/><D117/><U22/><E59/><V5/><F67/><W72/><G69/><T18/><D36/><U75/><E44/><V42/><F19/><W31/><G31/><T102/><D70/><U53/><E53/><V99/><F133/><W101/><G9/><T73/><D102/><U27/><E75/><N who="3" m="28714" /><G16/><T113/><D73/><U13/><E38/><V28/><F106/><W65/><G65/><T66/><D134/><U4/><E131/><V68/><F68/><W81/><G101/><T126/><D126/><U111/><E122/><V60/><F5/><W135/><G109/><T43/><D1/><U52/><E52/><V86/><F8/><W130/><G130/><T88/><D6/><U112/><E112/><N who="3" m="43050" /><G135/><T123/><D113/><U33/><E33/><V97/><F29/><W35/><G35/><T47/><D123/><U17/><E11/><V50/><F41/><W124/><G124/><T92/><D18/><AGARI ba="0,0" hai="2,4,10,13,15,17,18,20,22,25,27,108,110,111" machi="18" ten="40,8000,1" yaku="9,1,14,1,34,3" doraHai="129" who="1" fromWho="0" sc="249,-80,490,80,181,0,80,0" /><INIT seed="3,0,0,4,0,69" ten="169,570,181,80" oya="3" hai0="24,116,99,49,109,95,74,41,54,6,43,8,61" hai1="13,36,17,129,100,58,103,108,134,50,127,45,23" hai2="87,15,107,66,98,86,73,1,32,37,111,94,75" hai3="92,67,22,28,59,16,47,77,117,90,80,56,88"/><W72/><G117/><T91/><D109/><U113/><E108/><V46/><F32/><W121/><G121/><T112/><D112/><U122/><E113/><V26/><F1/><W34/><G90/><T60/><D74/><U38/><E122/><V65/><F107/><W53/><G67/><T123/><D116/><U120/><E120/><V78/><F26/><W21/><G47/><T25/><D123/><U128/><E134/><V135/><F135/><W51/><G59/><T124/><D124/><U119/><E119/><V68/><F68/><W132/><G132/><T2/><D61/><U89/><E58/><V63/><F63/><W70/><G70/><T106/><D60/><U44/><E127/><V10/><F66/><W31/><G34/><T110/><D106/><U57/><E57/><V93/><F65/><W12/><REACH who="3" step="1"/><G22/><REACH who="3" ten="169,570,181,70" step="2"/><T101/><D91/><U102/><E89/><V131/><F46/><W125/><G125/><T64/><D64/><U105/><E44/><V42/><F111/><W19/><G19/><T30/><D110/><U18/><E17/><V115/><F115/><W76/><G76/><T35/><D25/><U130/><E105/><V118/><F78/><W27/><G27/><T0/><D24/><U79/><E79/><V82/><F118/><W39/><G39/><T71/><D35/><U3/><E38/><V133/><F37/><W48/><G48/><T96/><D71/><U126/><E36/><V85/><F133/><W104/><G104/><T33/><D49/><U62/><E50/><V40/><F40/><W52/><G52/><T81/><D54/><RYUUKYOKU ba="0,1" sc="169,-10,570,-10,181,-10,70,30" hai3="12,16,21,28,31,51,53,56,72,77,80,88,92" /><INIT seed="3,1,1,2,3,117" ten="159,560,171,100" oya="3" hai0="114,36,74,61,51,92,19,128,7,86,55,62,134" hai1="85,110,107,102,42,67,127,43,38,53,111,65,34" hai2="22,37,21,118,59,16,39,45,23,20,14,121,15" hai3="29,56,44,135,84,8,13,113,70,18,12,123,25"/><W64/><G70/><T2/><D74/><U116/><E85/><V0/><F0/><W48/><G113/><T95/><D36/><U87/><E34/><V11/><F118/><W83/><G135/><T50/><D114/><U33/><E87/><V24/><F121/><W60/><G123/><T80/><D134/><U82/><E33/><V78/><F14/><W98/><G98/><T41/><D128/><U79/><E102/><V69/><F69/><W104/><G104/><T126/><D126/><U100/><E82/><V75/><F45/><W66/><G13/><T68/><D68/><U101/><E79/><V46/><F46/><W10/><G64/><T109/><D41/><U17/><E53/><V28/><REACH who="2" step="1"/><F59/><REACH who="2" ten="159,560,161,100" step="2"/><W130/><G130/><T57/><D57/><U129/><E116/><V58/><F58/><W49/><G44/><T3/><D2/><U31/><E129/><V122/><F122/><W131/><G131/><T81/><D3/><U93/><E110/><V9/><F9/><W105/><G8/><T125/><D109/><U88/><E111/><V32/><F32/><W63/><G63/><T77/><D62/><U30/><E127/><V76/><F76/><N who="3" m="46183" /><G105/><T119/><D61/><U1/><E1/><V94/><F94/><W115/><G115/><T27/><D125/><U124/><E124/><V6/><F6/><W90/><G90/><T72/><D7/><U91/><E91/><V89/><F89/><W96/><G96/><T99/><D99/><U40/><E88/><V108/><F108/><W112/><G112/><T54/><D119/><U133/><E133/><RYUUKYOKU ba="1,2" sc="159,-15,560,-15,161,15,100,15" hai2="11,15,16,20,21,22,23,24,28,37,39,75,78" hai3="10,12,18,25,29,48,49,56,60,66" /><INIT seed="3,2,2,4,3,14" ten="144,545,176,115" oya="3" hai0="108,120,2,78,61,129,57,25,40,106,66,11,112" hai1="26,62,8,127,75,0,21,33,119,103,72,128,116" hai2="101,85,50,89,47,122,91,93,74,59,121,56,52" hai3="107,109,117,22,24,126,98,46,36,4,79,69,131"/><W39/><G117/><N who="1" m="45130" /><E33/><V84/><F101/><W73/><G126/><T58/><D120/><N who="2" m="46186" /><F74/><W95/><G69/><T31/><D129/><U65/><E103/><V60/><F60/><W49/><G107/><T111/><D112/><U10/><E128/><V30/><F30/><W35/><G35/><T113/><D113/><U18/><E127/><V90/><F90/><W7/><G131/><T77/><D106/><U87/><E87/><V70/><F70/><W67/><G67/><T135/><D66/><U17/><E0/><V42/><F42/><W16/><G109/><T63/><D40/><U23/><E72/><V45/><F59/><W97/><G97/><T100/><D58/><N who="1" m="37079" /><E75/><V104/><F104/><W48/><G39/><T29/><D111/><U123/><E123/><V82/><AGARI ba="2,2" hai="45,47,50,52,56,82,84,85,89,91,93" m="46186" machi="82" ten="30,2000,0" yaku="13,1,54,1" doraHai="14" who="2" fromWho="2" sc="144,-7,545,-7,176,46,115,-12" /><INIT seed="4,0,0,2,2,53" ten="137,538,222,103" oya="0" hai0="93,78,126,83,119,37,79,100,68,107,88,75,73" hai1="52,89,43,13,121,59,5,84,32,57,134,49,129" hai2="28,96,45,116,127,33,67,115,7,35,111,128,62" hai3="16,15,56,98,90,29,0,34,2,8,44,30,23"/><T66/><D37/><U11/><E121/><V47/><F111/><W14/><G44/><T87/><D66/><U94/><E134/><V39/><F116/><W101/><G90/><N who="0" m="51583" /><D68/><U36/><E129/><V103/><F128/><W40/><G40/><T81/><D119/><U113/><E113/><V65/><F65/><W112/><G112/><T104/><D126/><U122/><E122/><V20/><F7/><N who="3" m="3359" /><G56/><T51/><D100/><U61/><E32/><V63/><F39/><W124/><G98/><N who="0" m="57639" /><D51/><U120/><E120/><V133/><F127/><W72/><G101/><T10/><D10/><U60/><REACH who="1" step="1"/><E57/><REACH who="1" ten="137,528,222,103" step="2"/><V3/><F35/><W130/><G130/><T76/><D81/><U70/><E70/><V82/><F33/><W50/><G124/><T54/><D54/><U38/><E38/><V46/><F82/><W132/><G34/><T18/><D18/><U31/><E31/><V21/><F28/><W118/><G30/><T117/><D117/><U123/><E123/><V135/><F115/><W77/><G118/><T64/><D64/><U108/><E108/><V110/><F67/><W25/><G132/><T17/><D17/><U91/><E91/><V22/><F110/><W105/><G29/><T69/><D69/><U99/><E99/><V86/><F135/><W26/><G77/><T6/><D6/><U55/><E55/><V106/><F133/><W58/><G58/><T48/><D48/><U97/><E97/><V85/><F96/><W9/><G50/><T42/><D42/><U92/><E92/><V12/><F103/><W80/><G80/><T1/><D1/><RYUUKYOKU ba="0,1" sc="137,15,528,15,222,-15,103,-15" hai0="73,75,76,78,79,104,107" hai1="5,11,13,36,43,49,52,59,60,61,84,89,94" /><INIT seed="4,1,1,3,0,55" ten="152,543,207,88" oya="0" hai0="16,93,119,115,15,22,49,74,81,128,67,51,38" hai1="97,84,3,42,47,1,91,43,99,4,6,18,50" hai2="13,92,107,105,65,28,72,130,24,17,53,90,23" hai3="0,101,48,88,59,86,96,45,5,57,25,120,37"/><T98/><D119/><U76/><E76/><V63/><F53/><N who="3" m="29839" /><G37/><T87/><D38/><U118/><E118/><V71/><F130/><W66/><G0/><T129/><D74/><U54/><E1/><V8/><REACH who="2" step="1"/><F72/><REACH who="2" ten="152,543,197,88" step="2"/><W73/><G73/><T69/><D129/><U126/><E3/><V62/><F62/><W95/><G120/><T14/><D128/><U40/><E126/><V114/><F114/><W113/><G113/><T41/><D115/><U109/><E109/><V58/><F58/><N who="3" m="22027" /><G66/><T52/><D41/><U123/><E123/><V21/><F21/><W110/><G110/><T60/><D49/><U26/><E54/><V61/><F61/><W39/><G39/><T33/><D33/><U83/><E42/><V85/><AGARI ba="1,2" hai="8,13,17,23,24,28,63,65,71,85,90,92,105,107" machi="85" ten="20,5200,0" yaku="1,1,0,1,7,1,53,1" doraHai="55" doraHaiUra="11" who="2" fromWho="2" sc="152,-27,543,-14,197,75,88,-14" /><INIT seed="5,0,0,0,1,10" ten="125,529,272,74" oya="1" hai0="97,74,42,2,36,46,96,125,18,129,0,79,122" hai1="69,44,78,75,63,93,101,85,102,13,1,30,27" hai2="4,66,53,130,38,134,29,67,39,65,119,90,120" hai3="17,118,127,55,28,47,133,25,22,41,37,5,80"/><U128/><E1/><V98/><F120/><W51/><G127/><T81/><D122/><U61/><E75/><V32/><F119/><W43/><G118/><T59/><D125/><U115/><E128/><V73/><F73/><W76/><G133/><T24/><D129/><U9/><E115/><V33/><F134/><W87/><G37/><T21/><D59/><U19/><E69/><V6/><F53/><W20/><REACH who="3" step="1"/><G5/><REACH who="3" ten="125,529,272,64" step="2"/><T3/><AGARI ba="0,1" hai="0,2,3,18,21,24,36,42,46,74,79,81,96,97" machi="3" ten="30,1100,0" yaku="0,1" doraHai="10" who="0" fromWho="0" sc="125,21,529,-5,272,-3,64,-3" /><INIT seed="6,0,0,2,1,71" ten="146,524,269,61" oya="2" hai0="21,67,7,31,122,126,76,120,87,118,55,112,96" hai1="35,10,103,110,92,54,111,32,132,108,1,24,28" hai2="52,13,25,93,47,37,91,57,39,129,51,113,45" hai3="128,105,16,135,43,30,69,59,130,23,34,66,33"/><V6/><F129/><N who="3" m="49771" /><G105/><T89/><D118/><U114/><E54/><V123/><F113/><W88/><G69/><T36/><D112/><U85/><E92/><V124/><F124/><W98/><G30/><T19/><D36/><U97/><E85/><V86/><F123/><W121/><G121/><T83/><D31/><U3/><E97/><V84/><F25/><N who="3" m="14567" /><G43/><T15/><D126/><U79/><E103/><V106/><F106/><W0/><G0/><N who="1" m="74" /><E79/><V125/><F125/><W62/><G135/><T75/><D7/><U90/><E90/><V70/><F70/><W18/><G18/><T115/><D115/><U119/><E114/><V22/><F86/><W133/><G133/><T44/><D96/><U60/><E60/><V104/><F104/><W42/><G42/><T27/><D122/><U41/><E41/><V95/><F95/><AGARI ba="0,0" hai="33,34,59,62,66,88,95,98" m="14567,49771" machi="95" ten="30,3900,0" yaku="19,1,54,2" doraHai="71" who="3" fromWho="2" sc="146,0,524,0,269,-39,61,39" /><INIT seed="7,0,0,4,2,19" ten="146,524,230,100" oya="3" hai0="114,121,33,78,55,57,35,60,91,120,73,22,38" hai1="17,72,89,99,108,23,7,106,27,109,83,14,111" hai2="93,45,56,84,66,113,4,16,0,75,2,29,15" hai3="50,116,117,102,98,58,119,31,86,104,107,59,125"/><W130/><G125/><T36/><D73/><U80/><E72/><V37/><F75/><W32/><G130/><T131/><D78/><U41/><E41/><V26/><F4/><W39/><G39/><T71/><D131/><U132/><E132/><V81/><F93/><W112/><G112/><T24/><D114/><U42/><E42/><V25/><F45/><W103/><G86/><T82/><D71/><U110/><E108/><V69/><F69/><W13/><G13/><T92/><D82/><U34/><E89/><V94/><F37/><W76/><G76/><T54/><D38/><U8/><E34/><V126/><F29/><W1/><G1/><T46/><D35/><U135/><REACH who="1" step="1"/><E135/><REACH who="1" ten="146,514,230,100" step="2"/><V64/><F113/><W49/><G32/><T40/><D33/><U97/><E97/><V100/><F15/><W43/><G31/><T3/><D40/><U52/><E52/><V118/><F118/><W53/><G43/><T70/><D55/><U11/><E11/><V122/><F84/><W9/><G9/><T127/><D54/><U12/><E12/><V101/><F0/><W77/><G77/><T133/><D91/><U90/><E90/><V51/><F2/><W44/><REACH who="3" step="1"/><G49/><REACH who="3" ten="146,514,230,90" step="2"/><T96/><D3/><U61/><E61/><N who="2" m="37927" /><F51/><W20/><G20/><T48/><D22/><U6/><E6/><V129/><F126/><W123/><G123/><T88/><D120/><U115/><E115/><V128/><F122/><W18/><G18/><T28/><D121/><U21/><E21/><N who="2" m="13479" /><F129/><W63/><G63/><T67/><D127/><U5/><E5/><V134/><F128/><RYUUKYOKU ba="0,2" sc="146,-15,514,15,230,-15,90,15" hai1="7,8,14,17,23,27,80,83,99,106,109,110,111" hai3="44,50,53,58,59,98,102,103,104,107,116,117,119" /><INIT seed="7,1,2,1,4,40" ten="131,529,215,105" oya="3" hai0="34,29,45,19,90,12,100,96,125,0,80,120,127" hai1="33,22,5,81,131,48,121,15,18,52,135,114,108" hai2="72,7,82,43,26,54,23,58,88,91,99,103,49" hai3="67,85,130,97,83,44,93,41,24,70,104,47,126"/><W113/><G104/><T35/><D0/><U1/><E121/><V65/><F7/><W129/><G113/><T60/><D120/><U63/><E108/><V73/><F43/><W95/><G126/><N who="0" m="48139" /><D45/><N who="3" m="17481" /><G41/><T123/><D123/><U122/><E122/><V28/><F65/><W71/><G24/><T134/><D134/><U13/><E135/><V116/><F116/><W106/><G106/><N who="0" m="63751" /><D29/><U25/><E131/><N who="3" m="50186" /><G67/><T119/><D119/><U132/><E114/><V32/><F28/><W118/><G118/><T4/><D4/><U53/><E132/><V78/><F26/><W57/><G57/><T16/><D60/><U111/><E111/><V11/><F58/><W133/><G133/><T61/><D61/><U105/><E105/><V68/><F68/><N who="3" m="26155" /><G97/><T56/><D56/><U124/><E124/><V79/><F99/><W62/><G62/><T76/><D90/><AGARI ba="1,2" hai="83,85,90,93,95" m="26155,50186,17481" machi="90" ten="30,11600,0" yaku="19,1,52,3" doraHai="40" who="3" fromWho="0" sc="131,-119,529,0,215,0,105,139" /><INIT seed="7,2,0,5,2,98" ten="12,529,215,244" oya="3" hai0="61,14,26,68,6,110,120,44,96,50,121,53,63" hai1="87,62,40,118,117,124,85,17,58,112,129,16,1" hai2="22,70,92,72,2,10,95,3,30,116,49,55,36" hai3="97,8,108,46,127,75,42,79,125,54,7,109,64"/><W9/><G64/><T43/><D26/><U60/><E1/><V83/><F36/><N who="3" m="21831" /><G54/><T52/><D96/><U37/><E112/><V90/><F70/><W56/><G56/><T19/><D6/><U107/><E107/><V133/><F133/><W32/><G97/><T115/><D14/><U119/><E129/><V76/><F116/><W126/><G32/><T84/><D84/><N who="1" m="32331" /><E124/><V100/><F100/><W86/><G86/><T130/><D19/><N who="1" m="7243" /><E58/><V33/><F33/><W82/><G8/><T28/><D28/><U15/><E15/><AGARI ba="2,0" hai="7,9,15,75,79,82,108,109,125,126,127" m="21831" machi="15" ten="30,1500,0" yaku="18,1" doraHai="98" who="3" fromWho="1" sc="12,0,529,-21,215,0,244,21" /><INIT seed="7,3,0,0,5,1" ten="12,508,215,265" oya="3" hai0="5,73,31,103,112,42,121,9,7,133,38,27,46" hai1="107,80,45,19,76,20,25,105,113,67,37,127,58" hai2="51,23,24,106,91,128,17,83,29,28,75,36,11" hai3="60,117,86,12,95,16,102,130,18,108,8,55,125"/><W126/><G117/><T72/><D121/><U97/><E127/><N who="3" m="48650" /><G130/><T85/><D133/><U49/><E113/><V57/><F36/><W44/><G108/><T122/><D122/><U115/><E115/><V34/><F106/><W94/><G102/><T2/><D112/><U64/><E37/><V109/><F128/><W62/><G18/><T65/><D85/><U119/><E119/><V92/><F109/><W104/><G104/><T114/><D114/><U131/><E131/><V124/><F124/><W134/><G134/><T4/><D65/><U87/><E97/><V39/><F39/><W50/><G94/><T6/><D103/><U56/><E64/><V84/><F34/><W22/><G22/><T52/><D52/><U68/><E68/><V96/><F75/><W33/><G33/><T82/><D82/><U66/><E66/><V120/><F120/><W101/><G101/><T70/><D70/><U98/><E98/><V21/><F21/><W13/><G12/><T48/><D38/><U14/><E14/><V30/><F57/><W110/><G110/><T118/><D118/><U78/><E78/><V41/><F11/><W26/><G26/><T69/><D69/><U123/><E123/><V111/><F111/><W35/><G35/><T61/><D61/><U43/><E67/><V59/><F59/><W63/><G63/><T47/><D47/><U93/><REACH who="1" step="1"/><E93/><REACH who="1" ten="12,498,215,265" step="2"/><V89/><F51/><W100/><G100/><T116/><REACH who="0" step="1"/><D116/><REACH who="0" ten="2,498,215,265" step="2"/><U3/><E3/><V15/><F83/><W77/><G62/><T10/><D10/><U53/><E53/><V135/><F135/><RYUUKYOKU ba="3,2" sc="2,15,498,15,215,-15,265,-15" hai0="2,4,5,6,7,9,27,31,42,46,48,72,73" hai1="19,20,25,43,45,49,56,58,76,80,87,105,107" owari="17,-48.0,533,63.0,200,-20.0,250,5.0" /></mjloggm>