<mjloggm ver="2.3"><GO type="169" lobby="0"/><UN n0="%E5%B1%B1%E8%B6%8A" n1="%E3%82%86%E3%83%BC%E3%81%BF%E3%82%93" n2="%E9%9D%92%E5%B1%B1%E5%AD%A6%E9%99%A2%EF%BC%94%E5%B9%B4" n3="%5A%E6%B0%91" dan="17,16,17,17" rate="2162.89,2087.74,2191.41,2192.78" sx="M,F,M,M"/><TAIKYOKU oya="0"/><INIT seed="0,0,0,3,5,96" ten="250,250,250,250" oya="0" hai0="83,114,73,62,117,16,134,52,40,64,22,121,98" hai1="74,120,13,92,33,69,91,28,26,81,25,41,58" hai2="35,80,110,32,123,135,109,87,86,108,38,99,0" hai3="71,112,104,45,24,95,27,90,85,49,88,68,79"/><T55/><D134/><U126/><E69/><V10/><F38/><W63/><G112/><T100/><D121/><U75/><E120/><V20/><F123/><W51/><G104/><T39/><D117/><U15/><E126/><V94/><F135/><W14/><G79/><T84/><D73/><U130/><E130/><V60/><F20/><W107/><G107/><T105/><D40/><U57/><E41/><V9/><F60/><W127/><G127/><T72/><D72/><U17/><E81/><V7/><F9/><W102/><G14/><T111/><D39/><U93/><E17/><V42/><F42/><W36/><G36/><T48/><D111/><U61/><E91/><V53/><F53/><W82/><G102/><T113/><D64/><U78/><E61/><V59/><F59/><W37/><G37/><T19/><D62/><U125/><E125/><V77/><REACH who="2" step="1"/><F87/><REACH who="2" ten="250,250,240,250" step="2"/><W56/><G71/><T124/><D124/><U67/><E33/><V128/><F128/><W2/><G68/><T97/><D55/><U5/><E67/><V29/><F29/><W103/><G63/><T65/><D65/><U101/><E28/><V4/><F4/><W12/><G56/><T3/><D19/><U76/><REACH who="1" step="1"/><E5/><REACH who="1" ten="250,240,240,250" step="2"/><V46/><F46/><W8/><G45/><T11/><D16/><U50/><E50/><V31/><F31/><W116/><G51/><T70/><D70/><U44/><E44/><V1/><F1/><W106/><G2/><T18/><D3/><U118/><E118/><V129/><F129/><W131/><G131/><T66/><D48/><U119/><E119/><RYUUKYOKU ba="0,2" sc="250,-15,240,15,240,15,250,-15" hai1="13,15,25,26,57,58,74,75,76,78,92,93,101" hai2="0,7,10,32,35,77,80,86,94,99,108,109,110" /><INIT seed="1,1,2,0,5,88" ten="235,255,255,235" oya="1" hai0="128,34,72,118,27,123,120,67,103,62,44,7,70" hai1="36,99,43,119,84,100,85,115,92,101,55,74,124" hai2="16,126,78,66,81,54,98,90,64,59,93,41,94" hai3="68,30,13,32,56,87,131,97,69,33,60,57,77"/><U58/><E119/><V110/><F110/><W91/><G131/><T45/><D118/><U6/><E115/><V11/><F41/><W114/><G114/><T37/><D128/><U35/><E74/><V83/><F126/><W117/><G117/><T129/><D129/><U71/><E71/><V19/><F93/><W111/><G111/><T79/><D7/><U130/><E130/><V61/><F83/><W24/><G33/><T47/><D37/><U42/><E124/><V2/><F2/><W21/><G77/><T127/><D127/><U102/><E35/><V51/><F11/><W25/><G13/><T29/><REACH who="0" step="1"/><D103/><REACH who="0" ten="225,255,255,235" step="2"/><U112/><E36/><V122/><F122/><W113/><G113/><T82/><AGARI ba="1,3" hai="27,29,34,44,45,47,62,67,70,72,79,82,120,123" machi="82" ten="30,7900,0" yaku="1,1,2,1,0,1,53,1" doraHai="88" doraHaiUra="107" who="0" fromWho="0" sc="225,112,255,-40,255,-21,235,-21" /><INIT seed="2,0,0,3,2,80" ten="337,215,234,214" oya="2" hai0="39,13,11,116,77,72,83,50,84,36,29,31,6" hai1="131,112,125,67,96,9,106,26,73,109,61,76,25" hai2="100,43,52,32,91,75,53,111,134,99,85,118,54" hai3="20,10,55,16,135,108,8,115,104,59,117,44,47"/><V107/><F118/><W42/><G117/><T133/><D133/><U127/><E112/><V103/><F32/><W86/><G135/><T123/><D123/><U14/><E109/><V2/><F134/><W58/><G108/><T129/><D129/><U46/><E46/><N who="3" m="17450" /><G104/><T65/><D116/><U78/><E131/><V81/><F111/><W35/><G35/><T51/><D65/><U102/><E26/><V69/><F69/><W119/><G119/><T62/><D62/><U37/><E37/><V41/><F2/><W34/><G34/><T124/><D124/><N who="1" m="47691" /><E25/><V24/><F100/><W7/><G7/><T63/><D63/><U48/><E48/><V71/><F71/><W68/><G68/><T40/><D72/><U88/><E73/><V60/><F75/><W122/><G42/><T74/><D74/><U45/><E45/><V49/><F49/><N who="0" m="18442" /><D39/><U57/><E88/><V110/><F110/><W15/><G122/><T79/><D36/><U132/><E132/><V56/><REACH who="2" step="1"/><F24/><REACH who="2" ten="337,215,224,214" step="2"/><W38/><G38/><T120/><D120/><U5/><AGARI ba="0,1" hai="5,9,14,57,61,67,76,78,96,102,106" m="47691" machi="5" ten="30,1100,0" yaku="18,1" doraHai="80" who="1" fromWho="1" sc="337,-3,215,21,224,-5,214,-3" /><INIT seed="3,0,0,4,3,71" ten="334,236,219,211" oya="3" hai0="91,114,97,67,125,103,69,98,132,33,120,88,75" hai1="29,42,12,22,14,68,53,21,6,92,83,0,38" hai2="34,96,27,77,62,17,11,51,66,106,101,82,87" hai3="10,31,19,117,25,63,89,48,39,23,54,2,124"/><W35/><G117/><T86/><D120/><U105/><E105/><V56/><F34/><W123/><G123/><T109/><D109/><U13/><E68/><V111/><F111/><W57/><G124/><T41/><D125/><U37/><E42/><V1/><F1/><W40/><G89/><T44/><D75/><U60/><E92/><V115/><F115/><W94/><G94/><T122/><D132/><U49/><E60/><V36/><F51/><W20/><G48/><T55/><D33/><U74/><E0/><V59/><F56/><W135/><G135/><T45/><D55/><U15/><E6/><V46/><F11/><W113/><G113/><T47/><D122/><U131/><E131/><V129/><F129/><W99/><G99/><T121/><D114/><U64/><E64/><V65/><F65/><W4/><REACH who="3" step="1"/><G19/><REACH who="3" ten="334,236,219,201" step="2"/><T32/><D88/><U24/><E49/><V16/><REACH who="2" step="1"/><F27/><REACH who="2" ten="334,236,209,201" step="2"/><W133/><G133/><T28/><D121/><U118/><E24/><V58/><F58/><W43/><G43/><AGARI ba="0,2" hai="16,17,36,43,46,59,62,66,77,82,87,96,101,106" machi="43" ten="40,5200,0" yaku="1,1,52,1,54,1,53,0" doraHai="71" doraHaiUra="127" who="2" fromWho="3" sc="334,0,236,0,209,72,201,-52" /><INIT seed="4,0,0,0,4,105" ten="334,236,281,149" oya="0" hai0="116,86,111,68,102,15,84,61,45,89,66,38,72" hai1="17,83,13,47,117,119,27,80,135,55,1,3,52" hai2="82,30,9,74,53,106,11,126,120,95,57,79,70" hai3="81,109,123,125,36,39,44,131,22,24,92,110,49"/><T5/><D116/><U98/><E27/><V85/><F70/><W31/><G131/><T88/><D72/><U20/><E135/><V33/><F120/><W19/><G125/><T32/><D32/><U29/><E29/><V35/><F106/><W73/><G123/><T41/><D102/><U103/><E117/><V58/><F58/><W104/><G104/><T18/><D5/><U42/><E119/><V65/><F65/><W63/><G63/><T77/><D111/><U2/><E80/><V64/><F64/><W76/><G92/><T100/><D100/><U59/><E83/><V94/><F126/><W46/><G31/><T90/><REACH who="0" step="1"/><D77/><REACH who="0" ten="324,236,281,149" step="2"/><U23/><E103/><V87/><F35/><W124/><G124/><T7/><D7/><U50/><E1/><V101/><F74/><W28/><G110/><T4/><D4/><U51/><E2/><V10/><F101/><W118/><G109/><T113/><D113/><U115/><E3/><V132/><F132/><W40/><G118/><T67/><D67/><U99/><E115/><V43/><F33/><W133/><G133/><T129/><D129/><U128/><E128/><V6/><F6/><W26/><REACH who="3" step="1"/><G46/><REACH who="3" ten="324,236,281,139" step="2"/><T107/><D107/><U56/><REACH who="1" step="1"/><E23/><AGARI ba="0,2" hai="19,22,23,24,26,28,36,39,40,44,49,73,76,81" machi="23" ten="30,7700,0" yaku="1,1,2,1,7,1,52,1,53,0" doraHai="105" doraHaiUra="0" who="3" fromWho="1" sc="324,0,236,-77,281,0,139,97" /><AGARI ba="0,0" hai="15,18,23,38,41,45,61,66,68,84,86,88,89,90" machi="23" ten="40,3900,0" yaku="1,1,54,1,53,0" doraHai="105" doraHaiUra="0" who="0" fromWho="1" sc="324,39,159,-39,281,0,236,0" /><INIT seed="4,1,0,0,2,53" ten="363,120,281,236" oya="0" hai0="102,28,11,50,100,32,4,71,107,40,61,60,42" hai1="22,9,12,51,106,125,26,129,86,56,63,108,83" hai2="76,45,82,97,73,13,113,62,54,38,74,101,79" hai3="94,115,27,99,109,130,6,90,96,30,33,21,0"/><T67/><D61/><U25/><E108/><V103/><F113/><W121/><G109/><T120/><D120/><U8/><E129/><V49/><F38/><W77/><G115/><T18/><D18/><U84/><E125/><V118/><F118/><W1/><G130/><T104/><D100/><U57/><E106/><V111/><F111/><W105/><G121/><T135/><D135/><U52/><E9/><V110/><F110/><W59/><G77/><T10/><D10/><U131/><E131/><V37/><F37/><W65/><G6/><T88/><D88/><N who="1" m="51231" /><E86/><V87/><F79/><W92/><G105/><T116/><D116/><U29/><E26/><V80/><F82/><W127/><G33/><T122/><D122/><U48/><E57/><V23/><F74/><W126/><G1/><T70/><D70/><U2/><E2/><V72/><F73/><W41/><G0/><T64/><D71/><U93/><E93/><V119/><F72/><W5/><G127/><T132/><D11/><U58/><E58/><N who="2" m="35159" /><F97/><W68/><G68/><T34/><D132/><U31/><E31/><V44/><F119/><W24/><G126/><T128/><D28/><U85/><E85/><V35/><F35/><W124/><G124/><T114/><D128/><U133/><E133/><V66/><F87/><W14/><G99/><T3/><D3/><U75/><E75/><V20/><F80/><W19/><G96/><T36/><D114/><U81/><E81/><V91/><F76/><W16/><G94/><T15/><D107/><U134/><E134/><V47/><F47/><W112/><G112/><RYUUKYOKU ba="1,0" sc="363,-10,120,30,281,-10,236,-10" hai1="8,12,22,25,29,48,51,52,56,63" /><INIT seed="5,2,0,2,0,1" ten="353,150,271,226" oya="1" hai0="68,110,57,27,49,51,78,87,82,22,92,58,4" hai1="48,73,3,86,91,0,5,102,55,130,127,63,6" hai2="29,83,74,117,34,42,56,121,106,46,84,59,8" hai3="113,15,95,98,126,25,17,36,70,41,35,75,64"/><U76/><E73/><V38/><F106/><W45/><G75/><T18/><D68/><U50/><E76/><V69/><F69/><W53/><G113/><T71/><D71/><U62/><E130/><V37/><F37/><W104/><G53/><T107/><D107/><U123/><E123/><V93/><F117/><W67/><G104/><T65/><D110/><U16/><E127/><V115/><F121/><W44/><G44/><T97/><D4/><N who="1" m="1643" /><E0/><V128/><F8/><W14/><G14/><T94/><D94/><N who="1" m="54647" /><E3/><V66/><F74/><W79/><G79/><T124/><D124/><U119/><E119/><V26/><F128/><W12/><G35/><T88/><D65/><U99/><E16/><V9/><F115/><W20/><G126/><T125/><D125/><U118/><E118/><V103/><F34/><W60/><G67/><T135/><D135/><U32/><E32/><V114/><F114/><W109/><G109/><T47/><REACH who="0" step="1"/><D51/><REACH who="0" ten="343,150,271,226" step="2"/><N who="1" m="19499" /><E55/><AGARI ba="2,1" hai="18,22,27,47,49,55,57,58,78,82,87,88,92,97" machi="55" ten="30,7700,0" yaku="1,1,7,1,8,1,54,1,53,0" doraHai="1" doraHaiUra="2" who="0" fromWho="1" sc="343,93,150,-83,271,0,226,0" /><INIT seed="6,0,0,2,5,102" ten="436,67,271,226" oya="2" hai0="4,54,37,26,103,5,29,70,96,84,11,43,121" hai1="79,107,124,129,130,75,40,14,128,64,105,44,83" hai2="95,132,97,77,72,10,51,108,117,125,113,88,98" hai3="115,112,93,80,2,89,119,39,111,99,76,92,47"/><V16/><F117/><W133/><G2/><T20/><D121/><U7/><E64/><V31/><F113/><N who="3" m="43595" /><G39/><T59/><D70/><U48/><E124/><V27/><F125/><W126/><G47/><T17/><D84/><U122/><E122/><V21/><F132/><W62/><G62/><T32/><D43/><U6/><REACH who="1" step="1"/><E14/><REACH who="1" ten="436,57,271,226" step="2"/><V0/><F0/><W101/><G126/><T118/><D118/><U114/><E114/><V24/><F108/><W35/><G119/><T15/><D15/><U110/><E110/><V52/><F10/><W19/><G111/><T134/><D11/><U100/><E100/><V67/><F67/><W120/><G120/><T33/><D103/><U109/><E109/><V22/><F77/><W131/><G76/><T23/><D134/><U86/><E86/><N who="2" m="52631" /><F72/><W68/><G133/><T135/><D135/><U81/><E81/><V127/><F127/><W123/><G80/><T74/><D74/><U8/><E8/><V65/><F65/><W58/><G123/><T42/><D4/><AGARI ba="0,1" hai="4,6,7,40,44,48,75,79,83,105,107,128,129,130" machi="4" ten="40,8000,1" yaku="1,1,19,1,52,2,53,0" doraHai="102" doraHaiUra="66" who="1" fromWho="0" sc="436,-80,57,90,271,0,226,0" /><INIT seed="7,0,0,4,2,35" ten="356,147,271,226" oya="3" hai0="31,52,105,67,33,6,102,125,48,18,46,96,66" hai1="63,62,10,5,99,55,76,50,81,119,126,129,49" hai2="118,107,131,26,30,70,114,28,112,64,117,2,53" hai3="83,134,0,58,127,75,42,59,120,78,60,22,65"/><W85/><G120/><T91/><D125/><U16/><E129/><V44/><F107/><W132/><G127/><T23/><D6/><U72/><E126/><V36/><F30/><W12/><G42/><T98/><D31/><U122/><E122/><V13/><F13/><W27/><G12/><T1/><D1/><U21/><E119/><V69/><F131/><W80/><G59/><T95/><D33/><U90/><E90/><V101/><F101/><W123/><G123/><T133/><D133/><U94/><E50/><V45/><F2/><W108/><G0/><T32/><D32/><U24/><E94/><V92/><F92/><W124/><G108/><T19/><D19/><U20/><E99/><V4/><F4/><W86/><G124/><T11/><D11/><U41/><E41/><V54/><F28/><W61/><G61/><T7/><D7/><U25/><E10/><V40/><F26/><AGARI ba="0,0" hai="18,23,26,46,48,52,66,67,91,95,96,98,102,105" machi="26" ten="30,2000,0" yaku="7,1,54,1" doraHai="35" who="0" fromWho="2" sc="356,20,147,0,271,-20,226,0" owari="376,47.0,147,-35.0,251,5.0,226,-17.0" /></mjloggm>