<mjloggm ver="2.3"><GO type="169" lobby="0"/><UN n0="%E5%9C%92%E7%94%B0%E8%B3%A2" n1="%61%64%6D%69%6E%32" n2="%E3%81%8A%E3%81%98%E3%81%95%E3%82%93" n3="%E7%8C%BF%2D%53%61%72%75%2D" dan="16,18,17,17" rate="2062.95,2232.55,2221.34,2257.34" sx="M,M,M,M"/><TAIKYOKU oya="0"/><INIT seed="0,0,0,4,2,81" ten="250,250,250,250" oya="0" hai0="84,120,33,36,11,25,18,86,60,134,64,21,68" hai1="107,73,30,65,6,3,72,97,113,37,45,80,106" hai2="77,17,74,124,85,111,129,46,118,135,44,96,115" hai3="50,29,23,132,128,126,13,89,78,109,2,12,0"/><T117/><D117/><U122/><E122/><V100/><F115/><W20/><G78/><T133/><D120/><U22/><E113/><V35/><F111/><W4/><G89/><T91/><D36/><U93/><E65/><V31/><F124/><W24/><G50/><T38/><D38/><U99/><E99/><V121/><F121/><W53/><G53/><T70/><D33/><U10/><E30/><V19/><F74/><W127/><G109/><T95/><D11/><U104/><E22/><V56/><F129/><W92/><G92/><T119/><D119/><U26/><E26/><V62/><F135/><N who="0" m="51722" /><D70/><U88/><REACH who="1" step="1"/><E80/><REACH who="1" ten="250,240,250,250" step="2"/><V63/><F31/><W103/><G132/><T75/><D75/><U67/><E67/><V51/><F96/><AGARI ba="0,1" hai="18,21,25,60,64,68,84,86,91,95,96" m="51722" machi="96" ten="30,5800,0" yaku="20,1,52,2" doraHai="81" who="0" fromWho="2" sc="250,68,240,0,250,-58,250,0" /><INIT seed="0,1,0,3,3,35" ten="318,240,192,250" oya="0" hai0="102,49,124,61,59,93,97,39,117,30,52,28,131" hai1="25,90,9,27,99,42,116,72,94,122,71,37,112" hai2="115,133,114,96,103,101,46,29,70,106,118,8,91" hai3="110,43,130,119,32,55,23,44,85,105,87,76,41"/><T51/><D117/><U135/><E116/><V113/><F70/><W13/><G119/><T83/><D39/><U134/><E122/><V31/><F118/><W5/><G32/><T123/><D123/><U58/><E72/><V86/><F133/><W57/><G110/><T62/><D131/><U22/><E71/><V0/><F103/><W53/><G105/><T84/><D124/><U56/><E112/><V60/><F60/><N who="0" m="23146" /><D51/><U89/><E25/><V19/><F46/><W4/><G57/><T79/><AGARI ba="1,0" hai="28,30,49,52,59,79,83,84,93,97,102" m="23146" machi="79" ten="30,3000,0" yaku="8,1,54,1" doraHai="35" who="0" fromWho="0" sc="318,33,240,-11,192,-11,250,-11" /><INIT seed="0,2,0,5,4,41" ten="351,229,181,239" oya="0" hai0="68,99,86,116,44,92,70,61,14,55,36,47,4" hai1="117,28,122,130,113,133,80,90,17,126,111,81,120" hai2="83,27,115,0,7,91,131,97,118,56,8,66,94" hai3="134,16,62,67,60,40,103,112,129,31,95,76,23"/><T3/><D116/><U105/><E28/><V107/><F118/><W45/><G134/><T74/><D74/><U33/><E17/><V57/><F131/><W123/><G129/><T69/><D3/><U24/><E24/><V73/><F115/><W39/><G112/><T63/><D86/><U18/><E18/><V79/><F66/><W38/><G123/><T52/><D14/><U21/><E21/><V100/><REACH who="2" step="1"/><F27/><REACH who="2" ten="351,229,171,239" step="2"/><W15/><G31/><T48/><D4/><U125/><E113/><V20/><F20/><W5/><G5/><T96/><D96/><AGARI ba="2,1" hai="0,7,8,56,57,73,79,83,91,94,96,97,100,107" machi="96" ten="30,3900,0" yaku="1,1,7,1,53,1" doraHai="41" doraHaiUra="101" who="2" fromWho="0" sc="351,-45,229,0,171,55,239,0" /><INIT seed="1,0,0,4,4,3" ten="306,229,226,239" oya="1" hai0="123,82,44,63,83,87,14,96,18,97,113,105,89" hai1="135,4,11,39,119,21,25,99,102,53,5,70,59" hai2="33,114,26,15,10,100,65,98,36,121,20,13,54" hai3="17,118,80,134,46,125,112,47,37,28,41,75,72"/><U2/><E119/><V77/><F121/><W71/><G112/><T115/><D123/><U129/><E129/><V128/><F128/><W69/><G28/><T60/><D44/><U9/><E135/><V93/><F33/><W73/><G134/><T131/><D131/><U0/><E70/><V107/><F65/><W106/><G106/><T101/><D83/><U67/><E39/><V108/><F108/><W51/><G125/><T85/><D87/><U79/><E67/><V52/><F114/><W32/><G32/><T6/><D115/><U120/><E79/><V126/><F126/><W124/><G124/><T8/><D113/><U132/><E132/><V31/><F36/><W24/><G118/><T116/><D116/><U68/><E68/><V55/><F77/><W84/><G24/><T130/><D130/><U76/><E76/><V133/><F133/><W29/><G29/><T7/><REACH who="0" step="1"/><D96/><REACH who="0" ten="296,229,226,239" step="2"/><U127/><E127/><V38/><F38/><W64/><G84/><T50/><D50/><U111/><E120/><V66/><F66/><W56/><G80/><T58/><D58/><U74/><E111/><V109/><F109/><W95/><G56/><T62/><AGARI ba="0,1" hai="6,7,8,14,18,60,62,63,82,85,89,97,101,105" machi="62" ten="30,7900,0" yaku="1,1,0,1,52,2,53,0" doraHai="3" doraHaiUra="43" who="0" fromWho="0" sc="296,89,229,-39,226,-20,239,-20" /><INIT seed="2,0,0,1,0,14" ten="385,190,206,219" oya="2" hai0="28,107,37,63,130,83,64,62,19,41,87,135,21" hai1="51,72,104,8,82,124,112,39,48,55,20,128,16" hai2="66,116,38,3,114,59,2,122,0,131,67,35,13" hai3="129,43,50,81,88,65,103,18,102,109,73,45,110"/><V34/><F114/><W31/><G31/><T12/><D130/><U78/><E112/><V115/><F115/><W85/><G129/><T96/><D135/><U99/><E128/><V113/><F131/><W22/><G73/><T101/><D28/><U125/><E39/><V44/><F113/><W24/><REACH who="3" step="1"/><G65/><REACH who="3" ten="385,190,206,209" step="2"/><T117/><D64/><U111/><E111/><AGARI ba="0,1" hai="18,22,24,43,45,50,81,85,88,102,103,109,110,111" machi="111" ten="40,8000,1" yaku="1,1,2,1,14,1,52,1,54,1,53,0" doraHai="14" doraHaiUra="70" who="3" fromWho="1" sc="385,0,190,-80,206,0,209,90" /><INIT seed="3,0,0,0,4,107" ten="385,110,206,299" oya="3" hai0="0,27,68,96,23,92,72,58,39,44,108,49,3" hai1="51,101,19,66,12,9,37,85,117,77,125,52,94" hai2="63,14,6,21,71,74,102,128,124,20,42,48,56" hai3="30,2,10,64,8,110,83,116,86,38,7,45,70"/><W22/><G116/><T75/><D68/><U89/><E117/><V109/><F109/><W57/><G110/><T84/><D108/><U13/><E125/><V40/><F124/><W33/><G70/><T11/><D39/><U60/><E37/><V114/><F114/><W87/><G33/><T35/><D35/><U59/><E101/><V36/><F128/><W113/><G113/><T131/><D131/><U112/><E112/><V91/><F36/><W53/><G10/><T132/><D132/><U130/><E130/><V25/><F102/><W28/><G86/><T103/><D84/><U55/><E77/><V120/><F71/><W118/><G118/><T62/><D3/><U32/><E32/><V43/><F120/><W100/><G100/><T98/><D96/><U122/><E122/><V99/><F74/><W97/><G97/><T5/><D49/><U106/><E106/><V15/><F48/><W93/><G93/><T54/><D44/><U90/><E51/><V16/><F6/><W47/><G64/><T123/><D123/><U73/><E73/><V105/><F21/><W76/><G22/><T135/><D135/><U31/><E31/><AGARI ba="0,0" hai="0,5,11,23,27,31,54,58,62,72,75,92,98,103" machi="31" ten="30,3900,0" yaku="7,1,52,2" doraHai="107" who="0" fromWho="1" sc="385,39,110,-39,206,0,299,0" /><INIT seed="4,0,0,1,5,28" ten="424,71,206,299" oya="0" hai0="87,15,73,65,14,10,62,117,7,5,55,89,27" hai1="98,112,120,111,90,43,26,63,57,99,56,124,70" hai2="104,66,133,23,130,121,86,0,75,105,113,92,42" hai3="110,72,78,125,61,97,50,20,36,52,101,4,135"/><T39/><D117/><U77/><E120/><V88/><F121/><W8/><G110/><T13/><D73/><U44/><E111/><V132/><F0/><W33/><G36/><T19/><D39/><U34/><E124/><V91/><F42/><W48/><G125/><T58/><D65/><U41/><E112/><V21/><F66/><W100/><G135/><N who="2" m="51785" /><F75/><W37/><G37/><T106/><D106/><N who="2" m="41066" /><F130/><W22/><G33/><T64/><D64/><U115/><E70/><V128/><F128/><W29/><G78/><T35/><D35/><U32/><E115/><V53/><F113/><W74/><G29/><T49/><D62/><U60/><E26/><V103/><F103/><W76/><G76/><T18/><D27/><U85/><E77/><V40/><F40/><W31/><G31/><T2/><D7/><U123/><E123/><V94/><F53/><W109/><G109/><T134/><D134/><U80/><E90/><N who="2" m="34347" /><F86/><W54/><G97/><T127/><REACH who="0" step="1"/><D127/><REACH who="0" ten="414,71,206,299" step="2"/><U108/><E108/><V9/><F9/><W67/><G67/><T126/><D126/><U3/><E85/><V68/><F68/><W83/><G8/><T45/><D45/><U118/><E118/><V30/><F30/><W51/><G72/><T47/><D47/><U114/><E114/><V95/><AGARI ba="0,1" hai="21,23,92,94,95" m="34347,41066,51785" machi="95" ten="40,8000,1" yaku="28,2,20,1,54,1" doraHai="28" who="2" fromWho="2" sc="414,-40,71,-20,206,90,299,-20" /><INIT seed="5,0,0,3,5,30" ten="374,51,296,279" oya="1" hai0="81,70,135,45,26,76,32,59,122,116,131,38,27" hai1="85,7,117,31,19,86,93,133,119,13,1,55,14" hai2="42,48,61,107,97,75,101,56,40,96,74,118,84" hai3="17,114,66,34,57,105,72,58,90,65,130,109,8"/><U121/><E121/><V82/><F118/><W22/><G109/><T64/><D116/><U21/><E119/><V123/><F123/><W50/><G72/><T102/><D122/><U36/><E117/><V80/><F97/><W3/><G105/><T15/><D70/><U47/><E133/><V35/><F35/><W18/><G114/><T112/><D112/><U16/><E1/><V127/><F127/><W87/><G130/><T67/><D131/><U63/><E7/><V33/><F33/><W108/><G108/><T132/><D102/><U83/><E31/><V44/><F40/><W24/><G34/><T104/><D104/><U98/><E36/><V54/><REACH who="2" step="1"/><F82/><REACH who="2" ten="374,51,286,279" step="2"/><N who="3" m="49527" /><G3/><T99/><D32/><U0/><E0/><V120/><F120/><W62/><G50/><T103/><D99/><U25/><E83/><V53/><F53/><N who="3" m="34095" /><G58/><T60/><D59/><N who="1" m="35327" /><E47/><V2/><F2/><W73/><G73/><T79/><D45/><U94/><E94/><V113/><F113/><W41/><G41/><T28/><D135/><U49/><E49/><V124/><F124/><W89/><G89/><AGARI ba="0,1" hai="42,44,48,54,56,61,74,75,80,84,89,96,101,107" machi="89" ten="30,2000,0" yaku="1,1,7,1,53,0" doraHai="30" doraHaiUra="29" who="2" fromWho="3" sc="374,0,51,0,286,30,279,-20" /><INIT seed="6,0,0,4,4,110" ten="374,51,316,259" oya="2" hai0="15,29,119,18,12,115,75,76,5,128,47,84,85" hai1="40,38,42,92,37,133,109,62,77,8,70,63,99" hai2="45,67,83,123,27,118,16,17,111,91,106,31,81" hai3="135,104,13,30,88,10,80,78,28,117,68,64,116"/><V41/><F118/><W130/><G104/><T39/><D119/><U43/><E8/><V7/><F123/><W34/><G135/><T105/><D105/><U52/><E77/><V66/><F111/><W131/><G68/><T19/><D29/><N who="3" m="11369" /><G64/><N who="2" m="24617" /><F106/><W32/><G32/><T51/><D39/><N who="1" m="14859" /><E92/><V61/><F61/><N who="1" m="23049" /><E99/><V58/><F58/><W0/><G34/><T48/><D5/><U2/><E2/><V46/><F41/><W86/><G78/><T98/><D47/><N who="2" m="17930" /><F7/><N who="3" m="3295" /><G0/><T20/><D76/><U23/><E23/><N who="2" m="15871" /><F91/><W127/><G127/><T25/><D75/><U94/><E109/><V72/><F72/><W11/><G11/><T93/><D20/><U82/><E70/><V6/><F6/><W97/><G97/><T126/><D98/><U60/><E133/><V71/><F71/><W108/><G108/><T122/><D19/><AGARI ba="0,0" hai="16,17,19,81,83" m="15871,17930,24617" machi="19" ten="30,2900,0" yaku="8,1,54,1" doraHai="110" who="2" fromWho="0" sc="374,-29,51,0,316,29,259,0" /><INIT seed="6,1,0,1,0,37" ten="345,51,345,259" oya="2" hai0="102,6,118,11,117,88,122,24,30,54,60,44,92" hai1="69,57,124,31,12,48,98,10,50,86,4,65,53" hai2="64,108,40,42,55,133,93,129,47,134,131,25,9" hai3="74,94,120,1,7,80,8,28,81,96,76,33,32"/><V19/><F108/><W126/><G120/><T95/><D122/><U3/><E124/><V107/><F107/><W70/><G70/><T26/><D102/><U130/><E130/><N who="2" m="49675" /><F64/><W111/><G111/><T0/><D95/><U87/><E31/><V123/><F123/><W45/><G126/><T78/><D78/><U101/><E3/><V90/><F55/><W132/><G132/><N who="2" m="50793" /><F47/><W27/><G80/><T14/><D0/><U2/><E2/><V114/><F114/><W17/><G17/><T49/><D60/><U115/><E115/><V89/><F89/><W16/><G45/><T84/><REACH who="0" step="1"/><D26/><REACH who="0" ten="335,51,345,259" step="2"/><U77/><E65/><V23/><F9/><W110/><G110/><T43/><D43/><U85/><E69/><V71/><F71/><W83/><G8/><T35/><AGARI ba="1,1" hai="6,11,14,24,30,35,44,49,54,84,88,92,117,118" machi="35" ten="30,4000,0" yaku="1,1,0,1,54,1,53,0" doraHai="37" doraHaiUra="106" who="0" fromWho="0" sc="335,53,51,-11,345,-21,259,-11" /><INIT seed="7,0,0,2,4,125" ten="388,40,324,248" oya="3" hai0="17,92,6,18,8,19,32,80,124,102,132,31,53" hai1="42,112,51,77,55,111,22,46,123,27,65,78,94" hai2="56,79,39,23,58,87,60,45,16,105,29,70,2" hai3="34,119,25,84,41,116,96,98,128,104,113,118,24"/><W115/><G41/><T21/><D124/><U37/><E55/><V1/><F105/><W89/><G34/><T86/><D32/><U74/><E22/><V63/><F70/><W40/><G40/><T44/><D132/><U91/><E91/><V68/><F68/><W72/><G24/><N who="0" m="16783" /><D6/><U54/><E54/><V67/><F29/><W131/><G25/><T97/><D8/><U88/><E88/><V135/><F135/><W90/><G72/><T100/><D102/><U14/><E94/><V103/><F103/><N who="3" m="62583" /><G90/><N who="0" m="51527" /><D53/><U49/><E49/><V11/><F11/><W28/><G96/><T7/><D7/><U52/><E52/><V64/><F45/><AGARI ba="0,0" hai="17,18,19,44,45,92,97,100" m="51527,16783" machi="45" ten="30,1000,0" yaku="8,1" doraHai="125" who="0" fromWho="2" sc="388,10,40,0,324,-10,248,0" owari="398,50.0,40,-46.0,314,11.0,248,-15.0" /></mjloggm>