<mjloggm ver="2.3"><GO type="169" lobby="0"/><UN n0="%EF%BC%81%E2%80%9D%EF%BC%83%EF%BC%84%EF%BC%85%EF%BC%86%E2%80%99%EF%BC%88" n1="%6B%6F%69%74%74%65" n2="%74%6F%72%69%30%36%31%32" n3="%E6%AD%A6" dan="17,17,17,16" rate="2149.37,2204.65,2183.88,2150.52" sx="M,F,M,M"/><TAIKYOKU oya="0"/><INIT seed="0,0,0,0,4,15" ten="250,250,250,250" oya="0" hai0="104,128,96,4,10,118,55,64,69,42,105,11,107" hai1="98,54,25,16,80,102,22,44,86,112,59,130,39" hai2="61,81,113,50,72,110,117,19,71,46,79,126,93" hai3="0,66,91,51,65,114,88,1,56,83,5,2,36"/><T40/><D118/><U134/><E134/><V7/><F113/><W37/><G51/><T67/><D128/><U109/><E109/><V125/><F110/><W115/><G56/><T106/><D96/><U32/><E130/><V76/><F7/><W68/><G83/><T12/><N who="0" m="26624" /><DORA hai="94" /><T70/><D55/><U9/><E32/><V123/><F76/><W53/><G68/><N who="0" m="26219" /><D12/><N who="1" m="7183" /><E39/><N who="3" m="14922" /><G5/><T74/><D74/><U108/><E108/><V122/><F117/><W124/><G124/><N who="2" m="47721" /><F93/><W43/><G43/><N who="0" m="16427" /><D4/><U45/><E112/><N who="3" m="43050" /><G53/><T78/><D78/><N who="1" m="46359" /><E59/><V101/><F46/><W41/><G41/><T77/><D77/><U58/><E58/><V127/><F127/><W87/><G87/><T133/><D133/><U62/><E54/><V38/><F38/><W52/><G52/><T3/><D3/><U27/><E62/><V75/><F61/><W111/><G111/><T60/><D60/><U33/><E33/><V57/><F71/><W89/><AGARI ba="0,0" hai="0,1,2,65,66,88,89,91" m="43050,14922" machi="89" ten="50,6400,0" yaku="28,2,54,1" doraHai="15,94" who="3" fromWho="3" sc="250,-32,250,-16,250,-16,250,64" /><INIT seed="1,0,0,5,5,96" ten="218,234,234,314" oya="1" hai0="31,59,1,70,20,75,22,133,120,34,62,97,115" hai1="102,25,77,106,101,46,49,130,114,129,87,71,107" hai2="131,116,42,47,85,67,53,6,110,35,105,27,24" hai3="93,55,82,78,118,52,18,15,33,69,132,32,2"/><U7/><E71/><V37/><F116/><W36/><G2/><T9/><D115/><U95/><E114/><V64/><F105/><N who="1" m="39945" /><E25/><V16/><F131/><N who="1" m="50185" /><E7/><V51/><F110/><W17/><G132/><T135/><D70/><U44/><E95/><V68/><F6/><W21/><G36/><T73/><D34/><U39/><E39/><V57/><F35/><W63/><G55/><T54/><D120/><U122/><E122/><V89/><F16/><W112/><G118/><T123/><D123/><U41/><E44/><V48/><F37/><W79/><G112/><T88/><D31/><U43/><E43/><V60/><F67/><W30/><G30/><T65/><D65/><U11/><E11/><V3/><F3/><W74/><G69/><T100/><D9/><U28/><E28/><V72/><F72/><W83/><G93/><AGARI ba="0,0" hai="24,27,42,47,48,51,53,57,60,64,68,85,89,93" machi="93" ten="30,1000,0" yaku="7,1" doraHai="96" who="2" fromWho="3" sc="218,0,234,0,234,10,314,-10" /><INIT seed="2,0,0,1,1,88" ten="218,234,244,304" oya="2" hai0="53,126,15,27,71,99,8,134,80,13,84,9,107" hai1="18,23,102,40,21,67,64,106,38,112,34,132,116" hai2="127,45,60,22,3,130,85,1,29,49,90,110,73" hai3="5,37,94,114,54,128,59,65,77,103,81,120,108"/><V51/><F73/><W118/><G108/><T61/><D126/><U2/><E2/><V113/><F113/><W12/><G128/><T86/><D134/><U50/><E34/><V43/><F127/><W124/><G118/><T26/><D107/><U30/><E30/><V48/><F130/><W47/><G120/><T117/><D117/><U14/><E23/><V123/><F123/><W44/><G65/><T135/><D135/><U96/><E38/><V72/><F72/><W55/><G114/><T115/><D115/><U82/><E116/><V31/><F3/><W89/><G103/><T35/><D99/><U122/><E132/><V10/><F110/><W76/><G37/><T111/><D111/><U68/><E68/><V42/><F60/><W36/><G36/><T19/><D35/><U91/><E112/><V97/><F97/><W121/><G55/><T79/><D84/><U104/><E104/><V4/><F43/><W57/><G59/><N who="0" m="35055" /><D71/><U56/><E122/><V16/><F42/><W129/><G129/><T52/><D52/><U92/><E106/><V28/><F45/><N who="3" m="17483" /><G124/><T20/><D8/><U100/><E40/><V69/><F69/><W125/><G121/><T93/><D93/><U105/><E105/><V17/><REACH who="2" step="1"/><F22/><REACH who="2" ten="218,234,234,304" step="2"/><W66/><G125/><T0/><D0/><U32/><E32/><V62/><F62/><W39/><G39/><T131/><D131/><U133/><E133/><V58/><F58/><W109/><G109/><T63/><D63/><N who="1" m="37991" /><E50/><V6/><F6/><AGARI ba="0,1" hai="6,9,13,15,19,20,26,27,79,80,86" m="35055" machi="6" ten="30,1000,0" yaku="8,1" doraHai="88" who="0" fromWho="2" sc="218,20,234,0,234,-10,304,0" /><INIT seed="3,0,0,0,1,19" ten="238,234,224,304" oya="3" hai0="15,121,52,86,38,51,88,112,67,89,60,7,36" hai1="4,125,106,72,82,131,47,33,21,59,84,45,126" hai2="128,9,114,31,68,92,30,2,55,99,124,23,75" hai3="85,104,129,53,91,35,11,10,77,96,80,123,133"/><W61/><G129/><T57/><D121/><U79/><E106/><V83/><F68/><W27/><G133/><T108/><D108/><U34/><E131/><V111/><F114/><W122/><G122/><T17/><D7/><U42/><E4/><V87/><F75/><W20/><G35/><T8/><D112/><U43/><E59/><V117/><F9/><W22/><G123/><T46/><REACH who="0" step="1"/><D89/><REACH who="0" ten="228,234,224,304" step="2"/><U118/><E118/><V6/><F117/><W103/><G91/><T116/><D116/><U50/><E125/><V26/><F124/><W93/><G104/><T98/><D98/><U70/><E126/><V39/><F111/><W127/><G127/><T81/><AGARI ba="0,1" hai="8,15,17,36,38,46,51,52,57,60,67,81,86,88" machi="81" ten="20,12000,2" yaku="1,1,0,1,7,1,25,2,54,2,53,0" doraHai="19" doraHaiUra="90" who="0" fromWho="0" sc="228,130,234,-30,224,-30,304,-60" /><INIT seed="4,0,0,2,3,46" ten="358,204,194,244" oya="0" hai0="10,107,20,80,42,104,30,33,67,41,7,39,27" hai1="45,13,130,25,63,97,49,71,73,66,72,114,22" hai2="70,117,34,132,3,40,111,2,68,103,83,18,102" hai3="98,106,94,65,5,129,37,36,43,38,92,84,81"/><T26/><D67/><U55/><E130/><V61/><F111/><W126/><G126/><T58/><D58/><U82/><E114/><V91/><F34/><W16/><G129/><T11/><D11/><U69/><E69/><V93/><F83/><W127/><G5/><T115/><D115/><U101/><E13/><V35/><F35/><W62/><G106/><T122/><D122/><U90/><E82/><V123/><F123/><W32/><G32/><T116/><D116/><U52/><E90/><V119/><F18/><W4/><G4/><T9/><D9/><U24/><E55/><V109/><F40/><W60/><G60/><T99/><D80/><U51/><E51/><V64/><F70/><W53/><G53/><T76/><D76/><U47/><E47/><V85/><F109/><W59/><G127/><T77/><D77/><U57/><E57/><V112/><F132/><W74/><G74/><T86/><D86/><U31/><REACH who="1" step="1"/><E25/><REACH who="1" ten="358,194,194,244" step="2"/><V100/><REACH who="2" step="1"/><F112/><REACH who="2" ten="358,194,184,244" step="2"/><W0/><G81/><T79/><D79/><U15/><E15/><V128/><F128/><W134/><G134/><T133/><D133/><U105/><AGARI ba="0,2" hai="22,24,31,45,49,52,63,66,71,72,73,97,101,105" machi="105" ten="20,8000,1" yaku="1,1,0,1,7,1,52,1,54,1,53,0" doraHai="46" doraHaiUra="75" who="1" fromWho="1" sc="358,-40,194,100,184,-20,244,-20" /><INIT seed="5,0,0,0,2,55" ten="318,294,164,224" oya="1" hai0="17,70,38,50,34,94,41,97,116,15,23,106,13" hai1="18,42,5,6,112,111,115,117,22,78,133,74,26" hai2="127,91,65,76,104,90,1,33,103,37,68,40,105" hai3="73,14,52,135,118,101,31,87,53,83,66,30,75"/><U10/><E74/><V98/><F91/><W16/><G75/><T92/><D38/><U96/><E78/><V120/><F90/><W128/><G73/><T56/><D70/><U129/><E117/><V131/><F76/><W71/><G71/><T3/><D3/><U47/><E133/><V108/><F120/><W63/><G128/><T99/><D34/><U69/><E69/><V114/><F108/><W54/><G101/><N who="0" m="60599" /><D106/><U21/><E129/><V125/><F105/><W12/><G12/><N who="0" m="9639" /><D116/><U36/><E111/><V32/><F1/><W81/><G135/><T45/><D56/><U19/><E96/><V59/><F59/><N who="3" m="37247" /><G118/><T51/><D50/><U57/><E57/><V9/><F9/><N who="3" m="6223" /><G81/><T132/><D132/><U124/><E124/><N who="2" m="47691" /><F131/><W27/><G27/><T28/><D28/><U29/><E29/><V79/><F33/><W88/><AGARI ba="0,0" hai="30,31,52,53,54,83,87,88" m="6223,37247" machi="88" ten="30,8000,1" yaku="8,1,52,1,54,3" doraHai="55" who="3" fromWho="3" sc="318,-20,294,-40,164,-20,224,80" /><INIT seed="6,0,0,5,5,48" ten="298,254,144,304" oya="2" hai0="34,95,16,130,104,110,129,118,64,69,18,87,61" hai1="91,50,133,15,119,57,117,93,36,127,47,68,45" hai2="75,81,66,102,122,77,2,126,85,27,53,37,128" hai3="82,26,131,83,88,24,114,120,73,113,109,112,115"/><V105/><F122/><W124/><G120/><T14/><D104/><U78/><E78/><V89/><F2/><W101/><G109/><T9/><D34/><U1/><E1/><V31/><F37/><W79/><G124/><T46/><D118/><U39/><E91/><V52/><F126/><W116/><G116/><T60/><D110/><U20/><E93/><N who="2" m="54447" /><F66/><W40/><G131/><N who="0" m="50187" /><D46/><U54/><E68/><V11/><F11/><W38/><G115/><T98/><D87/><U70/><E70/><V80/><F80/><W42/><G101/><N who="0" m="60639" /><D61/><U55/><E127/><V100/><F100/><W56/><G56/><T96/><D96/><U63/><E20/><N who="2" m="15847" /><F128/><W12/><G38/><N who="1" m="14378" /><E15/><V7/><F7/><AGARI ba="0,0" hai="7,9,14,16,18,60,64,69" m="60639,50187" machi="7" ten="30,2000,0" yaku="19,1,54,1" doraHai="48" who="0" fromWho="2" sc="298,20,254,0,144,-20,304,0" /><INIT seed="7,0,0,1,5,79" ten="318,254,124,304" oya="3" hai0="106,35,43,109,7,77,9,37,75,94,54,62,53" hai1="69,12,128,68,10,91,16,22,3,30,41,82,129" hai2="87,122,26,84,70,33,115,24,32,47,15,112,130" hai3="48,100,44,118,125,61,4,108,40,127,63,132,5"/><W46/><G132/><T88/><D106/><U36/><E36/><V64/><F47/><W98/><G118/><T31/><D109/><U121/><E121/><V80/><F64/><W116/><G116/><T2/><D31/><U65/><E41/><V72/><F70/><W6/><G108/><T71/><D35/><U42/><E42/><V8/><F72/><W11/><G11/><T52/><D77/><U51/><E51/><V131/><F8/><W134/><G134/><T96/><D75/><U50/><E50/><V13/><REACH who="2" step="1"/><F122/><REACH who="2" ten="318,254,114,304" step="2"/><W17/><G46/><T67/><REACH who="0" step="1"/><D43/><REACH who="0" ten="308,254,114,304" step="2"/><U0/><E69/><V45/><F45/><W92/><REACH who="3" step="1"/><G17/><REACH who="3" ten="308,254,114,294" step="2"/><T126/><D126/><AGARI ba="0,3" hai="4,5,6,40,44,48,61,63,92,98,100,125,126,127" machi="126" ten="40,7700,0" yaku="1,1,2,1,18,1,53,0" doraHai="79" doraHaiUra="76" who="3" fromWho="0" sc="308,-77,254,0,114,0,294,107" owari="231,-17.0,254,5.0,114,-39.0,401,51.0" /></mjloggm>