<mjloggm ver="2.3"><GO type="185" lobby="0"/><UN n0="%4D%45%42%49%55%53" n1="%28%C2%B4%E3%81%B8%CE%B5%E3%81%B8%60%29" n2="%70%61%77%61%66%75%31" n3="" dan="16,20,19,0" rate="2223.67,2240.96,2394.19,1500.00" sx="F,M,M,C"/><TAIKYOKU oya="0"/><INIT seed="0,0,0,2,4,106" ten="350,350,350,0" oya="0" hai0="127,101,38,89,107,71,57,79,134,50,55,98,77" hai1="135,110,46,94,113,60,82,114,100,129,36,133,102" hai2="128,103,122,41,131,45,0,75,123,56,62,85,35" hai3=""/><T97/><D127/><U39/><E110/><V117/><N who="2" m="31264" /><V2/><N who="2" m="31520" /><V90/><F35/><T3/><D3/><U67/><E129/><V73/><F103/><T63/><D38/><U1/><E1/><V68/><F68/><T61/><D134/><N who="1" m="51211" /><E82/><V108/><F108/><T111/><D111/><U74/><E74/><V58/><F117/><T69/><D89/><U51/><E94/><V54/><F56/><T34/><D34/><U91/><E91/><V59/><F59/><T44/><D98/><U109/><E109/><V130/><F0/><T116/><D116/><U83/><E83/><V52/><F54/><T76/><REACH who="0" step="1"/><D61/><REACH who="0" ten="340,350,350,0" step="2"/><U84/><E100/><V72/><F2/><T37/><D37/><U126/><E102/><V121/><N who="2" m="31008" /><V104/><F104/><T120/><N who="0" m="30752" /><T66/><AGARI ba="0,1" hai="44,50,55,57,63,66,69,71,76,77,79,97,101,107" m="30752" machi="66" ten="30,7800,0" yaku="1,1,4,1,0,1,52,1,53,0" doraHai="106" doraHaiUra="32" who="0" fromWho="0" sc="340,88,350,-39,350,-39,0,0" /><INIT seed="0,1,0,0,2,84" ten="428,311,311,0" oya="0" hai0="53,74,83,98,70,73,123,61,92,115,67,121,43" hai1="55,112,65,42,97,130,59,124,62,104,95,57,87" hai2="39,117,35,63,72,81,50,56,102,109,33,66,103" hai3=""/><T64/><N who="0" m="31008" /><T45/><N who="0" m="31520" /><T134/><D115/><U111/><E111/><V85/><F39/><T132/><D64/><U41/><E112/><V127/><F72/><T78/><D73/><U108/><E108/><V135/><F109/><T131/><D53/><U116/><E116/><V58/><F117/><T48/><REACH who="0" step="1"/><D131/><REACH who="0" ten="418,311,311,0" step="2"/><U80/><E130/><V106/><F66/><T51/><D51/><U96/><E55/><V110/><F50/><T94/><D94/><U37/><E95/><V60/><F110/><T101/><AGARI ba="1,1" hai="43,45,48,61,67,70,74,78,83,92,98,101,132,134" m="31520,31008" machi="101" ten="30,8000,1" yaku="1,1,0,1,52,2,53,1" doraHai="84" doraHaiUra="90" who="0" fromWho="0" sc="418,92,311,-41,311,-41,0,0" /><INIT seed="0,2,0,3,5,103" ten="510,270,270,0" oya="0" hai0="54,84,109,98,106,39,71,91,114,70,69,105,87" hai1="2,107,100,92,110,82,81,133,40,117,80,50,0" hai2="52,119,128,123,63,111,113,97,55,112,48,93,85" hai3=""/><T134/><D114/><U73/><E117/><V101/><N who="2" m="31520" /><V95/><F111/><T67/><D109/><U74/><E110/><V120/><N who="2" m="30752" /><V108/><F108/><T35/><D35/><U125/><E125/><V121/><N who="2" m="31008" /><V132/><F119/><T53/><D134/><U56/><E133/><V68/><F132/><T38/><D67/><U44/><E92/><V122/><N who="2" m="31264" /><V64/><F128/><T90/><D70/><U116/><E116/><V129/><F129/><T75/><D98/><U33/><E33/><V58/><REACH who="2" step="1"/><F55/><REACH who="2" ten="510,270,260,0" step="2"/><T130/><D130/><U102/><E0/><V57/><F57/><T99/><D53/><U127/><E2/><V59/><F59/><T51/><D54/><U66/><E56/><V135/><F135/><T62/><D69/><U77/><E127/><V32/><F32/><T104/><D71/><U1/><E1/><V36/><F36/><T41/><D38/><U124/><E124/><V79/><F79/><T118/><D39/><U37/><E77/><V78/><F78/><T60/><D118/><U34/><E34/><V86/><F86/><T131/><D84/><U89/><E37/><V43/><F43/><T83/><D41/><U46/><E40/><V126/><F126/><RYUUKYOKU ba="2,1" sc="510,-10,270,-10,260,20,0,0" hai2="48,52,58,63,64,68,85,93,95,97,101,112,113" /><INIT seed="1,3,1,2,5,34" ten="500,260,280,0" oya="1" hai0="85,93,65,98,49,82,38,66,118,133,92,59,123" hai1="51,62,72,40,42,121,53,70,64,99,88,61,52" hai2="97,87,46,48,71,130,84,78,69,32,120,43,39" hai3=""/><U83/><N who="1" m="31008" /><U68/><E72/><V63/><N who="2" m="30752" /><V131/><F32/><T37/><N who="0" m="31520" /><T50/><D133/><U94/><E83/><V104/><F39/><T114/><D114/><U135/><E135/><V127/><F127/><T35/><D35/><U100/><E100/><V122/><N who="2" m="31264" /><V119/><F119/><T1/><D118/><U36/><E36/><V107/><F63/><T60/><D98/><U45/><E53/><V73/><F73/><T113/><D65/><AGARI ba="3,1" hai="40,42,45,51,52,61,62,64,65,68,70,88,94,99" m="31008" machi="65" ten="40,12000,1" yaku="9,1,52,1,54,2" doraHai="34" who="1" fromWho="0" sc="500,-126,260,136,280,0,0,0" /><INIT seed="1,4,0,1,1,94" ten="374,396,280,0" oya="1" hai0="71,92,37,60,135,82,131,65,0,39,34,49,36" hai1="102,35,62,96,107,2,48,108,42,100,127,119,50" hai2="52,123,67,81,103,66,130,69,132,79,114,47,101" hai3=""/><U40/><E119/><V58/><N who="2" m="31520" /><V134/><F69/><T1/><D34/><U124/><E35/><V85/><F130/><T74/><D131/><U51/><E2/><V95/><F47/><T115/><D115/><U126/><E108/><V97/><F103/><T56/><D135/><N who="2" m="51754" /><F114/><T43/><D92/><U46/><E100/><V120/><N who="2" m="30752" /><V63/><AGARI ba="4,0" hai="52,58,63,66,67,79,81,85,95,97,101" m="30752,51754,31520" machi="63" ten="30,9000,2" yaku="4,1,20,1,52,3,54,1" doraHai="94" who="2" fromWho="2" sc="374,-34,396,-64,280,98,0,0" /><INIT seed="2,0,0,5,0,126" ten="340,332,378,0" oya="2" hai0="83,109,59,85,62,77,65,103,131,43,123,47,49" hai1="95,121,42,100,108,116,60,101,37,120,32,122,66" hai2="48,61,54,53,104,90,135,39,80,134,107,82,92" hai3=""/><V106/><F39/><T105/><N who="0" m="31520" /><T87/><D109/><U88/><N who="1" m="30752" /><U68/><N who="1" m="31008" /><U86/><N who="1" m="31264" /><U115/><E115/><V84/><F61/><T57/><D131/><U56/><E32/><V58/><REACH who="2" step="1"/><F54/><REACH who="2" ten="340,332,368,0" step="2"/><T114/><D114/><U75/><E108/><V97/><F97/><T124/><D124/><U64/><E37/><V78/><F78/><T110/><D110/><U74/><E42/><V71/><F71/><T96/><REACH who="0" step="1"/><D57/><REACH who="0" ten="330,332,368,0" step="2"/><U125/><E125/><V0/><F0/><T63/><D63/><U50/><E56/><V36/><F36/><T91/><D91/><U89/><E60/><V130/><F130/><T69/><D69/><U45/><E68/><V72/><F72/><AGARI ba="0,2" hai="43,47,49,59,62,65,72,77,83,85,87,96,103,105" m="31520" machi="72" ten="30,8000,1" yaku="1,1,7,1,52,1,53,2" doraHai="126" doraHaiUra="81" who="0" fromWho="2" sc="330,100,332,0,368,-80,0,0" /><INIT seed="4,0,0,5,2,89" ten="430,332,288,0" oya="0" hai0="78,96,105,93,41,57,72,108,71,42,134,36,37" hai1="61,120,55,117,109,58,67,123,39,114,97,1,45" hai2="125,126,82,91,62,54,75,69,40,84,104,92,52" hai3=""/><T87/><D71/><U49/><N who="1" m="30752" /><U130/><N who="1" m="31520" /><U63/><E1/><V46/><F104/><T122/><N who="0" m="31264" /><T111/><D134/><U95/><E117/><V80/><F69/><T133/><D133/><U0/><E109/><N who="0" m="42057" /><D72/><U79/><E0/><V113/><F113/><T88/><D57/><U103/><E114/><V135/><F135/><T76/><D105/><U121/><N who="1" m="31008" /><U101/><E130/><V124/><F62/><T77/><D96/><U110/><E110/><V99/><F75/><T64/><D64/><U43/><E79/><V70/><F70/><T131/><D131/><U94/><E67/><V127/><N who="2" m="31744" /><DORA hai="44" /><V116/><F116/><T73/><D73/><U112/><E112/><V100/><REACH who="2" step="1"/><F82/><REACH who="2" ten="430,332,278,0" step="2"/><T59/><D59/><U38/><E63/><V74/><F74/><T51/><D51/><AGARI ba="0,1" hai="40,46,51,52,54,80,84,91,92,99,100" m="31744" machi="51" ten="70,16000,3" yaku="1,1,18,1,52,2,54,1,53,5" doraHai="89,44" doraHaiUra="132,83" who="2" fromWho="0" sc="430,-160,332,0,278,170,0,0" /><INIT seed="5,0,0,1,2,84" ten="270,332,448,0" oya="1" hai0="80,58,82,70,86,36,65,99,41,39,125,69,106" hai1="131,88,54,53,77,97,108,111,96,34,1,55,122" hai2="100,107,126,72,47,38,135,83,123,121,115,40,132" hai3=""/><U64/><N who="1" m="31264" /><U0/><E34/><V45/><N who="2" m="31008" /><V67/><N who="2" m="31520" /><V109/><F126/><T98/><D125/><U104/><E131/><V112/><F109/><N who="1" m="42057" /><E77/><V91/><F67/><T37/><D41/><U79/><E79/><V129/><F45/><T3/><D3/><N who="1" m="1099" /><E104/><V78/><F129/><T50/><D106/><U119/><E119/><V56/><F56/><T73/><D73/><U57/><E88/><V127/><F127/><T114/><D114/><N who="2" m="43562" /><F91/><T81/><D86/><U43/><E43/><V102/><F102/><T68/><D65/><U60/><AGARI ba="0,0" hai="53,54,55,57,60,64,96,97" m="1099,42057,31264" machi="60" ten="40,2600,0" yaku="10,1,52,1" doraHai="84" who="1" fromWho="1" sc="270,-13,332,26,448,-13,0,0" /><INIT seed="5,1,0,0,3,2" ten="257,358,435,0" oya="1" hai0="83,65,128,32,0,60,113,71,85,135,62,103,81" hai1="72,129,47,53,46,84,3,100,52,88,93,63,49" hai2="114,109,97,122,130,110,118,104,119,78,76,56,73" hai3=""/><U48/><E3/><V95/><N who="2" m="31264" /><V35/><F56/><T127/><D0/><U67/><E129/><V132/><F35/><T89/><D32/><U43/><E72/><V91/><F130/><T90/><D128/><U79/><E79/><N who="2" m="30251" /><F73/><T40/><D127/><U77/><E77/><V54/><F54/><T69/><D135/><U68/><E100/><V111/><F132/><T66/><D103/><U86/><REACH who="1" step="1"/><E43/><REACH who="1" ten="257,348,435,0" step="2"/><V108/><F108/><T120/><N who="0" m="30752" /><T87/><D40/><U94/><E94/><V44/><F104/><T102/><D102/><U74/><E74/><V99/><F111/><T39/><D39/><U98/><AGARI ba="1,1" hai="46,47,48,49,52,53,63,67,68,84,86,88,93,98" machi="98" ten="20,12000,2" yaku="1,1,0,1,7,1,9,1,54,2,53,1" doraHai="2" doraHaiUra="64" who="1" fromWho="1" sc="257,-61,348,132,435,-61,0,0" /><INIT seed="5,2,0,0,2,81" ten="196,480,374,0" oya="1" hai0="119,74,114,48,86,64,46,52,61,84,40,102,89" hai1="32,36,66,126,3,51,124,108,62,106,44,122,130" hai2="60,41,42,33,39,120,71,127,121,129,99,43,72" hai3=""/><U117/><RYUUKYOKU type="yao9" ba="2,0" sc="196,0,480,0,374,0,0,0" hai1="3,32,36,44,51,62,66,106,108,117,122,124,126,130" /><INIT seed="5,3,0,1,1,61" ten="196,480,374,0" oya="1" hai0="123,60,97,68,75,50,63,37,94,120,77,105,3" hai1="66,110,35,84,52,100,56,109,73,126,49,58,90" hai2="92,55,102,0,127,71,111,80,129,44,36,107,91" hai3=""/><U122/><N who="1" m="31264" /><U74/><E35/><V32/><F111/><N who="1" m="42505" /><E100/><V54/><F0/><T117/><N who="0" m="30752" /><T78/><N who="0" m="31520" /><T62/><D3/><U125/><E58/><V59/><F71/><T43/><D105/><U96/><E96/><V86/><F32/><T134/><D134/><U64/><E74/><V83/><F59/><T108/><D108/><U42/><E73/><V69/><F69/><T124/><D124/><N who="1" m="47723" /><E42/><V57/><F57/><T2/><D2/><U119/><E119/><V34/><F34/><T128/><D117/><U130/><E130/><V121/><F102/><T112/><D128/><U135/><E135/><V85/><F129/><T41/><D75/><U67/><E67/><V48/><F127/><T118/><D118/><U1/><E1/><V45/><F107/><T76/><D68/><U39/><E39/><V47/><F36/><T53/><D37/><U132/><E132/><V46/><N who="2" m="31008" /><V114/><F114/><T38/><D112/><U33/><E33/><V116/><F116/><T51/><D38/><U82/><AGARI ba="3,0" hai="49,52,56,64,66,82,84,90" m="47723,42505,31264" machi="82" ten="30,12000,2" yaku="10,1,18,1,52,3,54,1" doraHai="61" who="1" fromWho="1" sc="196,-63,480,126,374,-63,0,0" /><INIT seed="5,4,0,0,2,99" ten="133,606,311,0" oya="1" hai0="109,0,45,51,106,93,52,122,53,116,90,38,135" hai1="80,112,65,97,131,64,66,74,125,110,70,103,42" hai2="119,107,130,50,120,77,73,36,134,54,69,48,121" hai3=""/><U60/><E112/><V94/><N who="2" m="30752" /><V44/><N who="2" m="31008" /><V63/><F107/><T92/><N who="0" m="31264" /><T67/><D109/><U108/><E131/><V111/><F119/><T33/><D33/><U100/><E125/><V114/><F111/><N who="1" m="42537" /><E42/><V40/><F114/><T133/><D0/><U58/><E70/><V78/><F130/><T83/><D106/><U113/><E113/><V86/><F73/><T98/><D116/><U76/><E97/><V46/><F134/><T62/><D38/><U32/><E32/><V57/><F69/><T89/><D83/><U49/><E49/><V55/><F36/><T81/><D81/><U37/><E37/><V3/><F3/><T35/><D53/><AGARI ba="4,0" hai="53,58,60,64,65,66,74,76,80,100,103" m="42537" machi="53" ten="30,5800,0" yaku="10,1,52,2" doraHai="99" who="1" fromWho="0" sc="133,-66,606,66,311,0,0,0" /><INIT seed="5,5,0,4,3,85" ten="67,672,311,0" oya="1" hai0="2,47,3,74,46,94,134,121,91,79,76,106,81" hai1="32,70,59,51,63,67,68,71,125,127,100,44,95" hai2="56,84,120,75,119,109,66,39,58,129,102,60,90" hai3=""/><U65/><E32/><V45/><N who="2" m="30752" /><V64/><F75/><T36/><N who="0" m="31008" /><T34/><D34/><U101/><E95/><V130/><F102/><T126/><D126/><N who="1" m="48139" /><E67/><V132/><F109/><T107/><D134/><U105/><E105/><V82/><F119/><T123/><N who="0" m="31520" /><T83/><D94/><U110/><E110/><V77/><F77/><T111/><D36/><U88/><E88/><V86/><F84/><T55/><D55/><AGARI ba="5,0" hai="44,51,55,59,63,65,68,70,71,100,101" m="48139" machi="55" ten="40,2000,0" yaku="18,1" doraHai="85" who="1" fromWho="0" sc="67,-30,672,30,311,0,0,0" /><INIT seed="5,6,0,3,2,59" ten="37,702,311,0" oya="1" hai0="108,58,35,99,44,89,109,39,126,120,62,68,74" hai1="69,124,114,86,102,110,40,112,60,34,49,100,75" hai2="98,55,111,123,122,92,125,80,2,79,65,131,48" hai3=""/><U72/><E34/><V51/><N who="2" m="31264" /><V115/><N who="2" m="31520" /><V76/><F111/><T41/><N who="0" m="30752" /><T77/><D35/><U129/><E40/><V38/><F2/><T37/><D126/><U47/><E49/><V96/><F38/><T101/><D89/><U83/><E47/><V104/><F125/><T0/><D0/><U97/><E124/><V106/><F115/><T64/><D58/><U56/><E69/><V135/><F135/><T57/><D57/><U94/><E100/><V103/><F131/><T73/><D37/><U81/><E110/><V82/><F65/><T87/><D87/><U1/><E1/><V133/><F133/><T91/><D91/><U66/><E129/><V33/><F33/><T32/><D32/><U128/><E128/><V61/><F61/><T53/><D53/><U52/><E66/><V45/><F51/><T71/><D71/><U117/><E117/><V84/><F98/><T93/><REACH who="0" step="1"/><D74/><AGARI ba="6,0" hai="45,48,55,74,76,79,80,82,84,92,96,103,104,106" m="31520,31264" machi="74" ten="30,3900,0" yaku="7,1,52,2" doraHai="59" who="2" fromWho="0" sc="37,-51,702,0,311,51,0,0" owari="-14,-61.0,702,65.0,362,-4.0,0,0.0" /></mjloggm>