<mjloggm ver="2.3"><GO type="185" lobby="0"/><UN n0="%E7%A7%8B%E7%94%B0%E3%81%AE%E3%81%B2%E3%82%88%E3%81%93" n1="%EF%BC%BC%28%EF%BC%BE%6F%EF%BC%BE%29%EF%BC%8F%E2%98%85" n2="%62%69%74%74%65%72%74" n3="" dan="16,20,18,0" rate="2251.32,2276.21,2294.82,1500.00" sx="F,M,M,C"/><TAIKYOKU oya="0"/><INIT seed="0,0,0,5,2,132" ten="350,350,350,0" oya="0" hai0="46,104,45,115,71,88,80,3,36,98,122,81,125" hai1="32,74,51,131,63,95,113,112,108,85,127,118,48" hai2="59,93,135,67,103,84,120,68,134,34,133,37,52" hai3=""/><T107/><N who="0" m="31264" /><T92/><D115/><U121/><E85/><V64/><N who="2" m="30752" /><V49/><F34/><T111/><D3/><U77/><E95/><V100/><F37/><T56/><D71/><U119/><E77/><V66/><F68/><T50/><D111/><U44/><E74/><V109/><F109/><T86/><D125/><U58/><N who="1" m="31008" /><U82/><E82/><V72/><F72/><T126/><D126/><U42/><E32/><V57/><F57/><T89/><D80/><U91/><E91/><AGARI ba="0,0" hai="49,52,59,64,66,67,84,91,93,100,103,133,134,135" m="30752" machi="91" ten="50,6400,0" yaku="20,1,52,1,54,1" doraHai="132" who="2" fromWho="1" sc="350,0,350,-64,350,64,0,0" /><INIT seed="1,0,0,4,0,34" ten="350,286,414,0" oya="1" hai0="78,85,45,117,87,64,103,37,83,86,67,47,52" hai1="106,121,134,97,108,110,118,129,94,109,125,92,53" hai2="66,113,98,1,72,63,84,49,111,88,112,102,44" hai3=""/><U56/><N who="1" m="31008" /><U41/><E118/><V62/><F72/><T107/><D117/><U50/><E134/><V32/><F32/><T96/><D47/><U54/><E125/><V82/><F111/><T130/><D130/><U38/><E129/><V57/><F63/><T2/><D2/><U68/><E68/><V119/><F119/><T33/><D33/><U120/><N who="1" m="30752" /><U128/><E128/><V132/><F132/><T59/><D45/><U79/><E79/><V90/><F90/><T81/><D37/><U71/><E71/><V100/><F1/><T42/><D42/><U89/><E106/><V126/><F126/><T104/><D107/><U127/><E127/><V70/><F70/><T55/><D55/><U65/><E38/><V74/><F74/><T93/><D104/><U35/><E35/><V131/><F131/><T122/><N who="0" m="31264" /><T58/><D58/><U40/><E65/><V0/><F0/><T76/><D87/><U61/><E94/><V36/><F36/><T123/><N who="0" m="31520" /><T75/><D75/><U91/><E89/><V3/><F3/><T80/><D83/><U135/><E135/><V69/><F69/><T46/><D46/><AGARI ba="0,0" hai="40,41,46,50,53,54,56,61,91,92,97,108,109,110" m="30752,31008" machi="46" ten="40,12000,1" yaku="14,1,10,1,52,2" doraHai="34" who="1" fromWho="0" sc="350,-120,286,120,414,0,0,0" /><INIT seed="1,1,0,3,2,95" ten="230,406,414,0" oya="1" hai0="85,47,3,86,58,113,62,94,135,71,118,91,39" hai1="102,121,52,76,74,54,55,108,116,87,124,0,127" hai2="107,78,38,43,131,119,59,48,88,53,56,36,120" hai3=""/><U41/><N who="1" m="31008" /><U49/><E0/><V98/><N who="2" m="30752" /><V111/><F119/><T101/><D113/><U123/><N who="1" m="31520" /><U114/><E114/><V60/><F131/><T65/><D3/><U96/><E74/><V61/><F78/><T70/><D118/><U92/><E116/><V128/><F128/><T42/><D135/><U40/><E108/><V79/><F79/><T89/><REACH who="0" step="1"/><D101/><REACH who="0" ten="220,406,414,0" step="2"/><U104/><E124/><V84/><F111/><T32/><D32/><U110/><E127/><V103/><F43/><N who="1" m="16457" /><E104/><V125/><F125/><T57/><D57/><U45/><E110/><V97/><F61/><T80/><AGARI ba="1,1" hai="39,42,47,58,62,65,70,71,80,85,86,89,91,94" machi="80" ten="20,6000,1" yaku="1,1,0,1,7,1,53,2" doraHai="95" doraHaiUra="83" who="0" fromWho="0" sc="220,72,406,-41,414,-21,0,0" /><INIT seed="2,0,0,3,0,96" ten="292,365,393,0" oya="2" hai0="134,130,36,54,34,68,80,100,50,72,83,106,129" hai1="118,101,74,122,38,132,88,40,79,71,98,41,133" hai2="42,70,56,81,114,108,123,116,53,64,47,103,52" hai3=""/><V97/><N who="2" m="31520" /><V59/><F116/><T113/><D34/><U44/><N who="1" m="31264" /><U37/><E118/><V55/><F114/><T82/><D36/><U125/><E71/><V0/><F0/><T66/><D134/><N who="1" m="51819" /><E125/><V78/><F108/><T94/><D106/><U57/><E57/><V99/><F70/><T46/><D113/><U104/><E79/><V124/><F99/><T69/><D72/><U51/><E74/><V3/><F64/><T33/><D33/><U115/><E115/><V58/><F3/><T87/><D66/><U102/><E40/><V84/><F124/><T1/><D1/><U93/><E102/><V32/><F32/><T89/><REACH who="0" step="1"/><D100/><REACH who="0" ten="282,365,393,0" step="2"/><U43/><E37/><V92/><REACH who="2" step="1"/><F55/><REACH who="2" ten="282,365,383,0" step="2"/><T127/><D127/><U131/><E104/><V105/><F105/><T117/><D117/><U39/><E39/><AGARI ba="0,2" hai="39,42,47,52,53,56,58,59,78,81,84,92,97,103" m="31520" machi="39" ten="40,12000,1" yaku="1,1,52,2,54,1,53,0" doraHai="96" doraHaiUra="2" who="2" fromWho="1" sc="282,0,365,-120,383,140,0,0" /><INIT seed="2,1,0,1,5,69" ten="282,245,523,0" oya="2" hai0="51,85,92,101,106,2,68,86,52,40,88,129,32" hai1="87,75,131,38,97,78,91,44,45,57,55,56,96" hai2="65,122,119,49,99,118,53,130,102,82,112,81,41" hai3=""/><V54/><N who="2" m="31264" /><V98/><F112/><T90/><D2/><U100/><E131/><V39/><F65/><T107/><D32/><U72/><E78/><V59/><F130/><T128/><D68/><U121/><N who="1" m="31008" /><U3/><E3/><V132/><F132/><T105/><D40/><U80/><E56/><V73/><F99/><T134/><D101/><U110/><E97/><V76/><F81/><T79/><D79/><U67/><E67/><V83/><F83/><T133/><D129/><U103/><E103/><V63/><F41/><T126/><D126/><U114/><E38/><V58/><REACH who="2" step="1"/><F39/><REACH who="2" ten="282,245,513,0" step="2"/><T61/><D128/><U95/><E114/><V127/><F127/><T50/><D134/><U89/><E80/><V1/><F1/><T48/><D133/><U70/><E96/><V71/><F71/><T115/><D115/><U33/><E70/><V74/><F74/><T62/><REACH who="0" step="1"/><D52/><REACH who="0" ten="272,245,513,0" step="2"/><U113/><E55/><V43/><F43/><T66/><D66/><U35/><E113/><V117/><F117/><T46/><D46/><U135/><E44/><V125/><F125/><T111/><D111/><U84/><E110/><V64/><F64/><T37/><D37/><U123/><N who="1" m="31520" /><U104/><E135/><V0/><F0/><RYUUKYOKU ba="1,2" sc="272,10,245,-20,513,10,0,0" hai0="48,50,51,61,62,85,86,88,90,92,105,106,107" hai2="49,53,54,58,59,63,73,76,82,98,102,118,119" /><INIT seed="2,2,2,5,1,130" ten="282,225,523,0" oya="2" hai0="85,106,125,90,67,57,92,54,76,108,41,100,111" hai1="61,35,51,109,81,91,63,46,33,103,70,112,77" hai2="101,104,116,93,128,60,69,48,102,122,44,62,94" hai3=""/><V68/><N who="2" m="31264" /><V89/><F116/><T87/><D125/><U65/><E112/><V88/><F128/><T129/><D129/><U74/><E109/><V82/><F82/><T126/><D126/><U99/><E91/><V79/><F79/><T58/><D41/><U115/><E63/><V55/><F104/><T114/><D114/><U52/><REACH who="1" step="1"/><E115/><REACH who="1" ten="282,215,523,0" step="2"/><V59/><F62/><T96/><D111/><U45/><E45/><V66/><F69/><T2/><D108/><U0/><E0/><V56/><F44/><T32/><D2/><U117/><E117/><V124/><F68/><T120/><N who="0" m="30752" /><T119/><D119/><U43/><E43/><V40/><F40/><T49/><D32/><U36/><E36/><V64/><F124/><T72/><D58/><U39/><E39/><V134/><F64/><T113/><D113/><U110/><E110/><V42/><F42/><T47/><D47/><U73/><E73/><V97/><F134/><T37/><D37/><U133/><E133/><V84/><AGARI ba="2,3" hai="48,55,56,59,60,66,84,88,89,93,94,97,101,102" m="31264" machi="84" ten="20,8000,1" yaku="0,1,7,1,8,1,52,1,54,1" doraHai="130" who="2" fromWho="2" sc="282,-42,215,-42,523,114,0,0" /><INIT seed="2,3,0,1,5,72" ten="240,173,637,0" oya="2" hai0="44,101,42,61,133,130,82,35,89,47,104,63,73" hai1="48,40,46,127,34,129,51,58,53,85,49,50,134" hai2="56,2,88,128,103,92,70,75,37,59,106,74,98" hai3=""/><V41/><F70/><T68/><D35/><U117/><E34/><V54/><F2/><T71/><D133/><U77/><E134/><V86/><F128/><T67/><D130/><U60/><E129/><V94/><F59/><T110/><D110/><U81/><REACH who="1" step="1"/><E127/><REACH who="1" ten="240,163,637,0" step="2"/><V36/><F106/><T39/><D104/><U84/><E84/><V83/><F74/><T109/><D73/><U80/><E80/><V115/><F115/><T43/><D109/><U131/><E131/><V66/><F75/><T87/><D101/><U125/><E125/><V116/><F83/><T96/><D96/><U121/><N who="1" m="31008" /><U114/><E114/><V112/><F112/><T119/><D82/><U3/><E3/><V132/><F132/><T135/><D135/><U99/><E99/><V0/><F0/><T102/><D87/><U123/><N who="1" m="31520" /><U64/><E64/><V33/><F66/><T32/><D32/><U52/><E52/><V65/><F65/><T126/><D126/><U122/><N who="1" m="31264" /><U1/><E1/><V90/><F103/><T38/><D102/><U57/><E57/><V62/><F33/><T118/><D67/><U107/><E107/><V76/><F98/><T69/><D71/><U78/><E78/><V120/><F76/><RYUUKYOKU ba="3,1" sc="240,10,163,10,637,-20,0,0" hai0="38,39,42,43,44,47,61,63,68,69,89,118,119" hai1="40,46,48,49,50,51,53,58,60,77,81,85,117" /><INIT seed="4,4,1,1,5,45" ten="250,173,617,0" oya="0" hai0="39,62,126,134,75,40,53,48,64,76,46,55,119" hai1="97,59,111,87,123,36,95,37,47,66,56,135,103" hai2="121,120,92,98,77,112,89,127,69,32,86,58,0" hai3=""/><T132/><D119/><U78/><N who="1" m="31520" /><U42/><E111/><V50/><N who="2" m="30752" /><V113/><N who="2" m="31008" /><V51/><F69/><T99/><D126/><U85/><E135/><N who="0" m="51753" /><D75/><U106/><E36/><V129/><F0/><T125/><D76/><U44/><E47/><V104/><F32/><T41/><D99/><U116/><E116/><V108/><F108/><T34/><D125/><U101/><E66/><V79/><F127/><T67/><D34/><U74/><E103/><V115/><F58/><T114/><D114/><U88/><E87/><V109/><F109/><T82/><D82/><AGARI ba="4,1" hai="37,42,44,56,59,74,78,82,85,88,95,97,101,106" m="31520" machi="82" ten="40,8000,1" yaku="24,2,52,1,54,1" doraHai="45" who="1" fromWho="0" sc="250,-88,173,98,617,0,0,0" /><INIT seed="5,0,0,0,2,73" ten="162,271,617,0" oya="1" hai0="2,65,56,52,43,103,122,99,121,117,92,95,39" hai1="41,72,50,36,64,116,114,44,123,120,58,40,53" hai2="129,85,57,100,32,125,80,76,106,60,127,81,78" hai3=""/><U111/><E111/><V135/><BYE who="1" /><F32/><T112/><N who="0" m="31008" /><T34/><N who="0" m="31264" /><T3/><D34/><U84/><E84/><V61/><F135/><T97/><D112/><U132/><E132/><V42/><F42/><T91/><D117/><U37/><E37/><V133/><F133/><T71/><D65/><U104/><E104/><V96/><F129/><T126/><D71/><U130/><E130/><V38/><F38/><T109/><D109/><U45/><E45/><V55/><F61/><T79/><D126/><N who="2" m="48138" /><F81/><T119/><D119/><U82/><E82/><V115/><F78/><T1/><D79/><U107/><E107/><V35/><F35/><T70/><D70/><U93/><E93/><V113/><AGARI ba="0,0" hai="55,57,60,76,80,85,96,100,106,113,115" m="48138" machi="113" ten="40,2000,0" yaku="18,1,52,1" doraHai="73" who="2" fromWho="2" sc="162,-7,271,-13,617,20,0,0" /><INIT seed="6,0,0,3,4,80" ten="155,258,637,0" oya="2" hai0="85,135,117,75,134,95,49,107,72,34,84,64,119" hai1="97,113,67,120,82,52,56,124,0,74,42,46,126" hai2="88,51,98,55,106,76,81,100,54,96,69,78,2" hai3=""/><V125/><F69/><T105/><D34/><U45/><E45/><V79/><F2/><T37/><D64/><U83/><E83/><V36/><F36/><T57/><D57/><U132/><E132/><N who="0" m="50729" /><D49/><U44/><E44/><V3/><F3/><T65/><D65/><U48/><E48/><V99/><F125/><T68/><D68/><U133/><E133/><V66/><F66/><T35/><D35/><U70/><E70/><V114/><F114/><T93/><D37/><U104/><E104/><N who="0" m="40009" /><D95/><U92/><E92/><V50/><F50/><T111/><D93/><U89/><E89/><V91/><F51/><T108/><D75/><U53/><E53/><V116/><F54/><T112/><D72/><U38/><E38/><V110/><F55/><T94/><D112/><U62/><E62/><V47/><F47/><T73/><D73/><U102/><E102/><V39/><F39/><T130/><D130/><U60/><E60/><V32/><F32/><T123/><N who="0" m="31520" /><T101/><D84/><U129/><E129/><V1/><F1/><T127/><D127/><U103/><E103/><V61/><F61/><T118/><D85/><U109/><E109/><N who="0" m="42057" /><D119/><U128/><E128/><V40/><F110/><T33/><D33/><U77/><E77/><RYUUKYOKU ba="0,0" sc="155,20,258,-10,637,-10,0,0" hai0="94,101,117,118" owari="175,-42.0,248,-15.0,627,57.0,0,0.0" /></mjloggm>