<mjloggm ver="2.3"><GO type="169" lobby="0"/><UN n0="%74%2D%73%68%69%6E%6A%6F" n1="%54%61%62%61%73%63%6F" n2="%E8%A5%BF%E9%83%B7" n3="%E3%81%98%E3%81%87%E3%82%8B" dan="17,17,16,17" rate="2183.57,2175.86,2087.76,2160.18" sx="M,M,M,M"/><TAIKYOKU oya="0"/><INIT seed="0,0,0,0,2,130" ten="250,250,250,250" oya="0" hai0="87,107,2,4,53,26,47,94,59,3,62,89,24" hai1="44,83,88,51,14,66,121,49,57,102,90,78,120" hai2="98,37,71,13,43,115,69,133,106,86,19,20,99" hai3="76,52,10,110,131,64,17,30,55,114,15,25,7"/><T103/><D2/><U61/><E102/><V68/><F115/><W72/><G131/><T32/><D3/><U56/><E56/><V58/><F58/><W34/><G114/><T16/><D4/><U84/><E51/><V117/><F117/><W41/><G110/><T77/><D77/><U93/><E14/><V95/><F106/><W92/><G64/><T63/><D63/><U105/><E105/><V80/><F37/><W60/><G41/><T112/><D112/><U135/><E135/><V101/><F98/><W74/><G92/><T104/><D47/><U1/><E1/><V100/><F43/><W65/><G7/><T108/><D108/><U85/><REACH who="1" step="1"/><E78/><REACH who="1" ten="250,240,250,250" step="2"/><V40/><F101/><W31/><G76/><T0/><D0/><U82/><E82/><V111/><F111/><W6/><G15/><T134/><D134/><U109/><E109/><V23/><F133/><W45/><G6/><T118/><D118/><U50/><E50/><V5/><F5/><W46/><G46/><T48/><D103/><U18/><E18/><V127/><F80/><W27/><G17/><T116/><D116/><U29/><E29/><V54/><F19/><W81/><G31/><N who="0" m="19559" /><D48/><U38/><E38/><V123/><F100/><W70/><G30/><T33/><D16/><U113/><E113/><V11/><F13/><W36/><G45/><T126/><D126/><U73/><E73/><V125/><F125/><W96/><G36/><T39/><D39/><U132/><E132/><V28/><F127/><W128/><G72/><T124/><D124/><U97/><E97/><V22/><F99/><RYUUKYOKU ba="0,1" sc="250,15,240,15,250,-15,250,-15" hai0="26,33,53,59,62,87,89,94,104,107" hai1="44,49,57,61,66,83,84,85,88,90,93,120,121" /><INIT seed="0,1,1,0,3,102" ten="265,255,235,235" oya="0" hai0="13,63,83,132,53,134,7,64,50,15,77,44,24" hai1="14,98,49,62,36,35,32,37,70,117,76,25,38" hai2="5,84,118,131,0,68,87,22,21,103,33,30,90" hai3="18,80,126,105,58,29,99,86,4,130,116,27,119"/><T71/><D24/><U123/><E123/><V16/><F68/><W78/><G130/><T26/><D26/><U73/><E117/><V9/><F131/><W61/><G126/><T121/><D121/><U106/><E73/><V60/><F118/><W125/><G125/><T67/><D67/><U11/><E76/><V109/><F22/><W59/><G18/><T51/><D51/><U55/><E49/><V93/><F109/><W110/><G4/><T65/><D65/><U122/><E122/><V56/><F103/><W94/><G105/><T100/><D100/><U107/><E98/><V120/><F120/><W127/><G110/><T74/><REACH who="0" step="1"/><D7/><REACH who="0" ten="255,255,235,235" step="2"/><U124/><E124/><V31/><F33/><W40/><G27/><T39/><D39/><U101/><E101/><V82/><F5/><W66/><G66/><T6/><D6/><U92/><E35/><V85/><F30/><W46/><G29/><T81/><D81/><U47/><E25/><V42/><F31/><W111/><G127/><T129/><D129/><U135/><E32/><V115/><F82/><W91/><G119/><T3/><D3/><U23/><E38/><V113/><F0/><W75/><G116/><T10/><D10/><U96/><E11/><V95/><F9/><W1/><G80/><T69/><D69/><U43/><E37/><V28/><F28/><W128/><G1/><T108/><D108/><U20/><E36/><V45/><F21/><W104/><G111/><T12/><AGARI ba="1,2" hai="12,13,15,44,50,53,63,64,71,74,77,83,132,134" machi="12" ten="30,6000,0" yaku="1,1,0,1,53,1" doraHai="102" doraHaiUra="79" who="0" fromWho="0" sc="255,83,255,-21,235,-21,235,-21" /><INIT seed="0,2,0,0,2,54" ten="338,234,214,214" oya="0" hai0="95,72,84,103,40,78,68,106,88,70,108,129,51" hai1="1,6,45,112,114,94,39,32,57,50,75,18,73" hai2="63,76,116,79,120,42,74,22,0,27,36,11,125" hai3="16,100,35,123,25,59,109,86,66,104,67,55,101"/><T23/><D129/><U99/><E32/><V122/><F125/><W19/><G109/><T127/><D127/><U128/><E39/><V93/><F93/><W117/><G117/><T21/><D108/><U85/><E128/><V5/><F79/><W113/><G113/><N who="1" m="43626" /><E1/><V90/><F90/><W98/><G123/><T91/><D40/><U10/><E18/><V14/><F14/><W130/><G130/><T30/><D30/><U83/><E10/><V134/><F134/><W71/><G101/><T61/><D51/><U26/><E6/><V56/><F116/><W37/><G37/><T105/><D72/><U34/><E26/><V44/><F76/><W135/><G135/><T96/><D78/><U110/><E34/><V62/><F74/><W12/><G86/><T131/><D131/><U132/><E110/><V69/><F69/><W81/><G81/><T82/><D68/><U17/><E17/><V46/><F46/><W77/><G77/><T121/><D121/><U8/><E45/><V118/><F63/><N who="3" m="40447" /><G66/><N who="0" m="41295" /><D106/><U133/><E133/><V29/><REACH who="2" step="1"/><F118/><REACH who="2" ten="338,234,204,214" step="2"/><W38/><G12/><T126/><D126/><U124/><E124/><V7/><F7/><W31/><G38/><T87/><D87/><U92/><E132/><V80/><F80/><W41/><G41/><T28/><D91/><N who="1" m="55711" /><E83/><V97/><F97/><W52/><G55/><AGARI ba="2,1" hai="0,5,11,22,27,29,36,42,44,55,56,62,120,122" machi="55" ten="30,7700,0" yaku="1,1,7,1,52,1,53,1" doraHai="54" doraHaiUra="53" who="2" fromWho="3" sc="338,0,234,0,204,93,214,-83" /><INIT seed="1,0,0,3,3,48" ten="338,234,297,131" oya="1" hai0="129,83,28,30,111,121,54,96,97,93,123,88,43" hai1="62,76,18,84,103,26,44,49,107,27,51,128,19" hai2="108,9,63,78,10,7,32,126,0,50,105,66,106" hai3="125,99,122,112,59,92,85,100,79,39,45,52,81"/><U104/><E128/><V117/><F117/><W22/><G112/><T89/><D43/><U73/><E73/><V75/><F108/><W33/><G122/><N who="0" m="46603" /><D111/><U21/><E62/><V64/><F126/><W113/><G125/><T110/><D110/><U86/><E103/><V5/><F32/><W70/><G113/><T25/><D129/><U71/><E71/><V16/><F66/><W23/><G33/><T12/><D12/><U20/><E76/><V132/><F132/><W29/><G70/><T134/><D134/><U116/><REACH who="1" step="1"/><E44/><REACH who="1" ten="338,224,297,131" step="2"/><V46/><F78/><W69/><G69/><T60/><D89/><U130/><E130/><V57/><F75/><W101/><G100/><T17/><D83/><U6/><E6/><V94/><F46/><W11/><G45/><T38/><D38/><U24/><E24/><V87/><F7/><W36/><G39/><T72/><D72/><U114/><E114/><V95/><F5/><W77/><G36/><T58/><D97/><U135/><E135/><V41/><F63/><W127/><G79/><T53/><D25/><U115/><E115/><V31/><F106/><W98/><G127/><T80/><D80/><U3/><E3/><V109/><F0/><W40/><G99/><T68/><D68/><U13/><E13/><V102/><F105/><W35/><G98/><T55/><D17/><U67/><E67/><AGARI ba="0,1" hai="28,30,53,54,55,58,60,67,88,93,96" m="46603" machi="67" ten="30,8000,1" yaku="13,1,52,3,54,1" doraHai="48" who="0" fromWho="1" sc="338,90,224,-80,297,0,131,0" /><INIT seed="2,0,0,4,2,118" ten="428,144,297,131" oya="2" hai0="84,35,40,71,80,28,32,85,56,36,68,63,1" hai1="13,66,113,65,105,132,96,90,33,135,119,72,37" hai2="14,131,60,18,108,42,64,54,15,8,5,48,107" hai3="114,3,6,70,7,23,34,2,16,83,112,73,43"/><V110/><F107/><W31/><G70/><T61/><D1/><N who="3" m="9" /><G73/><T4/><D4/><N who="3" m="1577" /><G43/><T97/><D97/><U47/><E119/><V9/><F42/><W120/><G83/><T45/><D85/><U19/><E113/><N who="3" m="43626" /><G120/><T82/><D82/><U44/><E72/><V103/><F131/><W29/><G34/><T99/><D99/><U53/><E33/><V133/><F103/><W67/><G67/><T91/><D28/><U25/><E37/><V17/><F133/><W30/><G30/><T95/><D68/><U62/><E66/><V125/><F64/><W59/><G59/><T129/><D129/><U128/><E128/><V101/><F101/><W92/><G92/><T127/><D71/><U51/><E47/><V26/><F60/><W55/><G55/><T75/><D63/><U116/><E116/><V21/><F54/><W86/><G86/><T79/><D127/><U0/><E0/><N who="2" m="39" /><F48/><W20/><G20/><T76/><D76/><U126/><E126/><V122/><F125/><W74/><G74/><T115/><D115/><U81/><E105/><V98/><F98/><W10/><G10/><T58/><D58/><N who="1" m="37079" /><E96/><V41/><F41/><W27/><AGARI ba="0,0" hai="16,23,27,29,31" m="43626,1577,9" machi="27" ten="40,8000,1" yaku="11,1,34,2,54,1" doraHai="118" who="3" fromWho="3" sc="428,-20,144,-20,297,-40,131,80" /><INIT seed="3,0,0,4,3,33" ten="408,124,257,211" oya="3" hai0="109,63,44,132,105,102,106,134,47,83,118,119,93" hai1="98,122,91,24,26,65,133,20,72,131,34,12,29" hai2="86,2,58,95,1,126,74,71,121,117,13,108,32" hai3="54,35,0,27,56,81,124,28,100,77,116,73,18"/><W52/><G116/><N who="0" m="44587" /><D63/><U3/><E72/><V111/><F74/><W25/><G124/><T49/><D47/><U17/><E65/><V43/><F71/><W62/><G100/><T87/><D49/><U114/><E98/><V14/><F117/><W39/><G39/><T19/><D44/><U70/><E91/><N who="2" m="53751" /><F32/><W110/><G110/><N who="2" m="42025" /><F126/><W89/><G89/><N who="0" m="51455" /><D19/><N who="1" m="12319" /><E70/><V51/><F121/><W79/><G79/><T76/><D76/><U96/><E122/><V45/><F58/><W9/><G27/><T92/><D109/><U41/><E41/><V36/><F36/><W99/><G99/><N who="0" m="59751" /><D93/><U67/><E67/><V7/><F7/><W60/><G18/><T48/><D48/><U80/><E34/><V129/><F129/><W22/><G35/><T37/><D37/><U97/><E29/><V130/><F130/><W5/><REACH who="3" step="1"/><G62/><REACH who="3" ten="408,124,257,201" step="2"/><T90/><D90/><U88/><E26/><V64/><F51/><W125/><G125/><T57/><D106/><U82/><E131/><V94/><F43/><W103/><G103/><T4/><D105/><U78/><E88/><V128/><F128/><W84/><G84/><T127/><D127/><U21/><E97/><V75/><F75/><W16/><G16/><T15/><D4/><U23/><E96/><V10/><F94/><W53/><AGARI ba="0,1" hai="0,5,9,22,25,28,52,53,54,56,60,73,77,81" machi="53" ten="20,12000,1" yaku="1,1,0,1,7,1,52,1,54,1,53,0" doraHai="33" doraHaiUra="40" who="3" fromWho="3" sc="408,-40,124,-40,257,-40,201,130" /><INIT seed="3,1,0,5,1,27" ten="368,84,217,331" oya="3" hai0="4,86,111,116,13,95,1,33,114,113,99,52,40" hai1="94,106,59,123,97,105,56,82,18,88,83,119,25" hai2="51,91,84,49,69,127,22,46,110,45,43,128,107" hai3="26,63,20,42,92,24,115,100,15,108,89,120,62"/><W39/><G115/><N who="0" m="44043" /><D40/><U124/><E123/><V65/><F107/><W122/><G100/><T19/><D116/><U64/><E119/><V132/><F110/><W76/><G76/><T11/><D111/><U5/><E124/><V12/><F127/><W28/><G108/><T23/><D86/><U135/><E135/><V53/><F132/><W30/><G39/><T9/><D52/><U126/><E126/><V16/><F128/><W118/><G118/><T36/><D36/><U79/><E5/><V47/><F69/><W68/><G42/><T71/><D71/><U38/><E83/><V35/><F35/><W6/><G68/><T14/><D95/><U21/><E38/><V17/><F17/><W117/><G117/><T3/><D99/><U96/><E64/><V98/><F65/><W85/><G122/><T44/><D44/><U70/><E70/><V101/><F98/><W133/><G133/><T48/><D48/><U41/><E41/><V60/><F60/><W0/><G0/><N who="0" m="135" /><D33/><U74/><REACH who="1" step="1"/><E106/><REACH who="1" ten="368,74,217,331" step="2"/><V34/><F43/><W73/><G120/><T87/><D87/><U130/><E130/><V77/><F84/><W102/><G73/><T58/><D58/><U134/><E134/><V66/><F66/><W72/><G72/><T90/><D90/><U80/><E80/><V67/><F67/><W55/><G102/><AGARI ba="1,1" hai="18,21,25,56,59,74,79,82,88,94,96,97,102,105" machi="102" ten="40,5200,0" yaku="1,1,54,1,53,1" doraHai="27" doraHaiUra="104" who="1" fromWho="3" sc="368,0,74,65,217,0,331,-55" /><INIT seed="4,0,0,1,5,84" ten="368,139,217,276" oya="0" hai0="118,52,3,41,109,115,99,128,23,65,21,91,130" hai1="77,9,100,70,24,132,33,107,105,13,19,122,95" hai2="102,14,117,131,59,29,71,93,38,123,101,111,16" hai3="92,43,76,32,80,63,6,61,44,5,66,126,31"/><T112/><D65/><U49/><E122/><V0/><F71/><W26/><G126/><T45/><D3/><U103/><E70/><V68/><F68/><W90/><G61/><T114/><D118/><U48/><E132/><V104/><F111/><W7/><G63/><T60/><D41/><U15/><E77/><V34/><F0/><W55/><G66/><T20/><D109/><U54/><E49/><V94/><F123/><W79/><G55/><T50/><D60/><U30/><E103/><V81/><F38/><W98/><REACH who="3" step="1"/><G80/><REACH who="3" ten="368,139,217,266" step="2"/><T46/><D46/><U8/><E95/><AGARI ba="0,1" hai="20,21,23,45,50,52,91,95,99,112,114,115,128,130" machi="95" ten="50,9600,0" yaku="15,1,52,1,54,1" doraHai="84" who="0" fromWho="1" sc="368,106,139,-96,217,0,266,0" /><INIT seed="4,1,0,1,3,101" ten="474,43,217,266" oya="0" hai0="46,37,130,116,9,7,22,39,53,104,60,54,6" hai1="17,29,91,12,4,70,119,134,55,111,64,126,18" hai2="135,93,110,109,84,38,62,76,112,132,42,97,77" hai3="10,80,0,65,34,72,61,44,73,28,75,48,78"/><T81/><D116/><U3/><E119/><V8/><F38/><W115/><G115/><T51/><D130/><U68/><E111/><V40/><F62/><W71/><G48/><T89/><D6/><U57/><E3/><V117/><F117/><W128/><G128/><T15/><D104/><U32/><E126/><V19/><F19/><W45/><G45/><T69/><D22/><U49/><E4/><V106/><F8/><W120/><G44/><T27/><D27/><U82/><E18/><V90/><F42/><W43/><G43/><T35/><D35/><U113/><E134/><N who="2" m="51243" /><F40/><W88/><G88/><T50/><D60/><U25/><E64/><V121/><F112/><W30/><G30/><T105/><D105/><U103/><E103/><N who="2" m="62831" /><F121/><W16/><G120/><T108/><D69/><U114/><E82/><V122/><F122/><W79/><G79/><AGARI ba="1,0" hai="76,77,79,84,90,93,109,110" m="62831,51243" machi="79" ten="30,7700,0" yaku="20,1,34,2,52,1" doraHai="101" who="2" fromWho="3" sc="474,0,43,0,217,80,266,-80" /><INIT seed="5,0,0,3,3,129" ten="474,43,297,186" oya="1" hai0="89,27,71,90,38,57,44,123,110,0,5,118,122" hai1="66,10,46,67,8,84,40,34,120,83,64,16,99" hai2="42,15,132,101,100,86,47,96,130,48,102,75,43" hai3="119,54,91,87,14,30,80,112,39,18,77,126,36"/><U26/><E120/><V25/><F75/><W12/><G112/><T33/><D71/><U79/><E99/><V76/><F130/><W63/><G119/><T32/><D0/><U9/><E34/><V51/><F25/><W116/><G116/><T131/><D5/><U88/><E79/><V68/><F68/><W127/><G30/><T114/><D118/><U6/><E6/><V72/><F72/><W105/><G105/><T23/><D110/><U53/><E53/><V94/><F15/><N who="3" m="5675" /><G18/><T92/><D57/><U1/><E1/><V2/><F2/><W60/><G91/><T115/><D90/><U73/><E73/><V103/><F86/><W11/><G11/><T133/><D44/><U128/><E128/><V82/><F82/><W95/><G95/><T50/><D50/><U58/><E58/><V97/><F76/><W108/><G108/><T37/><D131/><U21/><REACH who="1" step="1"/><E8/><REACH who="1" ten="474,33,297,186" step="2"/><V124/><F97/><W28/><G54/><T98/><D123/><U3/><E3/><V135/><F124/><W109/><G109/><T69/><D122/><U104/><E104/><V31/><F31/><W4/><G28/><T125/><D125/><N who="3" m="47625" /><G4/><T29/><D33/><U70/><E70/><V17/><F17/><W74/><G74/><T19/><D69/><U7/><E7/><V121/><F121/><W55/><G55/><T65/><D32/><U81/><E81/><V22/><F22/><W106/><G106/><T85/><D19/><U24/><E24/><V62/><F96/><W59/><G59/><T111/><D98/><U45/><E45/><V52/><F47/><RYUUKYOKU ba="0,1" sc="474,-15,33,15,297,-15,186,15" hai1="9,10,16,21,26,40,46,64,66,67,83,84,88" hai3="36,39,60,63,77,80,87" /><INIT seed="5,1,1,3,3,111" ten="459,48,282,201" oya="1" hai0="89,68,41,25,80,45,82,13,133,31,33,70,102" hai1="64,63,92,78,48,53,30,3,0,12,35,125,1" hai2="128,42,81,93,21,106,4,36,49,109,134,39,76" hai3="105,119,27,57,99,7,40,120,90,107,95,118,59"/><U10/><E125/><V65/><F106/><N who="3" m="40459" /><G40/><T130/><D130/><U91/><E78/><V17/><F109/><W28/><G7/><T85/><D133/><U34/><E30/><V61/><F134/><W132/><G132/><T108/><D108/><U47/><E91/><V77/><F4/><W8/><G8/><T58/><D58/><U97/><E92/><V131/><F93/><W15/><G15/><T19/><D102/><U84/><E84/><V101/><F101/><W56/><G120/><T55/><D55/><U114/><E97/><V115/><F49/><W38/><G59/><T51/><D80/><U117/><E117/><N who="3" m="44554" /><G38/><T37/><D37/><U135/><E135/><V96/><F96/><W104/><N who="3" m="40467" /><W71/><DORA hai="5" /><G71/><T122/><D122/><U44/><E44/><V72/><F77/><W69/><G69/><T126/><D126/><U54/><E54/><V74/><F74/><W88/><G90/><T121/><D121/><U23/><E23/><AGARI ba="1,1" hai="23,27,28,56,57,88,95,99" m="44554,40467" machi="23" ten="40,2600,0" yaku="12,1,54,1" doraHai="111,5" who="3" fromWho="1" sc="459,0,48,-29,282,0,201,39" /><AGARI ba="1,0" hai="13,19,23,25,31,33,41,45,51,68,70,82,85,89" machi="23" ten="30,1000,0" yaku="7,1" doraHai="111,5" who="0" fromWho="1" sc="459,10,19,-10,282,0,240,0" /><INIT seed="6,0,0,5,5,111" ten="469,9,282,240" oya="2" hai0="125,104,120,37,99,61,73,87,130,64,26,23,17" hai1="42,112,46,66,85,94,109,83,102,41,8,100,27" hai2="119,114,123,97,86,7,19,12,69,134,40,5,89" hai3="20,132,126,18,105,131,62,59,110,121,35,55,0"/><V103/><F119/><W135/><G121/><T56/><D73/><U74/><E109/><V63/><F123/><W45/><G110/><T51/><D120/><U115/><E74/><V75/><F75/><W117/><G35/><T80/><D37/><U116/><E116/><V32/><F32/><W82/><G117/><T57/><D125/><U84/><E66/><V71/><F40/><W106/><G0/><T70/><D130/><U4/><E27/><V67/><F71/><W53/><G131/><T48/><D104/><U127/><E42/><V13/><F134/><N who="3" m="51243" /><G126/><T10/><D99/><U38/><E127/><V25/><F25/><N who="3" m="14487" /><G82/><T68/><D68/><U90/><E84/><V113/><F13/><W65/><G45/><T22/><D10/><U47/><E47/><V43/><F43/><W92/><G92/><T11/><D11/><U39/><E39/><V30/><F30/><W129/><G129/><T33/><D33/><U133/><E133/><V108/><F108/><W15/><G15/><T124/><D124/><U21/><E21/><V76/><F19/><W50/><G55/><T95/><D95/><U118/><E118/><V60/><F12/><W122/><G122/><T44/><D22/><U14/><E83/><N who="2" m="49375" /><F76/><W3/><G3/><T9/><D9/><U78/><E78/><V49/><F7/><W29/><G29/><T6/><D6/><U128/><E128/><V96/><F5/><W98/><G98/><T72/><D72/><U34/><E34/><V88/><F97/><W58/><AGARI ba="0,0" hai="50,53,58,59,62,65,105,106" m="14487,51243" machi="58" ten="30,1100,0" yaku="20,1" doraHai="111" who="3" fromWho="3" sc="469,-3,9,-3,282,-5,240,11" /><INIT seed="7,0,0,0,0,101" ten="466,6,277,251" oya="3" hai0="58,22,62,84,121,19,10,4,43,50,34,46,97" hai1="76,110,28,5,107,47,123,85,36,49,33,64,82" hai2="78,3,130,6,45,125,37,63,11,1,70,14,77" hai3="31,79,57,93,8,124,106,129,18,103,44,68,87"/><W2/><G129/><T69/><D34/><U12/><E64/><V29/><F130/><W21/><G124/><T56/><D121/><U80/><E49/><V71/><F125/><W73/><G68/><T65/><D97/><U53/><E33/><V115/><F115/><W40/><G73/><T27/><D84/><U98/><E85/><V23/><F3/><AGARI ba="0,0" hai="3,4,10,19,22,27,43,46,50,56,58,62,65,69" machi="3" ten="30,1000,0" yaku="7,1" doraHai="101" who="0" fromWho="2" sc="466,10,6,0,277,-10,251,0" owari="476,57.0,6,-49.0,267,7.0,251,-15.0" /></mjloggm>