<mjloggm ver="2.3"><GO type="169" lobby="0"/><UN n0="%4B%2E%47%2E%4C" n1="%E3%81%8B%E3%81%A3%E9%A3%9B%E3%81%B0%E3%81%9B%E5%85%A8%E9%83%A8" n2="%66%69%63%74%69%6F%6E" n3="%E3%81%A7%E3%81%97%EF%BC%96" dan="18,17,16,17" rate="2214.12,2198.67,2032.26,2114.80" sx="M,M,M,M"/><TAIKYOKU oya="0"/><INIT seed="0,0,0,5,0,118" ten="250,250,250,250" oya="0" hai0="50,38,15,83,75,20,29,41,107,18,54,105,115" hai1="4,101,71,114,2,94,55,132,40,129,66,46,99" hai2="25,89,124,103,98,112,96,33,7,73,100,95,10" hai3="119,63,34,13,84,133,104,57,62,121,16,19,125"/><T102/><D115/><U92/><E114/><V116/><F112/><W72/><G72/><T128/><D128/><U21/><E129/><V22/><F33/><W68/><G119/><T6/><D102/><U36/><E132/><V113/><F113/><W14/><G104/><T134/><D134/><U44/><E21/><V5/><F116/><W59/><G34/><T64/><D64/><U0/><E4/><V28/><F124/><W11/><G133/><T31/><D6/><U110/><E110/><V86/><F73/><W3/><G3/><T81/><D107/><U106/><E66/><V56/><F56/><W43/><G125/><T93/><D105/><U108/><E71/><V61/><F61/><W39/><G39/><T88/><D41/><U78/><E78/><V123/><F7/><W111/><G43/><T23/><D38/><U17/><E17/><V1/><F123/><W30/><G30/><N who="0" m="11275" /><D23/><U131/><E131/><V49/><REACH who="2" step="1"/><F49/><REACH who="2" ten="250,250,240,250" step="2"/><W51/><G51/><T35/><D75/><U37/><E36/><V8/><F8/><W70/><G111/><T52/><D35/><U90/><E108/><V82/><F82/><N who="0" m="31242" /><D50/><U109/><E109/><V26/><F26/><W53/><G121/><T48/><D48/><N who="1" m="29079" /><E106/><V130/><F130/><W117/><G117/><T58/><D58/><U91/><E92/><V12/><F12/><W120/><G120/><T60/><D60/><U126/><E126/><V74/><F74/><W79/><G62/><T85/><AGARI ba="0,1" hai="15,18,20,52,54,85,88,93" m="31242,11275" machi="85" ten="30,6000,0" yaku="8,1,54,2" doraHai="118" who="0" fromWho="0" sc="250,70,250,-20,240,-20,250,-20" /><INIT seed="0,1,0,0,3,98" ten="320,230,220,230" oya="0" hai0="24,100,22,30,11,29,67,52,6,97,26,31,89" hai1="60,127,20,122,44,134,117,116,81,65,84,94,39" hai2="27,107,123,28,115,69,90,57,40,119,19,74,36" hai3="75,54,104,110,131,43,126,9,59,38,68,80,32"/><T61/><D89/><U96/><E122/><V8/><F115/><W129/><G32/><T15/><D52/><U45/><E127/><V112/><F112/><W12/><G126/><T106/><REACH who="0" step="1"/><D26/><REACH who="0" ten="310,230,220,230" step="2"/><U66/><E65/><V53/><F90/><W17/><G54/><T55/><D55/><U10/><E66/><V87/><F27/><W16/><G131/><T34/><D34/><U73/><E116/><V48/><F119/><W76/><G129/><T62/><D62/><U7/><E60/><V85/><F53/><W33/><G33/><T95/><D95/><U86/><E94/><V91/><F91/><W56/><G104/><T41/><D41/><U46/><E117/><V124/><F107/><W83/><G43/><T135/><D135/><U63/><E63/><V88/><F88/><W49/><G110/><T77/><D77/><U108/><E108/><V132/><F132/><W51/><G76/><T111/><D111/><U42/><E42/><V102/><F40/><W25/><G25/><T14/><D14/><U101/><E134/><V133/><F133/><W120/><G12/><T64/><D64/><U125/><E46/><V78/><F78/><W118/><G118/><T93/><D93/><U79/><E44/><V128/><F128/><W1/><G120/><T2/><D2/><U70/><E45/><V18/><F123/><W105/><G1/><T71/><AGARI ba="1,1" hai="6,11,15,22,24,29,30,31,61,67,71,97,100,106" machi="71" ten="20,7800,0" yaku="1,1,0,1,7,1,52,1,53,0" doraHai="98" doraHaiUra="82" who="0" fromWho="0" sc="310,91,230,-27,220,-27,230,-27" /><INIT seed="0,2,0,3,0,56" ten="401,203,193,203" oya="0" hai0="109,35,75,31,17,92,133,21,125,70,42,45,6" hai1="81,63,78,43,73,10,111,120,134,61,7,123,8" hai2="77,82,46,94,129,124,27,127,105,19,71,20,80" hai3="102,32,68,67,39,107,54,4,23,2,122,34,83"/><T89/><D75/><U119/><E119/><V91/><F105/><W93/><G122/><T44/><D133/><U121/><E134/><V53/><F71/><W117/><G117/><T87/><D125/><N who="2" m="48202" /><F129/><W48/><G93/><T74/><D74/><U96/><E111/><V60/><F77/><W52/><G39/><T79/><D79/><U9/><E43/><V47/><F47/><W37/><G37/><T26/><D109/><U16/><E7/><V36/><F36/><W62/><G54/><T116/><D116/><U100/><REACH who="1" step="1"/><E16/><REACH who="1" ten="401,193,193,203" step="2"/><V38/><F38/><W66/><G4/><T99/><D6/><U33/><E33/><V106/><F106/><AGARI ba="2,1" hai="8,9,10,61,63,73,78,81,96,100,106,120,121,123" machi="106" ten="50,8000,1" yaku="1,1,52,2,53,1" doraHai="56" doraHaiUra="101" who="1" fromWho="2" sc="401,0,193,96,193,-86,203,0" /><INIT seed="1,0,0,4,3,70" ten="401,289,107,203" oya="1" hai0="22,6,20,34,60,89,37,39,65,86,40,81,14" hai1="122,92,4,71,100,109,50,134,53,62,125,72,23" hai2="105,123,11,91,94,68,2,135,83,112,49,77,24" hai3="46,84,9,57,19,73,52,29,116,59,124,127,28"/><U12/><E122/><V75/><F123/><W118/><G73/><T121/><D34/><U64/><E125/><N who="3" m="48202" /><G84/><T55/><D121/><U106/><E134/><V8/><F135/><W31/><G9/><T78/><D55/><U32/><E32/><V1/><F68/><W30/><G19/><T58/><D40/><U56/><E72/><V97/><F112/><W5/><G5/><T79/><D22/><U99/><E109/><V107/><F24/><W74/><G74/><T80/><D78/><U120/><E120/><V33/><F33/><W132/><G132/><T61/><D61/><U10/><REACH who="1" step="1"/><E23/><REACH who="1" ten="401,279,107,203" step="2"/><V101/><F8/><W111/><G111/><T36/><D20/><U15/><E15/><V102/><F11/><W85/><G118/><T115/><D115/><U21/><E21/><V95/><F2/><W119/><G116/><T104/><D14/><U82/><E82/><V126/><F1/><W35/><G119/><T13/><D13/><U108/><E108/><V41/><F126/><W117/><G117/><T110/><D110/><U67/><E67/><V133/><F133/><W128/><G35/><T130/><D81/><U38/><E38/><V129/><F75/><W25/><G25/><T114/><D36/><U47/><E47/><V131/><F83/><W17/><G46/><T3/><D37/><U90/><E90/><V45/><F91/><W88/><G31/><T66/><D39/><U7/><E7/><V63/><F77/><W98/><G30/><T27/><D79/><U93/><AGARI ba="0,1" hai="4,10,12,50,53,56,62,64,71,92,93,99,100,106" machi="93" ten="30,6000,0" yaku="1,1,0,1,53,1" doraHai="70" doraHaiUra="0" who="1" fromWho="1" sc="401,-20,279,70,107,-20,203,-20" /><INIT seed="1,1,0,3,4,31" ten="381,349,87,183" oya="1" hai0="5,42,79,98,71,68,92,55,74,118,1,41,107" hai1="46,47,132,100,127,122,62,88,28,130,44,82,65" hai2="29,43,81,15,32,19,49,59,104,64,39,17,124" hai3="125,93,70,97,4,110,72,3,50,116,113,30,84"/><U83/><E122/><V13/><F104/><W111/><G72/><T109/><D118/><U11/><E127/><V69/><F124/><W77/><G70/><T25/><D107/><U96/><E132/><V8/><F69/><W67/><G67/><T36/><D41/><U52/><E130/><V123/><F39/><W73/><G73/><T85/><D85/><U133/><E133/><V37/><F37/><W22/><G113/><T78/><D55/><U76/><E28/><V101/><F101/><W10/><G125/><T126/><D79/><U117/><E117/><V63/><F123/><W115/><G115/><T24/><D24/><U95/><E11/><V58/><F81/><N who="3" m="47151" /><G50/><T89/><D25/><U86/><E52/><V121/><F121/><W53/><G53/><T23/><D23/><U114/><E114/><V87/><F87/><W103/><G22/><T20/><D20/><U45/><N who="1" m="11264" /><DORA hai="112" /><U75/><REACH who="1" step="1"/><E65/><REACH who="1" ten="381,339,87,183" step="2"/><V135/><F135/><W0/><G30/><T18/><D126/><U51/><E51/><V106/><F43/><W33/><G116/><T9/><D9/><U105/><E105/><V131/><F106/><W99/><G10/><T91/><D42/><U54/><E54/><N who="2" m="32079" /><F131/><W27/><G111/><T108/><D108/><U48/><E48/><V61/><F29/><W12/><G110/><T120/><D109/><U90/><E90/><V16/><F8/><W35/><G0/><T40/><D1/><U14/><E14/><N who="2" m="5131" /><F61/><AGARI ba="1,1" hai="61,62,75,76,82,83,86,88,95,96,100" m="11264" machi="61" ten="50,4800,0" yaku="1,1,54,1,53,0" doraHai="31,112" doraHaiUra="2,66" who="1" fromWho="2" sc="381,0,339,61,87,-51,183,0" /><INIT seed="1,2,0,3,4,110" ten="381,400,36,183" oya="1" hai0="115,37,102,15,12,75,94,128,7,108,27,23,61" hai1="38,24,66,47,101,91,34,104,86,67,97,48,126" hai2="60,83,79,113,18,131,64,17,5,2,93,76,46" hai3="45,21,57,87,132,124,33,0,103,14,53,121,69"/><U135/><E126/><V36/><F131/><W41/><G33/><T105/><D108/><U80/><E135/><V92/><F79/><W4/><G0/><T3/><D128/><U13/><E38/><V29/><F29/><W90/><G103/><T51/><D105/><U71/><E71/><V130/><F130/><W106/><G106/><T82/><D37/><U20/><E13/><V52/><F113/><W50/><G124/><T25/><D25/><U9/><E9/><V56/><F92/><W30/><G69/><T72/><D72/><U114/><E114/><V107/><F107/><W10/><G132/><T111/><D61/><U6/><E6/><V109/><F109/><W134/><G134/><T22/><D22/><U65/><E34/><V119/><F119/><W77/><G121/><T43/><D115/><U117/><E117/><V127/><F127/><W63/><G77/><T26/><D26/><U19/><REACH who="1" step="1"/><E67/><REACH who="1" ten="381,390,36,183" step="2"/><V39/><F39/><W54/><G21/><T133/><D12/><U88/><E88/><V35/><F35/><W70/><G70/><T8/><D15/><U44/><E44/><V85/><F5/><W58/><G14/><T49/><D133/><U74/><E74/><V96/><F2/><W100/><G10/><T89/><D111/><U11/><E11/><V129/><F129/><W112/><G4/><T62/><D75/><U16/><E16/><V31/><F31/><W118/><G112/><T99/><D3/><U81/><E81/><V40/><F64/><W125/><G125/><T73/><D7/><U42/><AGARI ba="2,1" hai="19,20,24,42,47,48,65,66,80,86,91,97,101,104" machi="42" ten="20,3900,0" yaku="1,1,0,1,7,1,53,0" doraHai="110" doraHaiUra="68" who="1" fromWho="1" sc="381,-15,390,55,36,-15,183,-15" /><INIT seed="1,3,0,4,1,66" ten="366,445,21,168" oya="1" hai0="121,97,75,125,100,16,133,0,120,60,83,86,94" hai1="55,82,20,78,114,23,80,124,104,106,49,108,47" hai2="115,43,76,5,118,22,8,39,81,14,51,30,123" hai3="48,99,3,29,41,111,61,73,9,4,95,72,130"/><U27/><E114/><V117/><F123/><N who="0" m="47178" /><D0/><U116/><E116/><V128/><F115/><W67/><G111/><T135/><D16/><U103/><E108/><V2/><F128/><W50/><G130/><T110/><D110/><U54/><E124/><V101/><F101/><W74/><G29/><T34/><D60/><U122/><E122/><V56/><F56/><W102/><REACH who="3" step="1"/><G41/><REACH who="3" ten="366,445,21,158" step="2"/><T44/><D125/><U53/><E55/><V112/><F112/><W91/><G91/><N who="0" m="53623" /><D34/><U40/><E40/><V134/><F30/><W77/><G77/><N who="0" m="44479" /><D44/><U93/><E47/><V88/><F76/><W7/><G7/><T69/><D69/><AGARI ba="3,1" hai="3,4,9,48,50,61,67,69,72,73,74,95,99,102" machi="69" ten="40,2600,0" yaku="1,1,52,1,53,0" doraHai="66" doraHaiUra="127" who="3" fromWho="0" sc="366,-35,445,0,21,0,158,45" /><INIT seed="2,0,0,3,0,99" ten="331,445,21,203" oya="2" hai0="85,106,63,131,111,37,71,24,105,73,125,48,123" hai1="2,92,60,113,90,96,132,88,40,66,53,20,116" hai2="30,31,38,62,8,57,128,104,61,82,14,55,121" hai3="42,64,77,78,95,15,6,29,129,13,1,27,130"/><V80/><F121/><W70/><G1/><T81/><D123/><U17/><E116/><V86/><F128/><N who="3" m="49259" /><G42/><T110/><D37/><U21/><E113/><V119/><F119/><W54/><G54/><T117/><D117/><U23/><E132/><V0/><F0/><W72/><G95/><T115/><D115/><U18/><E2/><V7/><F38/><W56/><G70/><T103/><D73/><U12/><E40/><V34/><F104/><W47/><G47/><T97/><D106/><U84/><E53/><V135/><F135/><W5/><G56/><T101/><D101/><U102/><E18/><V127/><F127/><W134/><G64/><T41/><D125/><U3/><E3/><V79/><F34/><N who="3" m="20799" /><G72/><T133/><D133/><U19/><E19/><V74/><REACH who="2" step="1"/><F62/><REACH who="2" ten="331,445,11,203" step="2"/><W94/><G134/><T36/><D36/><U89/><E60/><V124/><F124/><W120/><G120/><T76/><D63/><U39/><E39/><V107/><F107/><W91/><G5/><T45/><D131/><U32/><E32/><V33/><F33/><W108/><G6/><T68/><D105/><U100/><E17/><V50/><F50/><W25/><G108/><T87/><D110/><U22/><E12/><V83/><F83/><W10/><G15/><T4/><D81/><U98/><E92/><V122/><F122/><W11/><G13/><T52/><D48/><U9/><E96/><V44/><F44/><W114/><G94/><T46/><D97/><U43/><E98/><V16/><F16/><W35/><G35/><T51/><D111/><U59/><E59/><RYUUKYOKU ba="0,1" sc="331,-10,445,-10,11,30,203,-10" hai2="7,8,14,30,31,55,57,61,74,79,80,82,86" /><INIT seed="2,1,1,0,0,108" ten="321,435,41,193" oya="2" hai0="91,22,32,129,30,19,76,109,123,57,9,28,55" hai1="78,102,63,131,125,104,16,15,110,73,41,70,40" hai2="86,101,127,29,114,60,72,95,26,121,46,18,119" hai3="67,51,69,117,82,81,48,58,12,97,23,54,61"/><V106/><F119/><W66/><G117/><T130/><D109/><U93/><E104/><V5/><F121/><W62/><G97/><T17/><D123/><U36/><E110/><V133/><F72/><W24/><G12/><N who="0" m="7311" /><D76/><U0/><E0/><V98/><F5/><W124/><G124/><T68/><D68/><U6/><E6/><V103/><F127/><W116/><G116/><T85/><D32/><U31/><E31/><V13/><F133/><W77/><G54/><T11/><D11/><U42/><E131/><N who="0" m="50185" /><D57/><U79/><E70/><V44/><F114/><W4/><G4/><T10/><D55/><U50/><E78/><V65/><F103/><W33/><G33/><T25/><D25/><U35/><E79/><V87/><F44/><W99/><G99/><T88/><D91/><U47/><E35/><V71/><F46/><W64/><G64/><T14/><D10/><U92/><E47/><V56/><F71/><W80/><G77/><T132/><D132/><U3/><E125/><V83/><F106/><W112/><REACH who="3" step="1"/><G112/><REACH who="3" ten="321,435,41,183" step="2"/><T2/><D2/><U75/><E3/><V94/><F98/><W38/><G38/><T96/><D96/><U45/><E36/><V115/><F115/><W7/><G7/><T135/><D135/><U21/><E73/><V134/><F134/><W20/><G20/><T8/><D22/><U89/><E75/><V120/><F120/><W37/><G37/><T49/><D49/><U1/><E1/><V122/><F122/><W105/><G105/><T53/><D53/><U74/><E74/><V118/><F118/><W59/><G59/><RYUUKYOKU ba="1,2" sc="321,15,435,-15,41,-15,183,15" hai0="8,14,19,28,30,85,88" hai3="23,24,48,51,58,61,62,66,67,69,80,81,82" /><INIT seed="3,2,2,3,2,76" ten="336,420,26,198" oya="3" hai0="103,63,20,108,49,26,64,57,118,98,47,24,69" hai1="101,132,68,75,0,124,107,105,126,130,40,123,110" hai2="90,36,38,1,42,82,109,128,18,58,94,21,14" hai3="67,88,31,7,122,29,6,32,62,16,102,37,71"/><W50/><G37/><T73/><D108/><U45/><RYUUKYOKU type="yao9" ba="2,2" sc="336,0,420,0,26,0,198,0" hai1="0,40,45,68,75,101,105,107,110,123,124,126,130,132" /><INIT seed="3,3,2,4,5,11" ten="336,420,26,198" oya="3" hai0="23,13,19,77,60,9,80,94,76,115,108,116,41" hai1="10,99,62,121,113,45,67,58,32,53,26,135,83" hai2="92,27,86,47,106,28,119,29,59,63,90,6,124" hai3="102,38,44,134,122,12,100,8,81,42,43,34,4"/><W128/><G122/><T127/><D108/><U126/><E113/><V0/><F119/><W61/><G34/><T71/><D115/><U85/><E121/><V118/><F118/><W84/><G128/><T91/><D116/><U16/><E126/><V46/><F124/><W54/><G134/><T50/><D127/><U70/><E135/><V93/><F106/><W14/><G14/><N who="0" m="9719" /><D71/><U107/><E45/><V56/><F29/><W5/><G5/><N who="0" m="3247" /><D80/><U21/><E32/><V52/><F0/><W109/><G109/><T22/><D60/><U31/><E107/><V36/><F6/><W129/><G129/><T132/><D132/><U125/><E99/><V88/><F36/><W114/><G114/><T7/><D7/><U75/><E75/><V110/><F110/><W40/><G38/><T74/><D74/><U72/><E72/><V73/><F73/><W30/><G30/><T64/><D64/><U117/><E117/><V57/><F28/><W25/><G25/><T105/><D105/><U33/><E125/><V111/><F27/><W35/><G35/><T49/><D22/><U79/><E10/><V123/><F123/><W39/><G39/><T2/><D2/><U95/><E95/><V97/><REACH who="2" step="1"/><F111/><REACH who="2" ten="336,420,16,198" step="2"/><W98/><G4/><T103/><D103/><U17/><E33/><V3/><F3/><W68/><G102/><T131/><D131/><U120/><E120/><V112/><F112/><W87/><G100/><T55/><D41/><U133/><E133/><V37/><F37/><W89/><G40/><T65/><D55/><U48/><AGARI ba="3,3" hai="16,17,21,26,31,48,53,58,62,67,70,79,83,85" machi="48" ten="20,2700,0" yaku="0,1,7,1,54,1" doraHai="11" who="1" fromWho="1" sc="336,-10,420,66,16,-10,198,-16" /><INIT seed="4,0,0,5,5,25" ten="326,486,6,182" oya="0" hai0="58,114,117,17,65,129,95,80,93,51,38,42,131" hai1="68,20,83,96,66,134,30,77,107,130,59,106,24" hai2="88,33,100,48,121,40,28,124,110,27,67,29,4" hai3="32,115,103,116,119,87,101,54,86,132,90,102,84"/><T76/><D117/><N who="3" m="45129" /><G32/><T135/><D135/><U122/><E122/><V99/><F121/><W111/><G54/><N who="0" m="32095" /><D114/><U94/><E68/><V23/><F110/><W60/><G60/><T15/><D65/><U43/><E43/><V109/><F109/><W35/><G35/><T78/><D78/><U49/><E130/><N who="0" m="49673" /><D42/><U5/><E66/><V47/><F4/><W46/><G46/><T69/><D38/><U112/><E77/><V97/><F124/><W10/><G10/><N who="0" m="6391" /><D69/><U55/><E134/><V120/><F120/><W50/><G50/><T133/><D133/><U91/><E49/><V92/><F67/><W44/><G44/><T34/><D34/><U127/><E112/><V26/><F100/><N who="3" m="38507" /><G132/><T18/><D18/><U52/><E55/><V70/><F70/><W63/><G111/><T19/><D19/><U85/><E52/><V37/><F37/><W98/><G63/><T118/><D118/><U12/><E59/><V1/><F1/><W73/><G73/><AGARI ba="0,0" hai="73,76,80,93,95" m="6391,49673,32095" machi="73" ten="30,1500,0" yaku="19,1" doraHai="25" who="0" fromWho="3" sc="326,15,486,0,6,0,182,-15" /><INIT seed="4,1,0,3,2,115" ten="341,486,6,167" oya="0" hai0="56,96,33,65,55,49,52,12,85,29,134,59,105" hai1="97,78,13,36,91,28,75,101,0,21,74,43,38" hai2="18,62,61,10,94,89,117,90,82,132,135,107,4" hai3="8,113,22,129,14,2,58,120,57,123,53,1,20"/><T119/><D134/><N who="2" m="51242" /><F107/><W99/><G113/><T51/><D119/><U102/><E0/><N who="3" m="106" /><G129/><T88/><D65/><U27/><E91/><V45/><F117/><W100/><G57/><T71/><D71/><U17/><E101/><V23/><F45/><W40/><G40/><T103/><D12/><U67/><E67/><V15/><F82/><W39/><G39/><T6/><D6/><U64/><E64/><V37/><F37/><W93/><G14/><T127/><D127/><U54/><E54/><V95/><F90/><W86/><G86/><T79/><D29/><U126/><E126/><V116/><F116/><W69/><G8/><T77/><D33/><U5/><E5/><V46/><F46/><W30/><G30/><T34/><D34/><U16/><E17/><V66/><F89/><W111/><G69/><T92/><AGARI ba="1,0" hai="49,51,52,55,56,59,77,79,85,88,92,96,103,105" machi="92" ten="20,12000,1" yaku="0,1,7,1,9,1,54,2" doraHai="115" who="0" fromWho="0" sc="341,123,486,-41,6,-41,167,-41" owari="464,56.0,445,25.0,-35,-54.0,126,-27.0" /></mjloggm>