<mjloggm ver="2.3"><GO type="169" lobby="0"/><UN n0="%E9%81%8A%E8%B5%B0" n1="%EF%BC%A9%EF%BC%A3%EF%BC%A8%EF%BC%A9" n2="%E5%9C%92%E7%94%B0%E8%B3%A2" n3="%E3%81%8B%E3%81%93%E3%81%A8%E3%82%93" dan="16,17,16,17" rate="2126.60,2215.73,2078.56,2115.33" sx="F,M,M,M"/><TAIKYOKU oya="0"/><INIT seed="0,0,0,5,2,79" ten="250,250,250,250" oya="0" hai0="120,34,25,61,10,96,88,22,53,80,135,20,76" hai1="124,91,104,35,32,9,95,49,28,50,75,1,92" hai2="97,78,7,29,16,111,102,77,118,81,63,67,89" hai3="82,127,40,113,134,62,68,110,90,73,21,128,55"/><T85/><D135/><U131/><E104/><V84/><F118/><W36/><G90/><T6/><D120/><U3/><E75/><V54/><F111/><W103/><G21/><T44/><D34/><U14/><E124/><V46/><F29/><W116/><G103/><T119/><D119/><U39/><E39/><V42/><F7/><W99/><G99/><T117/><D117/><U94/><E131/><V106/><F54/><W71/><G55/><T101/><D76/><U13/><E91/><V65/><F16/><W108/><G62/><T66/><D53/><U47/><E28/><V41/><F41/><W93/><G40/><T74/><D74/><U72/><E72/><V37/><REACH who="2" step="1"/><F67/><REACH who="2" ten="250,250,240,250" step="2"/><W98/><G110/><T30/><D44/><U26/><E47/><V8/><F8/><W11/><G116/><T105/><D22/><U121/><E35/><V115/><F115/><W2/><G11/><T129/><D129/><U83/><E9/><V24/><F24/><W132/><G128/><T31/><D31/><U59/><E26/><V23/><F23/><W107/><G113/><T70/><D10/><U38/><E32/><V19/><F19/><W130/><G108/><T125/><REACH who="0" step="1"/><D6/><REACH who="0" ten="240,250,240,250" step="2"/><U126/><E121/><V52/><F52/><W15/><G130/><T69/><D69/><AGARI ba="0,2" hai="37,42,46,63,65,69,77,78,81,84,89,97,102,106" machi="69" ten="30,7700,0" yaku="1,1,7,1,52,1,53,1" doraHai="79" doraHaiUra="58" who="2" fromWho="0" sc="240,-77,250,0,240,97,250,0" /><INIT seed="1,0,0,1,5,70" ten="163,250,337,250" oya="1" hai0="29,96,18,31,0,11,109,17,69,124,72,111,127" hai1="85,6,77,74,10,102,37,131,4,98,38,120,30" hai2="92,81,7,105,15,100,71,63,126,91,57,87,1" hai3="93,47,99,19,43,65,33,59,115,130,106,25,128"/><U35/><E120/><V68/><F1/><W133/><G106/><T16/><D72/><U86/><E6/><V22/><F105/><W44/><G115/><T121/><D69/><U107/><E131/><V54/><F126/><N who="0" m="48170" /><D96/><U23/><E23/><V95/><F71/><W40/><G133/><T39/><D121/><U8/><E8/><N who="2" m="4511" /><F68/><W12/><G33/><T114/><D39/><U90/><E86/><V58/><F100/><W51/><G25/><T134/><D134/><U101/><E101/><V45/><F45/><W116/><G116/><T20/><D114/><U117/><E117/><V76/><F91/><W28/><G128/><T2/><D20/><U113/><E113/><V21/><F58/><W41/><G59/><T82/><D82/><N who="1" m="45367" /><E35/><V75/><F75/><W73/><G73/><T36/><D36/><U118/><E30/><N who="0" m="11273" /><D11/><U27/><E27/><V132/><F132/><W94/><G28/><T84/><D84/><U49/><E118/><V83/><F83/><W13/><G130/><T119/><D119/><U9/><E9/><V104/><F104/><W34/><G34/><T3/><AGARI ba="0,0" hai="0,2,3,16,17,18,109,111" m="11273,48170" machi="3" ten="50,12000,2" yaku="28,2,18,1,34,2,54,1" doraHai="70" who="0" fromWho="0" sc="163,120,250,-60,337,-30,250,-30" /><INIT seed="2,0,0,1,5,101" ten="283,190,307,220" oya="2" hai0="108,69,80,105,19,0,124,23,115,127,26,54,34" hai1="100,25,99,41,74,17,6,85,33,37,31,120,81" hai2="76,50,119,132,45,63,42,53,1,4,77,68,87" hai3="14,24,86,12,62,36,64,58,71,110,67,49,5"/><V61/><F119/><W15/><G110/><T46/><D115/><U135/><E135/><V38/><F132/><W18/><G36/><T117/><D117/><U48/><E120/><V128/><F128/><W103/><G5/><T126/><D108/><U118/><E118/><V65/><F63/><W123/><G123/><T107/><D0/><U92/><E37/><V134/><F134/><W70/><G103/><T83/><D69/><U89/><E6/><V114/><F114/><W52/><G67/><T7/><D7/><U3/><E3/><V112/><F112/><W29/><G86/><T125/><D34/><U116/><E116/><V9/><REACH who="2" step="1"/><F87/><REACH who="2" ten="283,190,297,220" step="2"/><W10/><REACH who="3" step="1"/><G70/><REACH who="3" ten="283,190,297,210" step="2"/><T79/><D127/><U113/><E113/><V78/><F78/><W56/><G56/><AGARI ba="0,2" hai="1,4,9,38,42,45,50,53,56,61,65,68,76,77" machi="56" ten="30,11600,0" yaku="1,1,7,1,24,2,53,0" doraHai="101" doraHaiUra="104" who="2" fromWho="3" sc="283,0,190,0,297,136,210,-116" /><INIT seed="2,1,0,4,0,48" ten="283,190,433,94" oya="2" hai0="64,61,119,0,135,91,57,131,86,33,58,126,45" hai1="50,63,118,105,22,81,55,97,80,31,122,113,99" hai2="27,49,34,93,16,116,26,29,84,77,117,120,32" hai3="30,115,127,56,28,9,3,108,8,10,94,14,25"/><V62/><F120/><W110/><G94/><T121/><D121/><U87/><E118/><V82/><F93/><W7/><G56/><T39/><D131/><U68/><E113/><V78/><F77/><W15/><G127/><T133/><D126/><U41/><E122/><V5/><F5/><N who="3" m="3343" /><G115/><T70/><D33/><U76/><E105/><V88/><F78/><W128/><G128/><T112/><D0/><U44/><E81/><V43/><F62/><W54/><G54/><T124/><D124/><U21/><E68/><V125/><F125/><W114/><G114/><T104/><D104/><U103/><E31/><N who="3" m="11818" /><G25/><T74/><D74/><U83/><E83/><V51/><F34/><W132/><G132/><N who="0" m="50763" /><D119/><U75/><E75/><V69/><F69/><W36/><G36/><T102/><D112/><U85/><E85/><V1/><F117/><W92/><G92/><N who="0" m="54391" /><D102/><U130/><E130/><V67/><F116/><W106/><G106/><T66/><D66/><U20/><E103/><V19/><F67/><W79/><G79/><T11/><D39/><U4/><E99/><V65/><F65/><W111/><G10/><T24/><D11/><U46/><E97/><V38/><F27/><W101/><G101/><T90/><D24/><U18/><E76/><V17/><F38/><W123/><G123/><T2/><D90/><U129/><E129/><V72/><F72/><W42/><G42/><T23/><D70/><U59/><E80/><V134/><F134/><W12/><AGARI ba="1,0" hai="3,7,9,12,15,108,110,111" m="11818,3343" machi="12" ten="40,5200,0" yaku="14,1,34,2" doraHai="48" who="3" fromWho="3" sc="283,-14,190,-14,433,-27,94,55" /><INIT seed="3,0,0,2,5,26" ten="269,176,406,149" oya="3" hai0="50,37,61,99,56,53,45,33,124,105,73,87,101" hai1="120,131,107,54,59,69,51,86,134,22,21,18,48" hai2="94,46,80,121,30,9,85,84,114,115,3,11,0" hai3="17,95,36,126,81,43,24,58,76,82,19,4,100"/><W98/><G126/><T74/><D124/><U7/><E120/><V77/><F121/><W68/><G68/><T125/><D125/><U14/><E107/><V129/><F129/><W64/><G4/><T75/><D33/><U90/><E134/><V96/><F46/><W23/><G36/><T38/><REACH who="0" step="1"/><D87/><REACH who="0" ten="259,176,406,149" step="2"/><U31/><E86/><V28/><F85/><W60/><G43/><AGARI ba="0,1" hai="37,38,43,45,50,53,56,61,73,74,75,99,101,105" machi="43" ten="40,8000,1" yaku="1,1,2,1,53,2" doraHai="26" doraHaiUra="70" who="0" fromWho="3" sc="259,90,176,0,406,0,149,-80" /><INIT seed="4,0,0,0,0,72" ten="349,176,406,69" oya="0" hai0="43,111,33,46,113,129,78,16,124,110,66,13,14" hai1="89,42,45,69,73,8,85,114,102,122,9,96,17" hai2="10,61,11,47,106,95,93,22,26,133,5,0,1" hai3="101,36,38,79,44,25,68,51,34,2,132,56,94"/><T115/><D66/><U83/><E122/><V55/><F106/><W49/><G132/><T98/><D98/><U108/><E108/><N who="0" m="41513" /><D129/><U104/><E114/><N who="0" m="43529" /><D33/><U99/><E69/><V125/><F133/><W39/><G68/><T50/><D124/><U18/><E73/><V134/><F134/><W84/><G2/><T54/><D54/><U48/><E99/><V109/><F109/><W52/><G101/><T23/><D78/><U35/><E35/><V74/><F125/><W116/><G116/><T87/><D87/><U20/><E96/><V57/><F74/><W3/><G3/><T70/><D70/><U127/><E102/><V40/><F11/><W31/><G94/><T63/><D63/><U90/><E9/><V130/><F0/><W100/><G100/><T64/><D64/><U7/><E8/><V41/><F130/><W131/><G131/><T28/><D28/><U71/><E71/><V92/><REACH who="2" step="1"/><F47/><REACH who="2" ten="349,176,396,69" step="2"/><W32/><G44/><T4/><D4/><U60/><E7/><V27/><F27/><AGARI ba="0,1" hai="13,14,16,23,27,43,46,50" m="43529,41513" machi="27" ten="30,5800,0" yaku="10,1,15,1,54,1" doraHai="72" who="0" fromWho="2" sc="349,68,176,0,396,-58,69,0" /><INIT seed="4,1,0,4,2,53" ten="417,176,338,69" oya="0" hai0="18,16,31,100,51,110,10,124,118,58,76,59,49" hai1="112,61,9,72,135,12,88,32,95,55,90,25,133" hai2="17,120,37,57,2,13,107,130,40,56,87,119,8" hai3="35,33,81,38,36,70,60,104,67,50,92,46,24"/><T108/><D118/><U113/><E72/><V29/><F120/><W14/><G104/><T75/><D124/><U91/><E95/><V5/><F107/><W26/><G92/><T86/><D75/><U80/><E80/><V44/><F119/><W68/><G68/><T30/><D100/><U96/><E96/><V122/><F122/><W101/><G101/><T99/><D99/><U7/><E32/><V121/><F121/><W111/><G111/><T27/><D86/><U1/><E25/><V114/><F114/><N who="1" m="44137" /><E55/><V54/><F130/><W73/><G81/><T48/><D76/><U63/><E1/><V109/><F109/><N who="0" m="42090" /><D31/><U52/><E52/><V3/><F3/><W21/><G73/><T127/><D127/><U62/><AGARI ba="1,0" hai="7,9,12,61,62,63,88,90,91,133,135" m="44137" machi="62" ten="40,5200,0" yaku="15,1,11,1,54,1" doraHai="53" who="1" fromWho="1" sc="417,-27,176,55,338,-14,69,-14" /><INIT seed="5,0,0,1,0,33" ten="390,231,324,55" oya="1" hai0="46,100,103,62,114,14,35,31,54,9,107,53,110" hai1="85,55,121,74,61,60,130,37,111,109,128,42,119" hai2="12,124,82,57,43,4,105,25,125,32,123,11,70" hai3="73,131,6,47,116,79,76,51,10,13,19,65,95"/><U94/><E74/><V69/><F123/><W29/><G116/><T108/><D114/><U89/><E119/><V120/><F120/><W39/><G131/><N who="1" m="50218" /><E121/><V63/><F105/><W115/><G115/><T129/><D129/><U93/><E55/><V66/><F43/><W81/><G39/><T106/><D31/><U134/><E94/><V27/><F82/><W91/><G65/><T77/><D35/><U21/><E21/><V15/><F15/><W26/><G79/><T117/><D117/><U78/><E78/><V87/><F87/><W30/><G26/><N who="2" m="9737" /><F32/><W2/><G95/><T5/><D77/><U1/><E134/><V22/><F22/><W102/><G91/><T17/><D107/><U58/><E1/><V7/><F7/><W133/><G102/><T86/><D106/><U8/><E8/><V36/><F36/><W98/><G133/><T59/><D103/><U0/><E0/><V16/><F4/><W64/><G98/><T20/><D100/><U49/><E37/><V122/><F122/><W99/><G99/><T3/><D86/><U96/><E85/><V67/><F67/><W126/><G64/><T132/><D132/><U23/><E23/><V71/><F71/><W88/><G73/><T52/><D53/><N who="1" m="32047" /><E42/><V75/><F75/><W112/><G76/><T38/><REACH who="0" step="1"/><D54/><REACH who="0" ten="380,231,324,55" step="2"/><U118/><E118/><V84/><F84/><N who="3" m="50191" /><G112/><T127/><D127/><N who="2" m="48714" /><F70/><W41/><G126/><T72/><D72/><U90/><E90/><V135/><F69/><W45/><G30/><T101/><D101/><U68/><E68/><V97/><F135/><W80/><G29/><RYUUKYOKU ba="0,1" sc="380,10,231,10,324,10,55,-30" hai0="3,5,9,14,17,20,38,46,52,59,62,108,110" hai1="60,61,89,93,96,109,111" hai2="11,12,16,57,63,66,97" /><INIT seed="5,1,1,1,0,92" ten="390,241,334,25" oya="1" hai0="24,4,133,15,94,43,70,59,60,20,38,102,80" hai1="131,74,79,103,88,69,118,87,124,67,16,55,99" hai2="71,52,76,34,56,58,31,97,84,82,2,50,5" hai3="41,29,8,78,57,21,81,95,10,135,126,73,125"/><U62/><E118/><V85/><F71/><W106/><G106/><T129/><D70/><U89/><E74/><V6/><F2/><W86/><G135/><T117/><D133/><U53/><E79/><V90/><F34/><W36/><G41/><T110/><D110/><U22/><E124/><V28/><F58/><W75/><G36/><T19/><D129/><U17/><E17/><V113/><F113/><W91/><G75/><T83/><D117/><U54/><E87/><V42/><F42/><W39/><G39/><T130/><D130/><U77/><E77/><V96/><F6/><W26/><REACH who="3" step="1"/><G57/><REACH who="3" ten="390,241,334,15" step="2"/><T100/><D43/><U44/><E131/><V45/><F56/><W66/><G66/><T116/><D38/><U13/><REACH who="1" step="1"/><E44/><REACH who="1" ten="390,231,334,15" step="2"/><V122/><F122/><W114/><G114/><T27/><D116/><U72/><E72/><V123/><F123/><W9/><AGARI ba="1,3" hai="8,9,10,21,26,29,73,78,81,86,91,95,125,126" machi="9" ten="30,7900,0" yaku="1,1,0,1,53,2" doraHai="92" doraHaiUra="132" who="3" fromWho="3" sc="390,-21,231,-40,334,-21,15,112" /><INIT seed="6,0,0,1,1,101" ten="369,191,313,127" oya="2" hai0="79,70,102,107,81,64,0,44,100,113,82,19,84" hai1="88,71,63,60,129,45,47,9,99,23,108,24,26" hai2="38,114,4,78,105,133,119,68,116,58,104,132,27" hai3="109,46,97,75,53,125,51,11,94,96,73,103,14"/><V131/><F68/><W65/><G125/><T61/><D113/><U122/><E108/><V37/><F114/><W48/><G109/><T77/><D107/><N who="2" m="41034" /><F131/><W49/><G65/><T36/><D0/><U72/><E72/><V17/><F58/><W110/><G110/><T130/><D130/><U28/><E122/><V93/><F93/><W134/><G134/><N who="2" m="51817" /><F4/><W25/><G75/><T118/><D118/><N who="2" m="45098" /><F78/><W1/><G94/><T5/><D5/><U89/><E71/><V10/><F10/><W13/><G11/><T123/><D123/><U20/><E9/><V74/><F74/><W31/><G73/><T95/><D95/><U35/><E129/><V85/><F85/><W7/><G96/><T43/><D79/><U21/><E99/><V41/><F41/><W126/><G97/><T33/><D84/><U67/><E89/><V56/><F56/><W115/><G115/><T55/><D77/><U34/><E88/><V92/><F92/><W124/><G7/><T106/><D106/><U117/><E117/><V91/><F91/><W6/><G6/><T87/><D87/><U12/><E67/><V83/><F83/><W39/><G126/><T80/><D100/><U8/><E8/><V29/><F17/><W57/><G57/><N who="0" m="35007" /><D19/><N who="1" m="10343" /><E60/><V52/><F52/><W128/><G53/><T32/><D102/><U22/><E63/><V121/><F121/><W15/><G128/><T3/><D3/><U86/><E86/><V59/><F59/><W112/><G112/><T90/><D90/><U127/><E127/><V30/><F30/><W62/><G103/><T50/><D70/><RYUUKYOKU ba="0,0" sc="369,-15,191,15,313,15,127,-15" hai1="21,22,23,24,26,28,34,35,45,47" hai2="27,29,37,38" /><INIT seed="6,1,0,5,1,103" ten="354,206,328,112" oya="2" hai0="135,4,47,84,115,120,14,23,130,79,124,39,43" hai1="10,58,75,64,22,82,8,67,16,94,35,31,57" hai2="119,40,121,28,53,19,42,29,108,60,118,71,61" hai3="46,105,63,11,134,95,54,114,132,36,51,32,92"/><V15/><F121/><W13/><G32/><T12/><D120/><U20/><E35/><V18/><F15/><W97/><G114/><T102/><D115/><U87/><E75/><V26/><F53/><W50/><G36/><T2/><D135/><U45/><E94/><V96/><F96/><W78/><G78/><T116/><D130/><U48/><E31/><V9/><F71/><W69/><G51/><T70/><D70/><U101/><E22/><V62/><F108/><W30/><G30/><T33/><D124/><U113/><E101/><V99/><F61/><W86/><G86/><T55/><D33/><U1/><E67/><V81/><F99/><W77/><G77/><T66/><D66/><U111/><E111/><V6/><F81/><W110/><G110/><T34/><D34/><U127/><E127/><V59/><F59/><N who="1" m="22537" /><E1/><V3/><F26/><W0/><G0/><T90/><D79/><N who="1" m="46559" /><E64/><V91/><F3/><W38/><G38/><T85/><D23/><U73/><E73/><V74/><F74/><W52/><G132/><T126/><D102/><U25/><E113/><V104/><F91/><W100/><G134/><T122/><D90/><U7/><E7/><V65/><F65/><N who="3" m="41151" /><G54/><AGARI ba="1,0" hai="8,10,16,20,25,45,48,54" m="46559,22537" machi="54" ten="30,2000,0" yaku="8,1,54,1" doraHai="103" who="1" fromWho="3" sc="354,0,206,23,328,0,112,-23" /><INIT seed="7,0,0,1,5,52" ten="354,229,328,89" oya="3" hai0="48,47,104,68,43,73,44,1,121,36,120,66,13" hai1="42,31,45,21,19,100,75,14,110,56,15,119,0" hai2="111,41,95,9,115,79,135,8,32,105,91,80,18" hai3="77,98,2,124,3,113,118,90,4,131,61,24,123"/><W125/><G123/><T12/><D73/><U26/><E110/><V89/><F111/><W94/><G118/><T99/><D1/><U5/><E75/><V65/><F105/><W108/><G108/><T27/><D27/><U133/><E119/><V85/><F32/><W34/><G131/><T82/><D82/><U127/><E133/><V62/><F135/><W109/><G109/><T35/><D35/><U122/><E127/><N who="3" m="48714" /><G113/><T132/><D132/><U126/><E126/><V49/><F115/><W22/><G34/><T129/><D129/><U20/><E122/><V29/><F29/><N who="3" m="17559" /><G4/><T83/><D12/><U59/><E100/><V134/><F134/><W114/><G114/><T39/><D13/><U70/><E70/><V88/><F95/><W23/><G77/><T33/><D33/><U92/><E92/><V96/><F96/><W117/><G117/><T86/><D99/><U60/><E60/><V116/><F116/><W78/><G78/><T84/><D104/><U130/><E0/><V71/><F18/><W101/><G23/><T50/><D83/><U55/><E130/><V97/><F97/><N who="3" m="57559" /><G61/><N who="0" m="40015" /><D84/><U53/><E14/><V25/><REACH who="2" step="1"/><F25/><REACH who="2" ten="354,229,318,89" step="2"/><W103/><G103/><T17/><D17/><U10/><E5/><V72/><F72/><W67/><G67/><T112/><D112/><U128/><E128/><V37/><F37/><N who="0" m="14410" /><D86/><U30/><E30/><V58/><F58/><N who="1" m="22057" /><E21/><V38/><F38/><W16/><G16/><T93/><D93/><AGARI ba="0,1" hai="2,3,93,98,101" m="57559,17559,48714" machi="93" ten="30,1500,0" yaku="18,1" doraHai="52" who="3" fromWho="0" sc="354,-15,229,0,318,0,89,25" /><INIT seed="7,1,0,2,4,84" ten="339,229,318,114" oya="3" hai0="43,132,52,12,112,100,21,48,119,131,73,109,1" hai1="88,87,128,108,96,29,41,74,92,120,25,124,37" hai2="51,93,2,127,135,46,65,58,77,49,54,129,3" hai3="125,23,98,130,68,44,16,50,85,72,134,6,10"/><W7/><G134/><T56/><D119/><U31/><E108/><V76/><F135/><W28/><G130/><T59/><D73/><U9/><E74/><V27/><F129/><W64/><G125/><T95/><D1/><U121/><E128/><V82/><F127/><W91/><G72/><T102/><D132/><U14/><E124/><V67/><F2/><W19/><G98/><T60/><D131/><U15/><E15/><V30/><F3/><W4/><G68/><T133/><D133/><U42/><E37/><V24/><F93/><W61/><G61/><T79/><D79/><N who="2" m="30282" /><F82/><N who="3" m="49591" /><G64/><N who="2" m="24649" /><F30/><N who="1" m="11273" /><E25/><V55/><AGARI ba="1,0" hai="24,27,46,49,51,54,55,58" m="24649,30282" machi="55" ten="30,1100,0" yaku="8,1" doraHai="84" who="2" fromWho="2" sc="339,-4,229,-4,318,14,114,-6" owari="335,43.0,225,-17.0,332,13.0,108,-39.0" /></mjloggm>