<mjloggm ver="2.3"><GO type="169" lobby="0"/><UN n0="%E3%81%97%E3%81%BE%E3%81%A0%E3%81%BE%32" n1="%69%74%61%2D%70" n2="%64%6F%6F%6F%6F%77%79%31" n3="%40%6B%6B%6B" dan="16,16,17,16" rate="2103.20,2175.34,2178.64,2143.30" sx="M,M,M,M"/><TAIKYOKU oya="0"/><INIT seed="0,0,0,5,5,58" ten="250,250,250,250" oya="0" hai0="133,25,18,67,21,35,0,33,22,118,46,130,74" hai1="20,92,105,38,106,40,121,113,127,131,83,12,3" hai2="98,122,94,120,66,41,31,108,76,14,97,42,123" hai3="30,7,61,13,125,102,59,64,89,53,87,117,101"/><T26/><D74/><U77/><E3/><V15/><F108/><W47/><G125/><T134/><D118/><U107/><E121/><V82/><F31/><W63/><G117/><T104/><D104/><U34/><E34/><V70/><F41/><W19/><G7/><T112/><D46/><U79/><E127/><V71/><F42/><W100/><G30/><T1/><D67/><U28/><E131/><V49/><F49/><W115/><G115/><T78/><D78/><U10/><E113/><V24/><F24/><W128/><G47/><T126/><D126/><U109/><E109/><V69/><F66/><W68/><G128/><T43/><D43/><U44/><E92/><V129/><F129/><W45/><G45/><T23/><D130/><U93/><E93/><V65/><F65/><W103/><G103/><T37/><D37/><U119/><E119/><V73/><REACH who="2" step="1"/><F98/><REACH who="2" ten="250,250,240,250" step="2"/><W2/><G2/><N who="0" m="1131" /><D112/><U17/><E28/><V51/><F51/><W9/><REACH who="3" step="1"/><G102/><AGARI ba="0,1" hai="14,15,69,70,71,73,76,82,94,97,102,120,122,123" machi="102" ten="50,3200,0" yaku="1,1,53,1" doraHai="58" doraHaiUra="95" who="2" fromWho="3" sc="250,0,250,0,240,42,250,-32" /><INIT seed="1,0,0,4,3,76" ten="250,250,282,218" oya="1" hai0="62,128,57,54,110,27,83,113,53,118,78,15,26" hai1="48,4,109,133,98,119,50,87,22,8,116,60,38" hai2="103,100,126,132,19,58,35,124,86,17,24,108,34" hai3="129,42,134,65,121,49,105,79,41,70,91,21,125"/><U12/><E38/><V55/><F108/><W6/><G105/><T9/><D110/><U61/><E133/><V112/><F132/><W74/><G91/><T59/><D113/><U102/><E109/><V123/><F112/><W3/><G21/><T95/><D128/><U127/><E127/><N who="2" m="48683" /><F123/><W88/><G121/><T77/><D95/><N who="1" m="58719" /><E119/><V28/><F35/><W30/><G134/><T33/><D118/><U63/><E116/><V72/><F72/><W81/><G30/><T130/><D130/><U99/><E99/><V5/><F5/><W23/><G129/><T71/><D71/><U135/><E135/><V131/><F131/><W80/><G125/><T85/><D77/><U10/><E10/><V31/><F31/><W84/><G23/><T94/><D94/><U56/><E22/><V73/><F73/><W107/><G107/><T13/><D13/><U52/><E87/><V66/><F66/><W0/><G49/><AGARI ba="0,0" hai="4,8,12,48,49,50,52,56,60,61,63" m="58719" machi="49" ten="30,2900,0" yaku="8,1,54,1" doraHai="76" who="1" fromWho="3" sc="250,0,250,29,282,0,218,-29" /><INIT seed="1,1,0,3,3,133" ten="250,279,282,189" oya="1" hai0="63,134,69,117,80,12,3,16,18,118,39,126,81" hai1="2,108,17,103,60,72,53,122,6,88,43,112,49" hai2="131,50,34,64,33,25,77,106,28,67,95,94,104" hai3="113,0,89,4,41,115,55,65,128,52,85,62,48"/><U105/><E112/><V121/><F77/><W90/><G128/><T59/><D3/><U102/><E122/><V75/><F75/><W76/><G76/><T14/><D134/><U35/><E72/><V13/><F13/><W82/><G41/><T8/><D69/><U21/><E35/><V40/><F40/><W51/><G4/><T91/><D39/><U87/><E43/><V96/><F50/><W84/><G0/><T22/><D126/><U79/><E60/><V11/><F11/><W24/><G24/><T116/><REACH who="0" step="1"/><D91/><REACH who="0" ten="240,279,282,189" step="2"/><U92/><E2/><V44/><F131/><W119/><G119/><T78/><D78/><U111/><E79/><V45/><F121/><W46/><G115/><T10/><D10/><U110/><E6/><V123/><F123/><W23/><G113/><T9/><D9/><U97/><E103/><V114/><F114/><W57/><G23/><T124/><D124/><U100/><E102/><V66/><F33/><W29/><G29/><T135/><D135/><U71/><E71/><V132/><F132/><W19/><G19/><T68/><D68/><U30/><E30/><V37/><F37/><W107/><G90/><T15/><D15/><U86/><E21/><V70/><F70/><W38/><G38/><T73/><D73/><U47/><E17/><V31/><F31/><W74/><G74/><T5/><D5/><U36/><E36/><V54/><F28/><W58/><G107/><T42/><D42/><U61/><E87/><AGARI ba="1,1" hai="46,48,51,52,55,57,58,62,65,82,84,85,87,89" machi="87" ten="40,2600,0" yaku="8,1,54,1" doraHai="133" who="3" fromWho="1" sc="240,0,279,-29,282,0,189,39" /><INIT seed="2,0,0,3,1,111" ten="240,250,282,228" oya="2" hai0="83,7,94,92,118,101,17,97,24,44,55,91,14" hai1="74,51,86,30,84,21,64,120,2,25,106,109,87" hai2="53,135,89,47,131,49,127,130,27,6,99,125,54" hai3="23,46,22,3,90,122,57,40,85,105,114,112,76"/><V116/><F116/><W119/><G105/><T52/><D118/><U42/><E109/><V82/><F6/><W9/><G119/><T110/><D110/><U71/><E120/><V13/><F13/><W48/><G122/><T10/><D83/><U12/><E2/><V103/><F27/><W100/><G100/><T98/><REACH who="0" step="1"/><D44/><REACH who="0" ten="230,250,282,228" step="2"/><U41/><E74/><V58/><F82/><W33/><G76/><T121/><D121/><U126/><E126/><N who="2" m="48139" /><F89/><W81/><G33/><T102/><D102/><U134/><E134/><V63/><F135/><W61/><G3/><T39/><D39/><U11/><E106/><AGARI ba="0,1" hai="47,49,53,54,58,63,99,103,106,130,131" m="48139" machi="106" ten="30,1500,0" yaku="18,1" doraHai="111" who="2" fromWho="1" sc="230,0,250,-15,282,25,228,0" /><INIT seed="2,1,0,2,4,65" ten="230,235,307,228" oya="2" hai0="79,123,99,84,122,124,60,101,67,89,46,2,80" hai1="100,29,69,45,71,24,32,76,131,4,113,61,50" hai2="133,127,81,68,91,128,126,93,63,34,19,125,119" hai3="73,95,56,44,1,30,21,74,16,17,104,78,72"/><V38/><F34/><W130/><G104/><T75/><D2/><U25/><E113/><V64/><F38/><W59/><G1/><T132/><D46/><U135/><E4/><V6/><F6/><W40/><G78/><T9/><D9/><U85/><E131/><V70/><F81/><W129/><G95/><N who="0" m="54695" /><D124/><U77/><E61/><V47/><F47/><W10/><G30/><T97/><D97/><U88/><E100/><V33/><F33/><W108/><G10/><T31/><D31/><U106/><E24/><V43/><F43/><W102/><G102/><T22/><D22/><U51/><E135/><V49/><F49/><W105/><G105/><N who="0" m="63679" /><D132/><U86/><E86/><N who="2" m="52471" /><F133/><W92/><G92/><T110/><D110/><U96/><E51/><V11/><F128/><N who="3" m="49259" /><G108/><T83/><D83/><U109/><E96/><V90/><F90/><W13/><G17/><T62/><D62/><U27/><E106/><V98/><F98/><W8/><G8/><T42/><D42/><U115/><E109/><V36/><F11/><W54/><G40/><T3/><D3/><U52/><E115/><V41/><F19/><W48/><AGARI ba="1,0" hai="13,16,21,44,48,54,56,59,72,73,74" m="49259" machi="48" ten="40,2700,0" yaku="19,1,54,1" doraHai="65" who="3" fromWho="3" sc="230,-8,235,-8,307,-14,228,30" /><INIT seed="3,0,0,2,2,3" ten="222,227,293,258" oya="3" hai0="43,12,64,81,44,22,74,100,46,96,40,56,119" hai1="117,128,31,67,90,109,61,92,101,86,8,26,134" hai2="17,63,77,135,114,84,60,57,93,121,107,45,38" hai3="102,133,123,94,32,120,7,20,115,68,33,0,125"/><W49/><G68/><T29/><D119/><U82/><E109/><V105/><F114/><W1/><G49/><T28/><D74/><U36/><E36/><V53/><F135/><W10/><G94/><T113/><D113/><U5/><E134/><V39/><F121/><W25/><G102/><T97/><D81/><U130/><E117/><V79/><F17/><W106/><G106/><T62/><D96/><U98/><E26/><V9/><F9/><N who="3" m="2287" /><G115/><T27/><D29/><U87/><E31/><V80/><F79/><W112/><G112/><T16/><D43/><U103/><E86/><V91/><F63/><W104/><G104/><T58/><D58/><U95/><E95/><V19/><F38/><W4/><G125/><T52/><D40/><U71/><REACH who="1" step="1"/><E103/><REACH who="1" ten="222,217,293,258" step="2"/><V76/><F39/><W75/><G133/><T24/><D24/><U73/><E73/><V72/><F105/><W66/><G75/><T51/><D100/><U89/><E89/><V37/><F107/><W126/><G126/><T69/><REACH who="0" step="1"/><D97/><REACH who="0" ten="212,217,293,258" step="2"/><U78/><E78/><V2/><F77/><W122/><G66/><T124/><D124/><U42/><E42/><V118/><F118/><W85/><G85/><T41/><D41/><U65/><E65/><V47/><F37/><W88/><G88/><T127/><D127/><U21/><E21/><AGARI ba="0,2" hai="12,16,21,22,27,28,44,46,51,52,56,62,64,69" machi="21" ten="30,7700,0" yaku="1,1,7,1,54,2,53,0" doraHai="3" doraHaiUra="111" who="0" fromWho="1" sc="212,97,217,-77,293,0,258,0" /><INIT seed="4,0,0,4,0,63" ten="309,140,293,258" oya="0" hai0="6,102,90,85,70,83,80,25,93,42,14,53,22" hai1="108,129,13,135,84,109,95,5,35,67,94,43,62" hai2="72,29,125,97,101,55,121,20,66,23,0,114,60" hai3="92,47,50,10,61,130,8,115,75,132,2,73,89"/><T56/><D70/><N who="1" m="42359" /><E35/><V116/><F125/><W77/><G115/><T123/><D123/><U105/><E105/><V65/><F114/><W58/><G130/><T103/><D42/><U57/><E129/><V120/><F0/><W79/><G132/><T133/><D133/><U122/><E122/><V30/><F72/><W1/><G75/><T31/><D6/><U7/><E135/><V104/><F116/><W87/><G2/><T99/><D14/><U33/><E33/><V11/><F11/><N who="3" m="4139" /><G73/><T82/><REACH who="0" step="1"/><D103/><REACH who="0" ten="299,140,293,258" step="2"/><U28/><E13/><V113/><F113/><W96/><G1/><T59/><D59/><U86/><E7/><V128/><F128/><W106/><G58/><T110/><D110/><U71/><E5/><V44/><F101/><W36/><G36/><T51/><AGARI ba="0,1" hai="22,25,31,51,53,56,80,82,83,85,90,93,99,102" machi="51" ten="20,12000,1" yaku="1,1,0,1,7,1,8,1,53,1" doraHai="63" doraHaiUra="16" who="0" fromWho="0" sc="299,130,140,-40,293,-40,258,-40" /><INIT seed="4,1,0,4,3,36" ten="429,100,253,218" oya="0" hai0="126,3,38,62,44,86,7,125,37,60,79,54,74" hai1="15,98,32,9,29,114,21,130,82,70,24,121,90" hai2="129,39,34,42,26,124,17,25,112,107,134,64,65" hai3="40,76,8,115,78,18,0,6,122,53,88,19,72"/><T1/><D86/><U108/><E121/><V50/><F107/><W57/><G115/><T97/><D97/><U91/><E114/><V30/><F112/><W120/><G40/><N who="0" m="22543" /><D38/><U58/><E70/><V35/><F129/><W43/><G43/><T104/><D104/><U133/><E108/><V89/><F124/><N who="0" m="47722" /><D54/><U132/><E130/><V2/><F39/><W41/><G41/><T100/><D100/><U28/><E32/><V113/><F113/><W23/><G19/><T48/><D48/><U131/><E131/><V105/><F105/><W4/><G4/><T99/><D99/><U16/><E98/><V117/><F17/><W116/><G72/><T96/><D96/><U45/><E82/><V20/><F89/><W111/><G78/><T87/><D87/><U135/><E90/><V5/><F5/><W80/><G76/><T49/><D49/><U67/><E91/><V71/><F50/><W110/><G80/><T13/><D13/><U118/><E29/><V102/><F102/><W83/><G83/><N who="0" m="45559" /><D3/><U84/><E84/><V106/><F2/><W103/><G103/><T27/><D27/><U95/><E95/><V94/><F26/><N who="3" m="14711" /><G88/><T63/><D1/><U47/><E118/><V123/><F106/><W73/><G116/><T109/><D7/><U77/><E77/><V85/><F85/><W69/><G73/><T55/><D55/><U81/><E81/><V33/><F94/><W46/><G69/><T31/><D31/><U56/><E56/><V61/><F71/><W92/><G57/><T127/><N who="0" m="47730" /><T10/><DORA hai="22" /><D109/><N who="3" m="41481" /><G92/><T119/><D119/><RYUUKYOKU ba="1,0" sc="429,10,100,10,253,-30,218,10" hai0="10,60,62,63" hai1="9,15,16,21,24,28,45,47,58,67,132,133,135" hai3="0,6,8,46,53,120,122" /><INIT seed="4,2,0,5,1,24" ten="439,110,223,228" oya="0" hai0="14,25,57,38,113,120,28,112,91,53,108,98,60" hai1="75,123,84,47,31,35,51,15,20,96,126,23,87" hai2="32,58,3,48,69,41,125,82,30,105,107,130,94" hai3="79,0,121,122,49,33,55,127,89,29,129,109,134"/><T50/><D38/><U44/><E123/><V16/><F69/><W77/><G0/><T78/><D120/><U45/><E75/><V73/><F3/><W131/><G109/><T111/><D78/><N who="3" m="29705" /><G89/><T19/><D60/><U72/><E126/><V70/><F58/><W64/><G64/><T43/><D43/><U9/><E72/><V114/><F41/><W46/><G127/><T42/><D98/><U88/><E35/><V4/><F4/><W104/><G104/><T74/><D91/><U26/><E20/><V17/><F48/><W100/><G100/><T2/><D74/><U90/><E51/><V27/><F70/><W65/><G65/><T39/><D2/><U86/><REACH who="1" step="1"/><E96/><REACH who="1" ten="439,100,223,228" step="2"/><V36/><F32/><W124/><G124/><T68/><D108/><U7/><AGARI ba="2,1" hai="7,9,15,23,26,31,44,45,47,84,86,87,88,90" machi="7" ten="30,12000,2" yaku="1,1,2,1,0,1,8,1,52,1,54,1,53,0" doraHai="24" doraHaiUra="93" who="1" fromWho="1" sc="439,-62,100,136,223,-32,228,-32" /><INIT seed="5,0,0,1,5,10" ten="377,236,191,196" oya="1" hai0="64,107,17,23,108,132,81,99,12,109,126,57,56" hai1="24,28,9,19,43,133,14,121,6,41,53,95,25" hai2="22,13,112,110,135,21,60,52,125,46,11,48,69" hai3="91,59,83,129,116,71,70,90,65,68,85,7,33"/><U37/><E121/><V73/><F110/><W97/><G33/><T103/><D126/><U44/><E133/><V62/><F125/><W118/><G7/><T63/><D132/><U117/><E117/><N who="3" m="45162" /><G129/><T75/><D75/><U105/><E105/><V102/><F135/><W82/><G97/><T101/><D101/><U66/><E66/><V74/><F102/><W104/><G104/><T47/><D47/><U124/><E124/><V36/><F112/><W51/><G51/><T31/><D81/><N who="3" m="30729" /><G85/><T15/><D31/><U18/><E95/><V61/><F69/><W114/><G114/><T134/><D56/><U30/><E53/><V76/><F36/><W106/><G106/><T45/><D45/><U0/><E44/><V67/><F67/><W100/><G100/><T88/><D134/><U58/><E37/><V26/><F21/><W20/><G20/><T3/><D3/><U4/><E58/><V5/><REACH who="2" step="1"/><F76/><REACH who="2" ten="377,236,181,196" step="2"/><W50/><G65/><T49/><D103/><U40/><E30/><AGARI ba="0,1" hai="5,11,13,22,26,30,46,48,52,60,61,62,73,74" machi="30" ten="40,8000,1" yaku="1,1,2,1,52,1,54,1,53,0" doraHai="10" doraHaiUra="130" who="2" fromWho="1" sc="377,0,236,-80,181,90,196,0" /><INIT seed="6,0,0,3,0,97" ten="377,156,271,196" oya="2" hai0="126,74,48,78,133,103,107,46,39,99,51,45,76" hai1="123,65,112,47,120,28,129,111,35,118,59,131,70" hai2="106,17,19,14,5,104,32,58,40,87,81,26,30" hai3="31,127,85,3,22,0,73,115,64,91,105,121,38"/><V34/><F34/><W93/><G38/><T80/><D126/><U89/><E111/><V55/><F40/><W135/><G64/><T36/><D133/><U66/><E118/><V44/><F44/><W95/><G105/><T8/><D78/><U72/><E72/><V82/><F5/><W50/><G73/><T71/><D71/><U98/><E112/><V49/><F17/><W56/><G121/><N who="1" m="46666" /><E47/><V12/><F14/><W4/><G115/><T68/><D68/><U122/><N who="1" m="46674" /><U24/><DORA hai="132" /><E70/><V37/><F37/><W27/><G135/><T62/><D62/><N who="1" m="38111" /><E66/><V125/><F125/><W108/><G108/><T42/><D8/><U2/><E2/><V92/><F82/><W1/><G127/><T94/><D107/><U9/><E9/><V63/><F63/><W67/><G67/><T57/><D57/><U53/><E53/><AGARI ba="0,0" hai="36,39,42,45,46,48,51,53,74,76,80,94,99,103" machi="53" ten="30,2000,0" yaku="7,1,52,1" doraHai="97,132" who="0" fromWho="1" sc="377,20,156,-20,271,0,196,0" /><INIT seed="7,0,0,4,5,80" ten="397,136,271,196" oya="3" hai0="0,79,68,60,20,29,23,129,41,87,111,7,73" hai1="77,17,64,51,42,132,30,115,54,22,59,43,88" hai2="120,16,86,119,69,100,135,76,56,97,104,3,26" hai3="125,14,9,81,61,106,40,102,39,62,52,13,71"/><W112/><G112/><T53/><D111/><U15/><E115/><V116/><F3/><W34/><G34/><T101/><D73/><U32/><E132/><V99/><F69/><W46/><G125/><T31/><D41/><U21/><E32/><V108/><F56/><W123/><G14/><T38/><D38/><U121/><E77/><V93/><F16/><W11/><G11/><T122/><D79/><U114/><E114/><V2/><F26/><W90/><G102/><T91/><D101/><U25/><E121/><V103/><F2/><W33/><G106/><T12/><D122/><U128/><E128/><V78/><F120/><W27/><G71/><T4/><D129/><U105/><E105/><N who="2" m="63631" /><F108/><W126/><G27/><T118/><D118/><N who="2" m="45098" /><F135/><W127/><G33/><T35/><D68/><U44/><E64/><V8/><F8/><W70/><G70/><T84/><D35/><U18/><E30/><V74/><F74/><W133/><G133/><T28/><D0/><U50/><REACH who="1" step="1"/><E88/><AGARI ba="0,0" hai="76,78,86,88,93,99,103,104" m="45098,63631" machi="88" ten="30,7700,0" yaku="34,2,52,1,54,1" doraHai="80" who="2" fromWho="1" sc="397,0,136,-77,271,77,196,0" owari="397,49.0,59,-44.0,348,15.0,196,-20.0" /></mjloggm>