<mjloggm ver="2.3"><GO type="169" lobby="0"/><UN n0="%E3%81%97%E3%81%BE%E3%81%A0%E3%81%BE%32" n1="%61%6B%69%62%61%62%61%6E" n2="%6B%61%6E%61%67%68%6F%68" n3="%E7%AD%89%E3%80%85%E5%8A%9B%E5%8A%87%E5%A0%B4" dan="16,16,16,16" rate="2109.44,2110.10,2086.27,2082.10" sx="M,M,F,M"/><TAIKYOKU oya="0"/><INIT seed="0,0,0,2,4,118" ten="250,250,250,250" oya="0" hai0="68,24,7,38,55,119,78,16,15,107,129,34,2" hai1="101,70,131,18,65,14,5,17,89,4,30,105,87" hai2="66,25,77,114,96,86,121,134,9,12,32,79,22" hai3="102,122,93,120,130,48,27,1,39,84,98,103,82"/><T60/><D119/><U135/><E131/><V42/><F114/><W49/><G39/><T117/><D117/><U97/><E30/><V62/><F32/><W113/><G113/><T76/><D38/><U110/><E110/><V8/><F42/><W81/><G1/><T95/><D107/><U104/><E104/><V46/><F46/><W72/><G130/><T19/><D129/><U23/><E135/><V0/><F0/><W75/><G27/><T127/><D127/><U132/><E132/><V111/><F111/><W40/><G40/><T67/><D19/><U115/><E115/><V90/><F96/><W106/><G49/><T53/><D95/><U123/><E123/><N who="3" m="47146" /><G48/><T99/><D99/><U94/><E18/><V35/><F35/><W28/><G28/><N who="0" m="19719" /><D78/><U61/><AGARI ba="0,0" hai="4,5,14,17,23,61,65,70,87,89,94,97,101,105" machi="61" ten="30,1100,0" yaku="0,1" doraHai="118" who="1" fromWho="1" sc="250,-5,250,11,250,-3,250,-3" /><INIT seed="1,0,0,1,3,111" ten="245,261,247,247" oya="1" hai0="33,6,107,55,86,100,43,76,90,116,34,1,115" hai1="3,99,135,36,42,52,73,128,88,50,96,32,69" hai2="112,72,19,66,81,94,104,27,102,48,133,132,28" hai3="2,77,101,0,11,5,106,26,37,118,54,22,30"/><U60/><E32/><V130/><F130/><W110/><G37/><T58/><D43/><U21/><E128/><V91/><F104/><W47/><G110/><T85/><D1/><U67/><E3/><V120/><F120/><W16/><G118/><T114/><D6/><U108/><E108/><V80/><F80/><W56/><G0/><T98/><D116/><U127/><E73/><V82/><F82/><W131/><G131/><T45/><D76/><U20/><E135/><V25/><F25/><W129/><G129/><T103/><D45/><N who="1" m="23751" /><E99/><V84/><F84/><BYE who="2" /><W57/><G77/><T29/><D100/><U46/><E46/><V125/><F125/><W92/><G106/><T122/><D86/><U119/><E127/><V8/><F8/><W121/><G121/><T75/><D75/><U23/><E23/><V83/><F83/><W61/><G101/><T89/><D122/><U51/><E51/><V13/><F13/><W44/><G92/><T68/><D68/><U134/><E134/><V63/><F63/><W59/><G47/><T78/><D78/><U40/><E40/><V31/><F31/><W109/><G109/><T38/><D38/><U24/><E24/><V124/><F124/><W93/><G44/><T71/><D71/><U62/><E62/><V87/><F87/><W126/><G126/><T123/><D123/><U95/><E119/><V14/><F14/><W53/><G61/><N who="0" m="36063" /><D34/><U70/><E70/><V117/><F117/><W35/><REACH who="3" step="1"/><G93/><REACH who="3" ten="245,261,247,237" step="2"/><N who="0" m="54447" /><D90/><U18/><E18/><V39/><F39/><W7/><G7/><T79/><D79/><U65/><E65/><RYUUKYOKU ba="0,1" sc="245,10,261,10,247,-30,237,10" hai0="29,33,98,103,107,114,115" hai1="20,21,50,52,60,67,69,88,95,96" hai3="2,5,11,16,22,26,30,35,53,54,56,57,59" /><INIT seed="1,1,1,0,3,117" ten="255,271,217,247" oya="1" hai0="81,101,130,113,128,25,77,95,61,43,131,47,54" hai1="72,20,63,94,9,49,3,44,31,76,7,88,104" hai2="57,79,85,106,56,15,12,38,133,30,70,37,6" hai3="73,42,67,111,127,109,120,129,35,2,86,53,74"/><U90/><E104/><V13/><F13/><W83/><G35/><T112/><D25/><U27/><E63/><V52/><F52/><W132/><G2/><T60/><D101/><U89/><E76/><V17/><F17/><W105/><G105/><T23/><D95/><U45/><E72/><V51/><F51/><W40/><G132/><T135/><D23/><U28/><E28/><V39/><F39/><W10/><G129/><T11/><D11/><U18/><E31/><V124/><F124/><W123/><G127/><T32/><D32/><U108/><E108/><N who="3" m="41546" /><G67/><T91/><D91/><U59/><E59/><V36/><F36/><W121/><G10/><T110/><D135/><U98/><REACH who="1" step="1"/><E45/><REACH who="1" ten="255,261,217,247" step="2"/><V26/><F26/><W71/><G71/><T66/><D110/><U84/><E84/><V134/><F134/><W116/><G74/><N who="0" m="43191" /><D61/><U64/><E64/><V55/><F55/><AGARI ba="1,2" hai="3,7,9,18,20,27,44,49,55,88,89,90,94,98" machi="55" ten="30,11600,0" yaku="1,1,7,1,54,1,53,1" doraHai="117" doraHaiUra="33" who="1" fromWho="2" sc="255,0,261,139,217,-119,247,0" /><INIT seed="1,2,0,0,3,93" ten="255,400,98,247" oya="1" hai0="114,26,55,42,123,7,15,132,119,84,108,41,12" hai1="76,67,80,36,135,72,1,109,61,30,105,25,94" hai2="38,73,91,121,122,69,20,3,106,124,48,117,125" hai3="131,22,39,103,87,83,9,52,110,28,37,70,5"/><U32/><E94/><V34/><F34/><W89/><G70/><T2/><D2/><U4/><E135/><V8/><F8/><W112/><G112/><T45/><D119/><U100/><E109/><V95/><F95/><W98/><G131/><T24/><D55/><U101/><E101/><V78/><F78/><W86/><G110/><T130/><D45/><U33/><E33/><V77/><F77/><W118/><G118/><T116/><D84/><U64/><E64/><V104/><F104/><W115/><G115/><T82/><D82/><U13/><E13/><V107/><F107/><W79/><G39/><T44/><D44/><U102/><E102/><V29/><F29/><W74/><G37/><T66/><D7/><U60/><E60/><V18/><F18/><W57/><G89/><T31/><D31/><U58/><E36/><V40/><F40/><W16/><G28/><T10/><D10/><U11/><E100/><V53/><F53/><W17/><G87/><T120/><D66/><U56/><REACH who="1" step="1"/><E105/><REACH who="1" ten="255,390,98,247" step="2"/><V90/><F90/><W75/><G103/><T43/><D108/><U19/><E19/><V133/><F133/><W65/><G17/><T88/><D132/><U96/><E96/><V63/><F63/><W62/><G98/><T59/><D88/><U92/><E92/><V85/><F85/><W0/><REACH who="3" step="1"/><G65/><REACH who="3" ten="255,390,98,237" step="2"/><T68/><D114/><U127/><E127/><V99/><F99/><W46/><G46/><T6/><D116/><U50/><E50/><V129/><F129/><W126/><G126/><T35/><D130/><U128/><E128/><V47/><F47/><RYUUKYOKU ba="2,2" sc="255,-15,390,15,98,-15,237,15" hai1="1,4,11,25,30,32,56,58,61,67,72,76,80" hai3="0,5,9,16,22,52,57,62,74,75,79,83,86" /><INIT seed="1,3,2,5,1,65" ten="240,405,83,252" oya="1" hai0="22,77,82,56,87,49,36,54,20,31,0,25,107" hai1="85,33,26,116,92,57,118,123,62,48,94,58,128" hai2="5,76,63,93,122,86,21,53,130,29,12,11,73" hai3="17,45,79,70,1,3,34,74,115,37,14,124,35"/><U47/><E123/><V96/><F96/><W24/><G115/><T38/><D0/><U59/><E128/><V119/><F119/><W84/><G74/><T32/><D107/><U2/><E2/><V102/><F102/><W89/><G79/><T42/><D42/><U91/><E94/><V126/><F126/><W44/><G124/><T113/><D113/><U88/><E91/><V39/><F39/><W97/><G97/><T55/><D32/><U111/><E111/><V80/><F80/><W98/><G98/><T40/><D40/><U28/><REACH who="1" step="1"/><E62/><REACH who="1" ten="240,395,83,252" step="2"/><V117/><F117/><W105/><G3/><T71/><D38/><U64/><E64/><V13/><F13/><W41/><G14/><T15/><D36/><U75/><E75/><V23/><F23/><W127/><G1/><T134/><D22/><U52/><AGARI ba="3,3" hai="26,28,33,47,48,52,57,58,59,85,88,92,116,118" machi="52" ten="30,11700,0" yaku="1,1,0,1,54,2,53,0" doraHai="65" doraHaiUra="100" who="1" fromWho="1" sc="240,-42,395,156,83,-42,252,-42" /><INIT seed="1,4,0,3,0,123" ten="198,551,41,210" oya="1" hai0="48,27,106,41,59,50,22,110,28,75,52,125,51" hai1="114,95,63,26,69,4,6,38,42,73,44,24,14" hai2="11,93,35,105,1,107,135,89,101,76,57,97,108" hai3="21,37,46,78,65,83,62,115,109,16,12,9,86"/><U68/><E73/><V94/><F94/><W133/><G115/><T13/><D106/><U60/><E114/><V121/><F121/><W36/><G133/><T23/><D75/><U25/><E95/><V99/><F99/><W132/><G132/><T77/><D125/><U61/><REACH who="1" step="1"/><E14/><REACH who="1" ten="198,541,41,210" step="2"/><V17/><F17/><W32/><G16/><N who="0" m="10511" /><D110/><U53/><E53/><V134/><F134/><W88/><G12/><T96/><D41/><U74/><E74/><V3/><F3/><W116/><G109/><T80/><D96/><U124/><E124/><V84/><F84/><W70/><G86/><N who="0" m="48399" /><D59/><U87/><E87/><V66/><F66/><W128/><G65/><T72/><D72/><U10/><E10/><V43/><F43/><W131/><G9/><T90/><D90/><U58/><E58/><V0/><F0/><W19/><G88/><T18/><D52/><U130/><E130/><V54/><F54/><W30/><G131/><T100/><D100/><U45/><E45/><V67/><F67/><W85/><G46/><T103/><D103/><U29/><E29/><AGARI ba="4,1" hai="18,23,27,28,29,48,50,51" m="48399,10511" machi="29" ten="30,2000,0" yaku="8,1,54,1" doraHai="123" who="0" fromWho="1" sc="198,42,541,-32,41,0,210,0" /><INIT seed="2,0,0,0,1,87" ten="240,509,41,210" oya="2" hai0="118,1,134,3,5,9,82,4,48,79,45,124,8" hai1="20,74,111,15,102,93,91,131,99,66,77,58,17" hai2="31,43,59,72,7,68,14,24,121,113,62,46,86" hai3="32,85,25,37,103,44,36,29,10,54,106,109,12"/><V33/><F33/><W22/><G109/><T78/><D124/><U35/><E111/><V28/><F28/><W60/><G37/><T41/><D134/><U100/><E35/><V30/><F30/><W53/><G32/><T69/><D118/><U56/><E131/><V112/><F112/><W11/><G11/><T49/><D69/><U116/><E116/><V39/><F39/><W52/><G106/><T119/><D119/><U84/><E66/><V38/><F38/><W104/><G104/><T81/><D45/><U2/><E2/><V21/><F21/><W70/><G103/><N who="1" m="39466" /><E74/><V133/><F133/><W64/><G36/><T92/><D92/><N who="1" m="54375" /><E77/><V40/><F40/><AGARI ba="0,0" hai="1,3,4,5,8,9,40,41,48,49,78,79,81,82" machi="40" ten="25,1600,0" yaku="22,2" doraHai="87" who="0" fromWho="2" sc="240,16,509,0,41,-16,210,0" /><INIT seed="3,0,0,0,4,1" ten="256,509,25,210" oya="3" hai0="91,73,101,60,33,74,106,59,120,24,89,44,4" hai1="18,20,5,63,81,31,68,56,103,21,71,16,112" hai2="25,7,113,99,78,57,75,32,53,133,85,26,117" hai3="95,97,131,121,55,125,28,110,80,77,0,13,11"/><W93/><G121/><T19/><D120/><U69/><E31/><V6/><F6/><W64/><G0/><T127/><D127/><U82/><E103/><V92/><F92/><W2/><G2/><T36/><D106/><U38/><E38/><V62/><F62/><W9/><G131/><T76/><D101/><U37/><E37/><V105/><F105/><W10/><G125/><T35/><D44/><U66/><E5/><V43/><F43/><W119/><G119/><T45/><D45/><U65/><E112/><V14/><F14/><W30/><G110/><T102/><D4/><U116/><E116/><V122/><F122/><W115/><G115/><T108/><D102/><U83/><REACH who="1" step="1"/><E66/><REACH who="1" ten="256,499,25,210" step="2"/><V129/><F129/><W132/><G64/><T72/><D36/><U98/><E98/><V41/><F41/><W3/><G3/><T58/><D108/><U130/><E130/><V90/><F90/><W96/><G132/><T29/><D91/><U46/><E46/><V100/><F100/><W23/><G55/><T48/><D89/><U114/><E114/><V124/><F124/><W51/><G97/><T40/><D76/><U107/><E107/><V27/><F27/><W39/><G39/><T8/><D40/><U104/><E104/><V67/><F67/><W128/><G128/><T84/><D29/><U50/><E50/><V34/><F34/><W134/><G134/><T52/><D35/><U87/><E87/><V118/><F118/><W109/><G109/><T88/><D84/><U135/><E135/><V86/><F86/><W15/><G30/><N who="0" m="19655" /><D48/><U47/><E47/><RYUUKYOKU ba="0,1" sc="256,-10,499,30,25,-10,210,-10" hai1="16,18,20,21,56,63,65,68,69,71,81,82,83" /><INIT seed="4,1,1,3,3,104" ten="246,529,15,200" oya="0" hai0="65,103,133,12,93,114,109,43,56,80,33,85,68" hai1="45,49,101,16,86,94,75,100,98,15,130,90,81" hai2="55,111,108,132,73,118,121,13,26,60,102,10,110" hai3="126,92,62,89,66,48,71,54,105,53,67,40,2"/><T135/><D33/><U25/><E75/><V47/><F47/><W82/><G105/><T42/><D68/><U64/><E130/><V69/><F69/><W76/><G2/><T116/><D116/><U8/><E25/><V72/><F72/><W28/><G126/><T6/><D109/><U113/><E113/><V1/><F1/><W29/><G40/><T17/><D6/><U78/><E64/><V5/><F5/><W120/><G120/><T77/><D114/><U99/><E99/><V7/><F7/><W38/><G38/><T131/><D131/><U35/><E35/><V19/><F19/><W21/><G67/><T34/><D34/><U117/><E117/><V41/><F41/><AGARI ba="1,1" hai="8,15,16,41,45,49,78,81,86,90,94,98,100,101" machi="41" ten="30,3900,0" yaku="7,1,8,1,54,1" doraHai="104" who="1" fromWho="2" sc="246,0,529,52,15,-42,200,0" owari="246,5.0,581,68.0,-27,-53.0,200,-20.0" /></mjloggm>