<mjloggm ver="2.3"><GO type="169" lobby="0"/><UN n0="%E5%90%89%E7%B1%B3%E8%80%81%E5%B8%AB" n1="%52%42%31%30" n2="%E3%81%B8%E3%82%80%E3%81%B8%E3%82%80%EF%BC%92%E5%8F%B7" n3="%E3%81%84%E3%81%A1%E3%81%AE%E3%81%9B%E3%81%BB%E3%81%AA%E3%81%BF" dan="16,17,17,16" rate="2077.14,2144.63,2144.26,2150.62" sx="M,M,M,F"/><TAIKYOKU oya="0"/><INIT seed="0,0,0,3,5,14" ten="250,250,250,250" oya="0" hai0="36,115,91,23,9,13,121,94,67,70,99,63,24" hai1="124,102,53,112,134,26,85,50,117,40,49,0,105" hai2="65,97,2,77,47,25,19,89,18,83,120,56,104" hai3="95,30,90,107,73,122,109,28,108,43,60,1,39"/><T37/><D121/><U33/><E117/><V125/><F125/><W57/><G122/><T118/><D118/><U71/><E0/><V34/><F120/><W82/><G1/><T41/><D115/><U21/><E71/><V72/><F2/><W128/><G107/><T74/><D74/><U129/><E33/><V22/><F34/><W132/><G132/><T45/><D37/><U98/><E129/><V135/><F135/><W35/><G128/><T93/><D93/><U55/><E124/><V78/><F47/><N who="3" m="24063" /><G82/><T54/><D54/><U8/><E8/><V66/><F77/><W130/><G35/><T62/><D62/><U4/><E4/><V52/><F19/><W127/><G73/><T51/><D36/><U92/><E112/><V11/><F11/><W100/><G100/><T80/><D80/><U38/><E38/><V58/><F58/><W44/><G44/><T96/><D96/><U17/><E40/><V110/><F110/><N who="3" m="42603" /><G130/><T29/><D9/><U88/><REACH who="1" step="1"/><E134/><REACH who="1" ten="250,240,250,250" step="2"/><V114/><F114/><W76/><G127/><T27/><REACH who="0" step="1"/><D27/><REACH who="0" ten="240,240,250,250" step="2"/><U31/><E31/><V5/><F25/><W87/><G30/><T75/><D75/><U133/><E133/><V106/><F72/><W20/><G28/><T10/><D10/><U84/><E84/><V79/><F97/><W32/><G87/><T103/><D103/><U101/><E101/><V64/><F5/><W119/><G119/><T15/><AGARI ba="0,2" hai="13,15,23,24,29,41,45,51,63,67,70,91,94,99" machi="15" ten="30,3000,0" yaku="1,1,0,1,53,0" doraHai="14" doraHaiUra="7" who="0" fromWho="0" sc="240,50,240,-10,250,-10,250,-10" /><INIT seed="0,1,0,4,3,51" ten="290,230,240,240" oya="0" hai0="7,130,100,15,121,80,62,30,64,31,81,65,17" hai1="55,111,54,63,134,125,37,2,26,86,10,135,9" hai2="108,8,129,61,44,47,112,94,32,120,124,42,105" hai3="126,49,95,70,97,77,40,3,5,106,128,21,6"/><T24/><D121/><U115/><E115/><V12/><F105/><W56/><G106/><T91/><D130/><U102/><E37/><V88/><F120/><W41/><G70/><T107/><D7/><U34/><E111/><V45/><F112/><W66/><G128/><T72/><D81/><U84/><E102/><V116/><F129/><W133/><G133/><N who="1" m="50698" /><E125/><V110/><F124/><W117/><G117/><T1/><D1/><U92/><E63/><V99/><F32/><W29/><G77/><T33/><D30/><N who="1" m="19799" /><E2/><V75/><F116/><W90/><G126/><T16/><D64/><U93/><E93/><V38/><F61/><W28/><G66/><T127/><D127/><U89/><E86/><V122/><F75/><W4/><G3/><T101/><D101/><U60/><E60/><V43/><F122/><W104/><G104/><T19/><D72/><U20/><E20/><V76/><F38/><W27/><REACH who="3" step="1"/><G29/><REACH who="3" ten="290,230,240,230" step="2"/><T57/><D107/><U58/><E58/><V52/><F108/><W59/><G59/><T109/><D109/><U46/><E46/><V39/><F110/><W132/><G132/><T103/><REACH who="0" step="1"/><D15/><REACH who="0" ten="280,230,240,230" step="2"/><U48/><E48/><V78/><F39/><W22/><G22/><T98/><D98/><U53/><AGARI ba="1,2" hai="9,10,53,54,55,84,89,92" m="19799,50698" machi="53" ten="30,7900,0" yaku="20,1,52,3" doraHai="51" who="1" fromWho="1" sc="280,-40,230,102,240,-21,230,-21" /><INIT seed="1,0,0,4,5,131" ten="240,332,219,209" oya="1" hai0="25,78,101,69,48,21,40,31,125,60,58,17,132" hai1="68,135,85,95,66,99,26,98,114,84,93,8,109" hai2="24,97,10,54,115,110,100,33,34,2,86,71,47" hai3="32,51,75,4,87,83,11,45,96,29,116,35,65"/><U61/><E109/><V39/><F71/><W91/><G116/><T76/><D125/><U63/><E114/><V5/><F110/><W113/><G113/><T94/><D69/><U89/><E135/><V50/><F115/><W67/><G75/><T18/><D132/><U46/><E8/><V64/><F64/><W81/><G81/><T88/><D101/><U119/><E119/><V70/><F70/><W73/><G73/><T36/><D36/><U20/><E46/><V102/><F39/><W128/><G128/><T3/><D3/><U30/><REACH who="1" step="1"/><E63/><REACH who="1" ten="240,322,219,209" step="2"/><V72/><F10/><W22/><G11/><T121/><D121/><U127/><E127/><V55/><F47/><W13/><G45/><N who="0" m="25639" /><D78/><U37/><E37/><V56/><F2/><W44/><G44/><T103/><D76/><U19/><E19/><V27/><F5/><W79/><G4/><T104/><D17/><U1/><E1/><V130/><F130/><W14/><G51/><T53/><D18/><U133/><E133/><V6/><F6/><W12/><G35/><T62/><D62/><U124/><E124/><V49/><F49/><W74/><G32/><T126/><D126/><U105/><E105/><V123/><F50/><W106/><G29/><T90/><D104/><U129/><E129/><V92/><F34/><W80/><REACH who="3" step="1"/><G22/><REACH who="3" ten="240,322,219,199" step="2"/><T112/><D112/><U118/><E118/><V122/><F33/><W107/><G107/><T16/><D31/><U43/><E43/><V82/><F123/><W7/><G7/><T52/><D21/><U0/><E0/><V111/><F122/><W134/><G134/><RYUUKYOKU ba="0,2" sc="240,-15,322,15,219,-15,199,15" hai1="20,26,30,61,66,68,84,85,89,93,95,98,99" hai3="12,13,14,65,67,74,79,80,83,87,91,96,106" /><INIT seed="1,1,2,1,2,89" ten="225,337,204,214" oya="1" hai0="82,53,72,86,34,93,42,116,96,21,128,109,108" hai1="69,80,63,41,83,71,76,31,24,75,92,16,4" hai2="40,73,57,99,10,88,104,5,12,121,118,36,90" hai3="60,135,39,119,52,37,115,84,67,129,120,27,74"/><U94/><E4/><V95/><F121/><W29/><G120/><T106/><D116/><U22/><E41/><V49/><F118/><W101/><G119/><T54/><D34/><U122/><E122/><V100/><F73/><W123/><G123/><T46/><D128/><U125/><E125/><V65/><F36/><W85/><G74/><T61/><D106/><U131/><E131/><V55/><F40/><W2/><G115/><T9/><D72/><U33/><E83/><V13/><F65/><W107/><G2/><T66/><D21/><U126/><E126/><V18/><F104/><W91/><G52/><N who="0" m="20075" /><D9/><AGARI ba="1,2" hai="5,9,10,12,13,18,49,55,57,88,90,95,99,100" machi="9" ten="30,7700,0" yaku="7,1,8,1,52,1,54,1" doraHai="89" who="2" fromWho="0" sc="225,-80,337,0,204,100,214,0" /><INIT seed="2,0,0,0,4,17" ten="145,337,304,214" oya="2" hai0="91,81,45,102,8,63,27,127,94,56,121,110,50" hai1="109,21,38,36,126,124,42,96,65,135,58,78,117" hai2="52,89,19,70,20,133,111,68,12,95,59,100,79" hai3="60,61,3,22,130,32,49,31,122,82,24,57,66"/><V67/><F133/><W93/><G122/><T129/><D121/><U115/><E117/><V128/><F128/><W71/><G130/><T103/><D129/><U62/><E115/><V116/><F116/><W80/><G3/><T46/><D110/><U123/><E123/><V30/><F111/><W104/><G104/><T37/><D127/><N who="1" m="48683" /><E135/><V101/><F79/><W106/><G106/><T10/><D37/><U72/><E42/><V76/><F76/><W75/><G49/><T125/><D81/><N who="1" m="45255" /><E109/><V29/><F68/><W4/><G4/><T99/><D27/><U5/><E5/><V88/><F67/><W9/><G9/><N who="0" m="3691" /><D46/><U92/><E21/><V131/><F70/><W0/><G0/><T77/><D77/><U74/><E74/><V119/><F119/><W118/><G118/><T120/><D120/><U48/><E48/><N who="2" m="31111" /><F131/><W55/><G75/><T25/><D25/><U44/><E44/><V90/><F95/><W97/><REACH who="3" step="1"/><G32/><REACH who="3" ten="145,337,304,204" step="2"/><T105/><D125/><U6/><E6/><V132/><F132/><W87/><G87/><T108/><D108/><U23/><E36/><V2/><F2/><W85/><G85/><T41/><D105/><U18/><E38/><V53/><F53/><AGARI ba="0,1" hai="41,45,50,53,56,63,91,94,99,102,103" m="3691" machi="53" ten="30,1000,0" yaku="8,1" doraHai="17" who="0" fromWho="2" sc="145,20,337,0,304,-10,204,0" /><INIT seed="3,0,0,4,5,68" ten="165,337,294,204" oya="3" hai0="97,111,50,126,119,12,81,74,24,0,60,115,89" hai1="22,92,95,83,30,90,99,120,4,108,134,20,96" hai2="94,23,82,43,63,88,102,15,104,7,1,130,62" hai3="101,80,10,26,11,17,72,52,31,87,48,54,13"/><W133/><G133/><T64/><D0/><U135/><E108/><V106/><F130/><W2/><G72/><T39/><D119/><U41/><E120/><V114/><F1/><W84/><G101/><T57/><D111/><U100/><E41/><V117/><F117/><W53/><G48/><T44/><D126/><U98/><E4/><V76/><F114/><W21/><REACH who="3" step="1"/><G80/><REACH who="3" ten="165,337,294,194" step="2"/><T28/><D74/><U29/><E83/><V75/><F102/><W49/><G49/><T6/><D115/><U35/><E100/><V55/><F104/><W71/><G71/><T116/><D116/><U40/><E135/><V65/><F106/><W79/><G79/><T124/><D124/><U38/><E134/><V56/><F82/><W25/><G25/><T122/><D122/><U127/><E127/><V123/><F76/><W86/><G86/><T110/><D110/><U27/><E96/><V132/><F75/><W32/><G32/><T93/><D50/><U16/><E35/><V37/><F132/><W8/><G8/><N who="0" m="4119" /><D81/><U128/><E98/><V59/><F123/><W34/><G34/><T61/><D24/><U121/><E27/><V14/><F23/><W85/><G85/><T46/><D97/><U5/><E99/><V112/><F112/><W105/><G105/><T113/><D113/><U69/><E121/><V58/><F94/><W9/><G9/><T19/><D93/><U18/><E95/><V36/><F63/><W66/><G66/><T77/><D60/><U78/><E92/><V73/><F62/><W67/><G67/><T47/><D61/><U103/><E69/><RYUUKYOKU ba="0,1" sc="165,-10,337,-10,294,-10,194,30" hai3="2,10,11,13,17,21,26,31,52,53,54,84,87" /><INIT seed="3,1,1,4,4,98" ten="155,327,284,224" oya="3" hai0="80,63,131,92,32,90,91,135,126,75,102,61,5" hai1="62,51,34,65,97,55,19,84,105,95,64,31,110" hai2="116,37,93,104,88,122,99,73,39,79,124,112,67" hai3="106,35,57,13,16,14,20,128,18,117,44,111,85"/><W38/><G117/><T72/><D32/><U83/><E110/><V81/><F116/><W53/><G106/><T78/><D5/><U54/><E105/><V15/><F112/><W70/><G70/><T48/><D135/><U30/><E19/><V45/><F122/><W7/><G128/><T10/><D10/><U42/><E42/><V29/><F124/><W107/><G107/><T133/><D133/><U130/><E34/><V56/><F29/><N who="1" m="10761" /><E62/><V47/><F104/><W100/><G35/><T11/><D11/><U134/><E130/><V3/><F3/><W129/><G129/><T40/><D75/><U114/><E114/><V76/><F76/><W113/><G113/><T87/><D131/><U96/><E55/><V17/><F39/><W50/><G7/><T77/><D77/><N who="1" m="46191" /><E97/><V123/><F37/><W121/><G121/><T9/><D72/><U26/><E26/><V74/><F74/><W2/><G2/><T8/><D63/><U23/><E23/><V27/><F27/><W120/><G120/><T1/><D61/><U49/><E49/><V108/><F108/><W68/><G68/><T33/><D33/><U66/><E134/><V0/><F0/><W21/><G85/><T119/><D119/><U59/><E66/><V36/><F36/><W41/><G111/><T109/><D109/><U86/><E86/><V43/><F43/><W6/><G6/><N who="0" m="1103" /><D126/><U12/><E12/><V71/><F71/><W89/><G89/><AGARI ba="1,1" hai="51,54,59,64,65,89,95,96" m="46191,10761" machi="89" ten="30,1000,0" yaku="8,1" doraHai="98" who="1" fromWho="3" sc="155,0,327,23,284,0,224,-13" /><INIT seed="4,0,0,0,0,126" ten="155,350,284,211" oya="0" hai0="64,96,40,122,65,71,135,107,32,70,11,85,74" hai1="90,99,62,16,59,67,31,10,37,8,66,15,118" hai2="134,119,129,17,0,45,93,131,58,44,109,24,81" hai3="78,80,21,87,1,68,75,116,121,47,46,3,82"/><T13/><D74/><U50/><E118/><V12/><F109/><W23/><G116/><T26/><D122/><U55/><E37/><V128/><F119/><W133/><G121/><T20/><D32/><U79/><E31/><V49/><F134/><W123/><G123/><T54/><D135/><U98/><E79/><V19/><F0/><W36/><G133/><T76/><D70/><U84/><E8/><N who="2" m="6279" /><F81/><W101/><G68/><T41/><D54/><U39/><E39/><V56/><F93/><W127/><G101/><T51/><D71/><U130/><E130/><V83/><F83/><W4/><G127/><T73/><D73/><U132/><E132/><V60/><F49/><W124/><G124/><T27/><D96/><N who="1" m="36907" /><E50/><V43/><F43/><N who="0" m="16458" /><D51/><U53/><E53/><N who="2" m="33807" /><F58/><W42/><G47/><N who="2" m="17993" /><F24/><W94/><G94/><AGARI ba="0,0" hai="10,15,16,55,59,62,66,67,84,90,94" m="36907" machi="94" ten="30,2000,0" yaku="8,1,54,1" doraHai="126" who="1" fromWho="3" sc="155,0,350,20,284,0,211,-20" /><INIT seed="5,0,0,0,0,127" ten="155,370,284,191" oya="1" hai0="124,95,132,116,122,94,114,76,51,126,109,46,49" hai1="90,98,66,53,25,34,56,107,52,63,11,70,9" hai2="113,20,42,36,59,17,89,99,87,2,135,55,35" hai3="61,67,16,39,78,7,31,13,108,3,29,101,74"/><U110/><E110/><V28/><F135/><W57/><G108/><T32/><D109/><U105/><E53/><V106/><F2/><W103/><G39/><T93/><D32/><U44/><E44/><V10/><F113/><W88/><G3/><T123/><D116/><U81/><E107/><V91/><F35/><W83/><G7/><T131/><D114/><U18/><E81/><V68/><F68/><W62/><G62/><T120/><D132/><U73/><E73/><V30/><F10/><W92/><G31/><T130/><D76/><U125/><E18/><V12/><F36/><W38/><G29/><T22/><D22/><U100/><E90/><V48/><F42/><W128/><G38/><T72/><D72/><U79/><E79/><V1/><F1/><W64/><G64/><T80/><D80/><U111/><E125/><N who="0" m="48233" /><D49/><N who="1" m="30735" /><E111/><V117/><F117/><W118/><G118/><T96/><D96/><U97/><E98/><V121/><F121/><W133/><G133/><T47/><D47/><U37/><E37/><V5/><F106/><W75/><G75/><T71/><D71/><U14/><E14/><V84/><F99/><W21/><REACH who="3" step="1"/><G128/><REACH who="3" ten="155,370,284,181" step="2"/><T104/><D104/><U23/><E105/><V77/><F5/><W50/><G50/><T41/><AGARI ba="0,1" hai="41,46,51,93,94,95,120,122,123,130,131" m="48233" machi="41" ten="40,8000,1" yaku="13,1,18,1,52,2" doraHai="127" who="0" fromWho="0" sc="155,90,370,-40,284,-20,181,-20" /><INIT seed="6,0,0,3,4,104" ten="245,330,264,161" oya="2" hai0="108,73,54,106,33,18,112,8,3,98,50,129,88" hai1="42,115,40,111,26,109,45,58,125,93,30,22,19" hai2="101,47,99,70,131,4,7,64,6,29,127,20,121" hai3="53,85,0,83,124,24,84,52,94,16,120,59,23"/><V80/><F121/><W132/><G120/><T9/><D108/><U44/><E115/><V49/><F127/><W130/><G124/><T67/><D33/><U82/><E125/><V60/><F131/><W46/><G130/><T17/><D129/><U128/><E128/><V79/><F20/><W110/><G110/><T25/><D73/><U123/><E123/><V62/><F29/><W39/><G0/><T76/><D76/><U12/><E58/><V119/><F60/><W102/><G132/><T72/><D72/><U32/><E82/><V10/><F119/><W68/><G68/><T41/><D41/><U71/><E71/><V77/><F10/><N who="0" m="4202" /><D3/><U14/><E14/><V57/><F70/><W97/><G83/><T91/><D67/><U2/><E2/><V81/><F81/><W87/><REACH who="3" step="1"/><G59/><REACH who="3" ten="245,330,264,151" step="2"/><T114/><D114/><U105/><E109/><V96/><F80/><W66/><G66/><T11/><D112/><U38/><E111/><V100/><F57/><W78/><G78/><T31/><D54/><U69/><E69/><V90/><F79/><W61/><G61/><T1/><D1/><U27/><E42/><AGARI ba="0,1" hai="16,23,24,39,42,46,52,53,84,85,87,94,97,102" machi="42" ten="40,8000,1" yaku="1,1,54,2,53,2" doraHai="104" doraHaiUra="51" who="3" fromWho="1" sc="245,0,330,-80,264,0,151,90" /><INIT seed="7,0,0,5,5,126" ten="245,250,264,241" oya="3" hai0="85,58,84,74,121,109,64,2,0,63,25,69,5" hai1="89,75,48,132,77,11,37,117,115,13,99,27,21" hai2="100,82,4,127,61,44,19,123,47,80,107,56,66" hai3="92,55,97,81,22,9,24,124,36,26,68,60,71"/><W34/><G124/><T65/><D109/><U112/><E37/><V108/><F123/><W40/><G9/><T42/><D121/><U133/><E117/><V128/><F127/><W79/><G34/><T14/><D74/><U104/><E77/><V33/><F108/><W12/><G68/><T102/><D42/><U35/><E75/><V41/><F33/><W120/><G120/><T53/><D0/><U8/><E35/><V46/><F4/><W10/><G40/><T23/><D2/><U50/><E89/><V15/><F41/><W98/><G36/><T54/><D54/><U30/><E99/><V103/><F107/><W130/><G98/><T93/><D85/><U51/><E104/><V116/><F128/><W76/><G130/><T96/><D84/><U20/><E51/><V118/><F118/><W52/><G71/><T32/><D69/><U70/><E50/><V17/><F17/><N who="3" m="12367" /><G26/><T62/><D32/><N who="1" m="20575" /><E48/><V119/><F119/><W110/><G110/><T29/><D63/><U3/><E70/><V73/><F116/><W131/><G131/><T94/><D94/><U88/><E3/><V125/><F125/><W105/><G105/><T43/><D43/><U113/><E8/><AGARI ba="0,0" hai="5,8,14,23,25,29,53,58,62,64,65,93,96,102" machi="8" ten="40,1300,0" yaku="8,1" doraHai="126" who="0" fromWho="1" sc="245,13,250,-13,264,0,241,0" /><INIT seed="8,0,0,4,2,30" ten="258,237,264,241" oya="0" hai0="22,79,71,63,102,9,20,84,115,116,73,85,105" hai1="126,7,18,74,12,118,96,50,123,97,57,53,52" hai2="82,5,14,107,112,65,78,27,121,89,91,81,129" hai3="61,72,132,26,93,120,90,41,45,28,32,70,55"/><T38/><D115/><U10/><E126/><V75/><F121/><W128/><G120/><T66/><D38/><U37/><E118/><V106/><F112/><W122/><G122/><T113/><D113/><U24/><E37/><V87/><F129/><W108/><G108/><T76/><D116/><U88/><E74/><V83/><F27/><W100/><G128/><T43/><D43/><U21/><E123/><V135/><F65/><W64/><G72/><T19/><D9/><U2/><E2/><V54/><F54/><W33/><G100/><T119/><D20/><U133/><E133/><V95/><F14/><W48/><G132/><T8/><D8/><U15/><E15/><V127/><F5/><W109/><G109/><T58/><D71/><U39/><E39/><V16/><F16/><W56/><G70/><T44/><D119/><U17/><E7/><V86/><F135/><W92/><G92/><T40/><D105/><N who="2" m="39946" /><F95/><W60/><G60/><T103/><D44/><U124/><E124/><AGARI ba="0,0" hai="75,78,81,82,83,86,87,89,91,124,127" m="39946" machi="124" ten="30,2000,0" yaku="34,2" doraHai="30" who="2" fromWho="1" sc="258,0,237,-20,264,20,241,0" /><INIT seed="9,0,0,4,1,77" ten="258,217,284,241" oya="1" hai0="88,114,102,105,50,106,66,57,10,127,72,125,35" hai1="71,75,37,13,81,83,62,27,131,107,129,39,12" hai2="121,134,24,85,56,5,30,123,91,59,101,25,92" hai3="84,26,23,9,70,32,135,63,28,53,36,118,17"/><U69/><E107/><V86/><F134/><W90/><G135/><T124/><D114/><U45/><E27/><V73/><F73/><W4/><G36/><T61/><D35/><U48/><E48/><V43/><F43/><W79/><G79/><T82/><D102/><U126/><E126/><V104/><F5/><W74/><G74/><T20/><D20/><U47/><E75/><V100/><F104/><W11/><G118/><T15/><D50/><U3/><E62/><V29/><F91/><W133/><G133/><T64/><D64/><U78/><E78/><V80/><F80/><W31/><G32/><T0/><D0/><AGARI ba="0,0" hai="0,3,12,13,37,39,45,47,69,71,81,83,129,131" machi="0" ten="25,9600,0" yaku="22,2,52,2" doraHai="77" who="1" fromWho="0" sc="258,-96,217,96,284,0,241,0" owari="162,-34.0,313,42.0,284,8.0,241,-16.0" /></mjloggm>