<mjloggm ver="2.3"><GO type="185" lobby="0"/><UN n0="%50%42%33%2D%50" n1="%E4%B8%83%E7%80%AC%E6%82%A0%E6%9C%88" n2="%E4%B8%8A%E5%AE%B6%E3%81%AE%E6%AF%8D%E3%81%A7%E3%81%99" n3="" dan="18,17,16,0" rate="2291.18,2266.05,2177.08,1500.00" sx="F,F,F,C"/><TAIKYOKU oya="0"/><INIT seed="0,0,0,1,4,128" ten="350,350,350,0" oya="0" hai0="101,122,82,70,54,32,89,84,85,119,103,1,40" hai1="36,43,117,72,66,35,79,91,95,39,99,53,105" hai2="90,120,129,60,62,34,38,88,86,56,113,81,57" hai3=""/><T102/><N who="0" m="31264" /><T83/><D1/><U127/><E35/><V100/><N who="2" m="30752" /><V67/><F129/><T78/><D32/><U75/><E117/><V116/><F116/><T96/><D70/><U64/><E127/><V132/><F113/><T55/><D119/><U65/><E105/><V46/><F34/><T42/><D96/><U92/><E43/><AGARI ba="0,0" hai="40,42,43,54,55,78,82,83,84,85,89,101,102,103" m="31264" machi="43" ten="40,3900,0" yaku="8,1,52,1" doraHai="128" who="0" fromWho="1" sc="350,39,350,-39,350,0,0,0" /><INIT seed="0,1,0,3,3,74" ten="389,311,350,0" oya="0" hai0="44,40,98,114,70,84,83,132,43,34,78,124,94" hai1="118,88,38,122,50,58,90,75,110,55,0,125,128" hai2="130,54,56,66,121,82,127,106,71,99,61,2,52" hai3=""/><T104/><D34/><U134/><RYUUKYOKU type="yao9" ba="1,0" sc="389,0,311,0,350,0,0,0" hai1="0,38,50,55,58,75,88,90,110,118,122,125,128,134" /><INIT seed="0,2,0,1,3,42" ten="389,311,350,0" oya="0" hai0="80,105,91,93,134,78,33,3,86,119,63,47,89" hai1="120,69,70,67,44,126,125,37,39,108,58,88,117" hai2="61,56,110,43,48,100,46,75,97,53,76,111,52" hai3=""/><T41/><D3/><U81/><N who="1" m="30752" /><U131/><E117/><V90/><F90/><T113/><D33/><U103/><E108/><V132/><F132/><T82/><D119/><U123/><N who="1" m="31520" /><U102/><E131/><V35/><F35/><T73/><D134/><U49/><E58/><V0/><F0/><T135/><D135/><U72/><E72/><V112/><F112/><T116/><D113/><U2/><E2/><V128/><F128/><T114/><D114/><U68/><E67/><V121/><N who="2" m="31008" /><V95/><REACH who="2" step="1"/><F43/><REACH who="2" ten="389,311,340,0" step="2"/><T83/><D41/><U51/><E88/><V40/><F40/><T1/><D91/><U127/><E81/><AGARI ba="2,1" hai="46,48,52,53,56,61,75,76,81,95,97,100,110,111" m="31008" machi="81" ten="40,8000,1" yaku="1,1,52,2,54,1,53,0" doraHai="42" doraHaiUra="32" who="2" fromWho="1" sc="389,0,311,-84,340,94,0,0" /><INIT seed="1,0,0,0,5,41" ten="389,227,434,0" oya="1" hai0="0,35,122,36,105,125,86,88,32,114,81,72,54" hai1="102,43,120,46,40,76,98,70,75,121,109,89,59" hai2="132,129,108,134,127,90,78,62,53,1,87,104,96" hai3=""/><U103/><N who="1" m="30752" /><U113/><N who="1" m="31008" /><U67/><E113/><V79/><F1/><T57/><N who="0" m="31264" /><T69/><D0/><U34/><E34/><V51/><F108/><T45/><D114/><U48/><E109/><V42/><F129/><T58/><D105/><U116/><E116/><V3/><F3/><T55/><D69/><U131/><E131/><V126/><F42/><T83/><D125/><U47/><E70/><V106/><F62/><T82/><D72/><U95/><E75/><V84/><F51/><T97/><D97/><U85/><E59/><V61/><F61/><T115/><D115/><U38/><REACH who="1" step="1"/><E67/><REACH who="1" ten="389,217,434,0" step="2"/><V92/><F127/><T50/><D32/><U118/><E118/><V112/><F126/><T111/><D35/><U60/><E60/><V128/><F112/><T110/><D111/><U73/><E73/><V64/><F128/><T99/><D110/><U77/><E77/><V33/><F64/><T74/><D74/><U93/><E93/><V56/><F33/><T49/><D58/><U44/><E44/><V52/><F56/><T39/><D57/><U124/><E124/><V66/><F66/><T63/><D45/><U123/><N who="1" m="31520" /><U107/><E107/><V71/><F71/><T130/><D63/><RYUUKYOKU ba="0,1" sc="389,-10,217,20,434,-10,0,0" hai1="38,40,43,46,47,48,76,85,89,95,98,102,103" /><INIT seed="1,1,1,2,0,63" ten="379,237,424,0" oya="1" hai0="83,47,42,123,53,85,106,70,56,76,51,45,57" hai1="33,52,74,73,114,38,43,82,109,99,37,75,78" hai2="130,121,86,68,97,101,102,46,36,64,39,35,134" hai3=""/><U96/><E114/><V71/><N who="2" m="31008" /><V44/><F35/><T91/><N who="0" m="31520" /><T41/><D106/><U113/><E113/><V119/><F119/><T128/><D70/><U62/><E33/><V107/><F130/><T79/><D128/><U50/><E62/><V2/><F134/><T103/><D103/><U89/><E109/><V104/><F86/><T1/><D1/><U132/><E132/><V90/><F90/><T81/><D56/><U127/><E127/><V32/><F97/><T94/><D81/><U115/><E115/><V61/><F61/><T55/><D76/><U66/><E66/><V116/><F116/><T125/><D125/><U0/><E0/><V120/><N who="2" m="30752" /><V111/><F32/><T59/><D59/><U118/><E118/><V131/><F2/><T95/><D95/><U117/><E117/><V60/><F60/><T98/><REACH who="0" step="1"/><D57/><REACH who="0" ten="369,237,424,0" step="2"/><U80/><E80/><V40/><F131/><T77/><D77/><U87/><E78/><V122/><N who="2" m="31264" /><V49/><F111/><T135/><D135/><U105/><E105/><V65/><F40/><T93/><D93/><U92/><E43/><V58/><F58/><T110/><D110/><U54/><E92/><V84/><F107/><T34/><D34/><RYUUKYOKU ba="1,2" sc="369,20,237,-10,424,-10,0,0" hai0="41,42,45,47,51,53,55,79,83,85,91,94,98" /><INIT seed="2,2,2,4,1,93" ten="389,227,414,0" oya="2" hai0="110,118,104,77,127,43,107,59,72,42,58,109,62" hai1="74,126,105,94,115,113,2,122,119,71,82,1,88" hai2="130,52,103,95,101,79,40,53,124,131,86,114,80" hai3=""/><V108/><F114/><T96/><D118/><U41/><N who="1" m="31264" /><U0/><E119/><V102/><F124/><T100/><D104/><U39/><E71/><V45/><F108/><N who="0" m="41578" /><D127/><U128/><E126/><V60/><F95/><T121/><N who="0" m="31008" /><T49/><D49/><U46/><E105/><V63/><F60/><T65/><D59/><U83/><E128/><N who="2" m="49195" /><F63/><T91/><D91/><U85/><REACH who="1" step="1"/><E94/><REACH who="1" ten="389,217,414,0" step="2"/><V98/><F98/><T55/><D96/><U32/><E32/><V129/><F129/><T84/><D107/><U44/><E44/><V64/><F64/><T133/><D65/><U92/><E92/><V35/><F35/><T38/><D58/><U57/><E57/><V90/><F90/><T132/><D62/><U112/><E112/><V97/><F97/><T111/><D111/><U36/><E36/><AGARI ba="2,3" hai="36,40,45,52,53,79,80,86,101,102,103" m="49195" machi="36" ten="30,2900,0" yaku="19,1,54,1" doraHai="93" who="2" fromWho="1" sc="389,0,217,-33,414,63,0,0" /><INIT seed="2,3,0,2,0,104" ten="389,184,477,0" oya="2" hai0="97,59,68,39,36,42,112,85,58,121,82,32,134" hai1="111,130,109,73,117,126,49,84,83,61,77,2,38" hai2="123,91,135,1,124,86,74,57,92,118,67,129,110" hai3=""/><V125/><N who="2" m="31520" /><V43/><F1/><T108/><N who="0" m="31008" /><T78/><D32/><U37/><E2/><V94/><F118/><T99/><D68/><U113/><E113/><V90/><F129/><T34/><D34/><U93/><E130/><V103/><F135/><T128/><D134/><U35/><E35/><V127/><F43/><T3/><D3/><U72/><E117/><V44/><F44/><T47/><D128/><U115/><E115/><V106/><F67/><T105/><D112/><U76/><E126/><V102/><F57/><T52/><D39/><U46/><E61/><V80/><F110/><N who="1" m="41993" /><E93/><V40/><F40/><T48/><D108/><U116/><E77/><V45/><F45/><T75/><D42/><U62/><E62/><V55/><F55/><T41/><D52/><U96/><E96/><V88/><F106/><T79/><D105/><U81/><E81/><V119/><F119/><T132/><D82/><U101/><E101/><N who="2" m="38411" /><F74/><N who="1" m="28777" /><E116/><V71/><F71/><T133/><D133/><U33/><E33/><V87/><F80/><T54/><D132/><U95/><E95/><AGARI ba="3,0" hai="86,87,88,90,91,92,94,95,124,125,127" m="38411,31520" machi="95" ten="40,18000,2" yaku="28,2,18,1,34,2,52,1,54,1" doraHai="104" who="2" fromWho="1" sc="389,0,184,-186,477,186,0,0" owari="389,-1.0,-2,-60.0,663,61.0,0,0.0" /></mjloggm>