<mjloggm ver="2.3"><GO type="169" lobby="0"/><UN n0="%E9%A6%AC%E9%BE%8D%6C%65%66%74" n1="%E3%82%86%E3%83%BC%E3%81%BF%E3%82%93" n2="%E6%9D%8F%E9%9B%A8" n3="%E3%81%97%E3%82%93%32" dan="16,16,16,17" rate="2060.18,2089.11,2110.69,2192.81" sx="M,F,F,M"/><TAIKYOKU oya="0"/><INIT seed="0,0,0,4,5,117" ten="250,250,250,250" oya="0" hai0="69,135,122,22,59,18,112,46,129,64,110,65,126" hai1="91,7,5,41,106,73,39,128,97,67,99,130,24" hai2="48,86,119,13,115,87,80,105,62,1,121,133,113" hai3="14,78,134,20,38,16,34,53,109,50,124,57,21"/><T17/><D69/><U2/><E73/><V58/><F1/><W92/><G34/><T33/><D33/><U23/><E67/><V40/><F105/><W79/><G38/><T93/><D112/><U131/><E2/><V107/><F107/><W85/><G109/><T98/><D110/><U88/><E39/><V9/><F119/><W29/><G124/><T114/><D126/><U26/><E41/><V89/><F133/><W27/><G134/><T44/><D135/><U4/><E106/><V123/><F113/><W81/><REACH who="3" step="1"/><G92/><REACH who="3" ten="250,250,250,240" step="2"/><T72/><D114/><U95/><E23/><V94/><F115/><W45/><G45/><T43/><D46/><U104/><E104/><V101/><F94/><AGARI ba="0,1" hai="4,5,7,24,26,88,91,94,95,97,99,128,130,131" machi="94" ten="50,6400,0" yaku="9,1,19,1,54,1" doraHai="117" who="1" fromWho="2" sc="250,0,250,74,250,-64,240,0" /><INIT seed="1,0,0,3,5,27" ten="250,324,186,240" oya="1" hai0="12,0,22,88,4,68,63,110,112,116,8,93,104" hai1="80,11,24,72,109,90,42,66,107,86,41,49,36" hai2="28,73,55,26,53,92,25,21,35,99,9,15,130" hai3="31,133,100,39,101,43,37,61,48,65,29,5,75"/><U83/><E36/><V54/><F73/><W7/><G75/><T23/><D110/><U85/><E107/><V82/><F82/><W95/><G39/><T17/><D116/><U58/><E72/><V51/><F130/><W129/><G37/><T91/><D104/><U32/><E109/><V134/><F134/><W69/><G133/><T10/><D112/><U74/><E74/><V87/><F87/><W62/><G129/><T113/><D113/><U52/><E11/><V79/><F79/><W123/><G65/><T119/><D119/><U124/><E124/><V76/><F76/><W18/><G18/><T81/><D81/><U117/><E117/><V2/><F2/><W30/><G69/><T120/><D120/><U3/><E3/><V132/><F132/><W40/><G123/><T67/><REACH who="0" step="1"/><D91/><REACH who="0" ten="240,324,186,240" step="2"/><U97/><E66/><V127/><F127/><W38/><G95/><T106/><D106/><U44/><E83/><V47/><F35/><W96/><G38/><T56/><D56/><U57/><E58/><V94/><F25/><W131/><G131/><T89/><D89/><U77/><E32/><V84/><F84/><AGARI ba="0,1" hai="0,4,8,10,12,17,22,23,63,67,68,84,88,93" machi="84" ten="30,7700,0" yaku="1,1,7,1,54,1,53,1" doraHai="27" doraHaiUra="33" who="0" fromWho="2" sc="240,87,324,0,186,-77,240,0" /><INIT seed="2,0,0,2,3,78" ten="327,324,109,240" oya="2" hai0="13,32,116,101,114,39,135,102,100,53,61,93,89" hai1="88,99,98,79,4,105,23,74,60,28,54,57,40" hai2="70,96,29,95,36,43,118,76,72,134,126,124,94" hai3="66,127,106,110,112,16,86,15,63,8,52,47,77"/><V44/><F118/><W1/><G106/><T34/><D114/><U14/><E105/><V68/><F134/><W80/><G110/><T90/><D39/><U22/><E40/><V65/><F95/><W133/><G127/><N who="2" m="48681" /><F29/><W104/><G104/><T75/><D75/><U119/><E119/><V129/><F129/><W21/><G112/><T121/><D121/><U41/><E99/><V123/><F123/><W48/><G133/><T82/><D135/><U3/><E3/><V50/><F36/><W9/><G1/><T71/><D116/><U38/><E38/><V111/><F111/><W128/><G128/><T31/><D31/><U62/><E98/><V120/><F120/><W0/><G0/><T12/><D34/><U125/><E28/><V55/><F43/><W5/><G5/><T30/><D30/><U24/><E41/><V109/><F109/><W27/><G27/><T35/><D71/><AGARI ba="0,0" hai="8,9,15,16,21,47,48,52,63,66,71,77,80,86" machi="71" ten="30,7700,0" yaku="7,1,52,1,54,2" doraHai="78" who="3" fromWho="0" sc="327,-77,324,0,109,0,240,77" /><INIT seed="3,0,0,2,3,68" ten="250,324,109,317" oya="3" hai0="88,108,82,13,23,45,109,18,20,84,85,122,0" hai1="57,41,80,130,81,17,61,118,33,92,59,8,87" hai2="78,44,125,126,11,19,46,3,107,14,91,6,73" hai3="124,52,86,89,134,38,101,97,50,90,53,51,42"/><W22/><G134/><T48/><D122/><U75/><E33/><V102/><F91/><W31/><G124/><N who="2" m="47721" /><F102/><W113/><G113/><T9/><D0/><U56/><E75/><V70/><F70/><W110/><G110/><T71/><D71/><U63/><E130/><V58/><F107/><W47/><G31/><T99/><D99/><U1/><E41/><V77/><F58/><W67/><G22/><T114/><D114/><U28/><E28/><V34/><F34/><W104/><G67/><T83/><D108/><U66/><E118/><V55/><F55/><W15/><G15/><T24/><D24/><U2/><E57/><V121/><F121/><W106/><G106/><T123/><D123/><U12/><E92/><V4/><F4/><W54/><REACH who="3" step="1"/><G90/><REACH who="3" ten="250,324,109,307" step="2"/><T76/><REACH who="0" step="1"/><D109/><REACH who="0" ten="240,324,109,307" step="2"/><U135/><E135/><V5/><F3/><W131/><G131/><T26/><D26/><U79/><REACH who="1" step="1"/><E80/><AGARI ba="0,2" hai="38,42,47,50,51,52,53,54,80,86,89,97,101,104" machi="80" ten="40,7700,0" yaku="1,1,52,1,54,1,53,0" doraHai="68" doraHaiUra="128" who="3" fromWho="1" sc="240,0,324,-77,109,0,307,97" /><INIT seed="3,1,0,0,1,9" ten="240,247,109,404" oya="3" hai0="114,22,34,65,3,129,51,15,58,131,109,105,121" hai1="7,88,32,5,8,60,127,73,110,46,20,106,30" hai2="28,19,90,70,48,43,31,56,61,112,120,21,0" hai3="79,44,10,132,99,25,18,98,85,100,86,87,128"/><W71/><G71/><T63/><D105/><U93/><E106/><V52/><F112/><W82/><G132/><T41/><D121/><U24/><E110/><V119/><F119/><W11/><G128/><N who="0" m="49227" /><D3/><U66/><E127/><V42/><F0/><W72/><G44/><N who="0" m="25999" /><D34/><U14/><E73/><V45/><F120/><W55/><G10/><T53/><D109/><U12/><E46/><V75/><F75/><W126/><G126/><T95/><D95/><U77/><E77/><V124/><F124/><W122/><G122/><T4/><D4/><N who="1" m="1611" /><E8/><V54/><F70/><W103/><G25/><T62/><D114/><U74/><E74/><V83/><F42/><W101/><G55/><T117/><D117/><U108/><E32/><V67/><F43/><W36/><G36/><T94/><D94/><U104/><E104/><V26/><REACH who="2" step="1"/><F54/><REACH who="2" ten="240,247,99,404" step="2"/><W91/><G72/><T78/><D65/><U84/><E108/><V37/><F37/><W134/><G79/><T33/><D78/><U115/><E115/><V111/><F111/><W59/><G134/><T135/><D135/><U39/><E39/><V17/><F17/><W80/><G18/><N who="0" m="10591" /><D33/><U49/><E49/><AGARI ba="1,1" hai="49,53,58,62,63" m="10591,25999,49227" machi="49" ten="30,2000,0" yaku="19,1,52,1" doraHai="9" who="0" fromWho="1" sc="240,33,247,-23,99,0,404,0" /><INIT seed="4,0,0,5,2,119" ten="273,224,99,404" oya="0" hai0="0,92,103,9,44,10,56,70,76,134,61,32,4" hai1="19,102,116,100,104,17,36,30,2,50,82,87,26" hai2="39,22,88,75,98,133,41,64,94,79,72,83,124" hai3="3,24,115,96,114,18,21,53,84,73,55,33,28"/><T35/><D134/><U63/><E116/><V66/><F133/><W51/><G73/><T105/><D70/><U1/><E36/><V48/><F39/><W126/><G126/><T49/><D105/><U110/><E110/><V43/><F124/><W68/><G68/><T27/><D76/><U37/><E37/><V42/><F72/><W85/><G96/><T31/><D10/><U74/><E74/><V99/><F99/><W12/><G3/><T93/><D35/><U14/><E50/><V120/><F120/><W16/><G18/><T111/><D103/><U97/><E102/><V52/><REACH who="2" step="1"/><F22/><REACH who="2" ten="273,224,89,404" step="2"/><N who="3" m="11527" /><G33/><T128/><D111/><U130/><E97/><V67/><F67/><W71/><G71/><T109/><D109/><U11/><E104/><V131/><F131/><W112/><G55/><T107/><D128/><U23/><E130/><V106/><F106/><W121/><G121/><T6/><D107/><U54/><E23/><V132/><F132/><W86/><G86/><T69/><D32/><U15/><E87/><V135/><F135/><W59/><AGARI ba="0,1" hai="21,24,28,51,53,59,84,85,112,114,115" m="11527" machi="59" ten="30,2000,0" yaku="15,1,54,1" doraHai="119" who="3" fromWho="3" sc="273,-10,224,-5,89,-5,404,30" /><INIT seed="5,0,0,0,2,5" ten="263,219,84,434" oya="1" hai0="95,15,31,52,0,65,57,3,97,23,132,112,66" hai1="50,1,125,68,10,96,102,9,8,105,22,114,46" hai2="109,47,37,33,116,39,128,25,83,56,124,11,26" hai3="88,117,94,77,40,131,6,58,81,61,73,72,129"/><U69/><E1/><V85/><F109/><W30/><G30/><T41/><D0/><U29/><E114/><V16/><F116/><W53/><G6/><T55/><D3/><U63/><E125/><V135/><F124/><W89/><G117/><T121/><D132/><U7/><E7/><V12/><F135/><W99/><G40/><T126/><D126/><U45/><E63/><V54/><F128/><N who="3" m="49227" /><G73/><T75/><D75/><U49/><E49/><V18/><F26/><W101/><AGARI ba="0,0" hai="53,58,61,72,77,81,88,89,94,99,101" m="49227" machi="101" ten="30,2000,0" yaku="19,1,54,1" doraHai="5" who="3" fromWho="3" sc="263,-5,219,-10,84,-5,434,20" /><INIT seed="6,0,0,4,3,85" ten="258,209,79,454" oya="2" hai0="109,7,51,122,39,75,131,128,69,36,115,25,3" hai1="135,82,103,23,101,58,81,64,46,53,8,63,91" hai2="4,31,118,124,67,126,65,70,22,111,40,52,43" hai3="14,44,104,71,35,98,61,134,90,21,84,5,110"/><V76/><F118/><W119/><G35/><T87/><D75/><U107/><E135/><V10/><F111/><W94/><G110/><T77/><D69/><U74/><E107/><V100/><F76/><W37/><G134/><T12/><D109/><U88/><E74/><V17/><F100/><N who="1" m="38473" /><E8/><V45/><F31/><W34/><G34/><T105/><D105/><U125/><E125/><N who="2" m="48235" /><F70/><W47/><G104/><T86/><D3/><U62/><E62/><V123/><F123/><W27/><G37/><T129/><D122/><U127/><E127/><V72/><F72/><W56/><G71/><T60/><D60/><U89/><E23/><V41/><F45/><W113/><G113/><T132/><D115/><U57/><E57/><V30/><F30/><N who="3" m="17775" /><G119/><T33/><D132/><U20/><E20/><V116/><F116/><W117/><G117/><T99/><D33/><U48/><AGARI ba="0,0" hai="46,48,53,58,63,64,81,82,88,89,91" m="38473" machi="48" ten="30,8000,1" yaku="8,1,52,3,54,1" doraHai="85" who="1" fromWho="1" sc="258,-20,209,80,79,-40,454,-20" /><INIT seed="7,0,0,5,5,34" ten="238,289,39,434" oya="3" hai0="20,100,103,28,93,127,49,21,30,7,111,84,58" hai1="56,113,62,132,15,122,66,69,55,75,125,126,4" hai2="13,41,33,83,76,50,123,130,86,89,71,42,118" hai3="135,120,68,32,1,107,27,98,6,14,78,16,60"/><W43/><G78/><T108/><D127/><N who="1" m="48651" /><E75/><V10/><F118/><W94/><G43/><T82/><D108/><U19/><E4/><V47/><F71/><W31/><G94/><T116/><D111/><U104/><E104/><V112/><F33/><W26/><G26/><T37/><D37/><U40/><E122/><V87/><F130/><W65/><G135/><T22/><D7/><U115/><E40/><V57/><F112/><W8/><G120/><T119/><D119/><U124/><N who="1" m="48659" /><U38/><DORA hai="105" /><E38/><V59/><F123/><W92/><G92/><T109/><D109/><U77/><E77/><V45/><F45/><W131/><G131/><T12/><D12/><U35/><E35/><V70/><F42/><W46/><G46/><T0/><D116/><U106/><E106/><V39/><F70/><W36/><G36/><T51/><D21/><N who="1" m="11519" /><E132/><V101/><F101/><N who="3" m="62903" /><G6/><T129/><D93/><U102/><E102/><V74/><F39/><W48/><G48/><AGARI ba="0,0" hai="48,55,56,62,66,69,113,115" m="11519,48659" machi="48" ten="40,1300,0" yaku="18,1" doraHai="34,105" who="1" fromWho="3" sc="238,0,289,13,39,0,434,-13" owari="238,-16.0,302,10.0,39,-46.0,421,52.0" /></mjloggm>