<mjloggm ver="2.3"><GO type="185" lobby="0"/><UN n0="%E9%80%9F%E8%A6%8B%E5%B9%B8%E4%B8%80" n1="%E3%83%96%E3%83%AB%E3%83%9C%E3%83%B3%51" n2="%E4%BA%9E%E5%9B%B3%E9%8E%96%E2%88%9E%E2%88%9E%E2%88%9E%E2%88%9E%E2%88%9E" n3="" dan="17,16,16,0" rate="2070.95,2159.34,2179.44,1500.00" sx="M,M,F,C"/><TAIKYOKU oya="0"/><INIT seed="0,0,0,3,0,60" ten="350,350,350,0" oya="0" hai0="77,92,115,87,74,86,119,101,112,121,102,131,99" hai1="54,61,64,106,39,124,33,84,76,63,48,83,3" hai2="100,57,68,42,108,69,45,65,128,122,95,35,85" hai3=""/><T125/><N who="0" m="31008" /><T70/><D70/><U127/><E3/><V43/><N who="2" m="31264" /><V93/><F35/><T78/><D119/><U34/><E106/><V91/><F108/><T88/><D74/><U2/><E39/><V66/><F128/><T117/><D117/><U51/><E2/><V59/><F100/><N who="0" m="38506" /><D131/><U118/><E61/><V75/><F75/><T113/><D125/><N who="1" m="48203" /><E118/><V94/><F69/><T116/><D116/><U52/><E51/><V0/><F0/><T129/><D129/><U89/><E76/><AGARI ba="0,0" hai="76,77,78,86,87,88,92,99,112,113,115" m="38506,31008" machi="76" ten="40,12000,1" yaku="34,2,52,1,54,1" doraHai="60" who="0" fromWho="1" sc="350,120,350,-120,350,0,0,0" /><INIT seed="0,1,0,1,2,42" ten="470,230,350,0" oya="0" hai0="33,126,97,66,115,92,50,109,127,111,63,100,3" hai1="82,118,81,59,132,51,43,46,90,54,44,122,114" hai2="106,95,129,117,103,37,1,32,86,93,130,52,71" hai3=""/><T99/><D3/><U70/><N who="1" m="31264" /><U60/><E118/><V85/><F1/><T65/><D33/><U73/><E132/><V36/><F32/><T83/><D115/><U98/><E114/><V45/><F71/><T123/><N who="0" m="31520" /><T84/><D99/><U74/><E70/><V47/><F106/><T76/><D50/><U135/><E135/><V41/><F103/><T94/><D94/><U34/><E34/><V79/><F79/><T110/><D63/><U62/><E62/><V64/><F41/><T112/><D112/><U67/><E81/><V57/><F117/><T124/><AGARI ba="1,0" hai="65,66,76,83,84,92,97,100,109,110,111,124,126,127" m="31520" machi="124" ten="40,8000,1" yaku="0,1,14,1,10,1,18,1,52,1" doraHai="42" who="0" fromWho="0" sc="470,82,230,-41,350,-41,0,0" /><INIT seed="0,2,0,3,1,75" ten="552,189,309,0" oya="0" hai0="111,36,42,55,130,0,62,65,91,52,105,113,118" hai1="78,3,69,129,41,102,48,49,68,59,90,47,115" hai2="124,63,104,125,70,84,92,43,40,106,45,83,112" hai3=""/><T57/><D118/><U38/><E102/><V108/><F112/><T61/><D105/><U34/><E34/><V37/><F108/><T93/><D0/><U89/><E3/><V127/><F92/><T96/><D113/><U99/><E115/><V94/><F94/><T119/><D119/><U39/><E129/><V135/><F43/><T131/><D111/><U126/><E126/><V33/><F33/><T82/><D82/><U122/><N who="1" m="31264" /><U54/><E99/><V1/><F1/><T32/><D32/><U46/><E78/><V73/><F135/><T86/><D96/><U133/><E133/><V116/><F116/><T101/><D101/><U64/><E90/><V128/><F128/><N who="0" m="49194" /><D62/><U107/><E89/><V76/><F84/><T98/><D98/><U117/><E117/><V77/><F77/><T35/><D35/><U100/><E100/><V95/><F95/><T71/><D71/><N who="1" m="27211" /><E107/><V132/><F132/><T123/><N who="0" m="31520" /><T50/><D36/><U53/><E64/><AGARI ba="2,0" hai="37,40,45,63,64,70,73,76,83,104,106,124,125,127" machi="64" ten="40,8000,1" yaku="18,1,23,2,52,1" doraHai="75" who="2" fromWho="1" sc="552,0,189,-84,309,84,0,0" /><INIT seed="1,0,0,3,4,41" ten="552,105,393,0" oya="1" hai0="57,75,35,125,77,108,65,37,2,48,80,123,84" hai1="44,71,107,46,92,91,117,79,0,40,134,97,95" hai2="89,45,96,78,116,118,39,121,55,112,127,101,69" hai3=""/><U74/><E0/><V38/><N who="2" m="31008" /><V67/><F127/><T81/><N who="0" m="31520" /><T86/><D35/><U100/><E117/><V130/><F130/><T42/><D108/><U36/><E71/><V110/><F110/><T64/><D37/><U115/><E115/><V51/><F112/><T73/><D2/><U133/><E95/><V85/><F78/><T3/><D125/><U122/><N who="1" m="31264" /><U128/><E128/><V54/><F54/><T135/><D135/><N who="1" m="51723" /><E36/><V88/><F38/><T47/><D3/><U131/><E40/><V62/><F39/><T68/><D68/><U104/><E131/><V63/><F63/><T113/><D113/><U50/><E50/><V132/><F132/><T126/><D42/><U60/><E60/><V70/><F70/><T83/><D48/><U1/><E1/><V61/><F62/><T56/><D126/><U34/><E34/><V93/><REACH who="2" step="1"/><F89/><REACH who="2" ten="552,105,383,0" step="2"/><T99/><D77/><U111/><E111/><V114/><F114/><T72/><D72/><U102/><E91/><V106/><AGARI ba="0,1" hai="45,51,55,61,67,69,85,88,93,96,101,106,116,118" m="31008" machi="106" ten="20,9000,2" yaku="1,1,0,1,7,1,52,2,54,1,53,0" doraHai="41" doraHaiUra="52" who="2" fromWho="2" sc="552,-30,105,-60,383,100,0,0" /><INIT seed="2,0,0,0,5,94" ten="522,45,483,0" oya="2" hai0="123,56,111,106,43,122,110,92,121,83,69,109,34" hai1="50,88,132,85,39,75,95,129,35,115,86,90,126" hai2="68,124,59,53,117,82,71,76,64,62,130,32,120" hai3=""/><V49/><N who="2" m="30752" /><V41/><F32/><T77/><D106/><U37/><E35/><V107/><F117/><T119/><D69/><U54/><E129/><V73/><F124/><T58/><D34/><U60/><E126/><V40/><F130/><T87/><D119/><U65/><E75/><V47/><F107/><T72/><D43/><U98/><E115/><V101/><F101/><T127/><D127/><U81/><E132/><V38/><REACH who="2" step="1"/><F40/><REACH who="2" ten="522,45,473,0" step="2"/><T91/><AGARI ba="0,1" hai="56,58,72,77,83,87,91,92,109,110,111,121,122,123" machi="91" ten="40,2000,0" yaku="0,1,14,1" doraHai="94" who="0" fromWho="0" sc="522,30,45,-7,473,-13,0,0" /><INIT seed="4,0,0,5,3,129" ten="552,38,460,0" oya="0" hai0="50,54,109,75,84,34,86,92,111,59,36,120,132" hai1="117,43,112,39,40,123,96,90,87,108,33,103,85" hai2="62,130,57,113,119,121,79,106,67,107,51,100,125" hai3=""/><T52/><N who="0" m="30752" /><T66/><D34/><U73/><N who="1" m="31520" /><U133/><E73/><V37/><N who="2" m="31008" /><V2/><F2/><T65/><D75/><U105/><E33/><V3/><F3/><T32/><D32/><U115/><E117/><V41/><F119/><T42/><D36/><U95/><E108/><N who="0" m="41545" /><D42/><U61/><E61/><V94/><F130/><T74/><D74/><U126/><E126/><V80/><F125/><T128/><D128/><U68/><E68/><V69/><F37/><T83/><D132/><U38/><E38/><V127/><F127/><T56/><D92/><U124/><E124/><V63/><F113/><N who="1" m="43593" /><E39/><V102/><F41/><N who="1" m="15945" /><E133/><V81/><F107/><T88/><D86/><AGARI ba="0,0" hai="85,86,87,90,95,96,103,105" m="15945,43593,31520" machi="86" ten="30,3900,0" yaku="15,1,11,1,52,1" doraHai="129" who="1" fromWho="0" sc="552,-39,38,39,460,0,0,0" /><INIT seed="5,0,0,2,4,41" ten="513,77,460,0" oya="1" hai0="120,80,55,100,116,101,68,32,106,122,48,35,103" hai1="52,93,126,78,46,86,58,124,42,108,135,134,54" hai2="114,107,3,95,67,45,59,128,56,111,85,121,33" hai3=""/><U94/><E78/><V115/><N who="2" m="31008" /><V104/><F3/><T61/><N who="0" m="30752" /><T112/><N who="0" m="31264" /><T102/><D112/><N who="2" m="43050" /><F111/><T66/><D116/><U63/><E54/><V64/><F33/><T71/><D71/><U75/><E75/><V79/><F79/><T36/><D36/><U117/><E117/><V44/><F128/><T65/><D65/><N who="2" m="25162" /><F85/><T113/><D106/><N who="2" m="40490" /><F95/><N who="1" m="36361" /><E86/><V38/><F38/><T109/><D109/><U133/><E108/><V60/><F60/><T72/><D103/><U98/><E98/><V92/><F92/><T110/><D110/><U57/><E57/><AGARI ba="0,0" hai="44,45,56,57,59" m="40490,25162,43050,31008" machi="57" ten="40,12000,2" yaku="28,2,15,1,11,1,52,3" doraHai="41" who="2" fromWho="1" sc="513,0,77,-120,460,120,0,0" owari="513,11.0,-43,-64.0,580,53.0,0,0.0" /></mjloggm>