<mjloggm ver="2.3"><GO type="169" lobby="0"/><UN n0="%E6%8C%AF%E3%82%8A%E8%BE%BC%E3%81%BF%E3%83%9E%E3%82%B8%E3%83%B3%E3%82%AC" n1="%E3%81%84%E3%81%A1%E3%81%AE%E3%81%9B%E3%81%BB%E3%81%AA%E3%81%BF" n2="%E9%9D%92%E5%B1%B1%E5%AD%A6%E9%99%A2%EF%BC%94%E5%B9%B4" n3="%E8%92%B8%E3%81%97%E5%A4%A7%E8%B1%86" dan="16,16,17,16" rate="2087.86,2148.52,2199.15,2019.46" sx="M,F,M,M"/><TAIKYOKU oya="0"/><INIT seed="0,0,0,3,2,104" ten="250,250,250,250" oya="0" hai0="68,8,55,3,82,60,91,83,127,29,97,102,123" hai1="73,76,110,77,58,108,30,122,98,12,14,107,67" hai2="81,36,18,88,25,70,72,4,61,37,40,119,50" hai3="126,19,28,90,106,79,10,2,101,116,57,112,52"/><T85/><D127/><U17/><E122/><V84/><F4/><W20/><G112/><T43/><D123/><U78/><E30/><V74/><F50/><W51/><G116/><T121/><D121/><U69/><E69/><V125/><F125/><W5/><G126/><T114/><D114/><U63/><E73/><V103/><F103/><W54/><G79/><T44/><D29/><U80/><E80/><V134/><F134/><W128/><G128/><T16/><D68/><U53/><E67/><V118/><F40/><W56/><G28/><T105/><D55/><U42/><E42/><V48/><F48/><W96/><G90/><T89/><D60/><U132/><E132/><V124/><F124/><W100/><G100/><T13/><D3/><U94/><E107/><V0/><F0/><W1/><G1/><T92/><REACH who="0" step="1"/><D89/><REACH who="0" ten="240,250,250,250" step="2"/><U64/><E53/><V24/><F61/><W120/><G120/><T99/><D99/><U115/><E115/><V71/><F70/><W22/><REACH who="3" step="1"/><G19/><REACH who="3" ten="240,250,250,240" step="2"/><T87/><D87/><U6/><E17/><V75/><F18/><W129/><G129/><T66/><D66/><U9/><REACH who="1" step="1"/><E14/><REACH who="1" ten="240,240,250,240" step="2"/><V39/><REACH who="2" step="1"/><F71/><REACH who="2" ten="240,240,240,240" step="2"/><RYUUKYOKU type="reach4" ba="0,4" sc="240,0,240,0,240,0,240,0" hai0="8,13,16,43,44,82,83,85,91,92,97,102,105" hai1="6,9,12,58,63,64,76,77,78,94,98,108,110" hai2="24,25,36,37,39,72,74,75,81,84,88,118,119" hai3="2,5,10,20,22,51,52,54,56,57,96,101,106" /><INIT seed="0,1,4,1,5,82" ten="240,240,240,240" oya="0" hai0="71,6,17,58,113,69,67,81,112,54,73,129,38" hai1="107,88,97,117,86,62,31,111,119,43,83,48,61" hai2="104,90,47,44,75,13,99,37,36,116,125,53,8" hai3="135,29,74,5,16,25,3,114,42,49,50,56,1"/><T121/><D121/><U85/><E111/><V98/><F75/><W109/><G114/><T41/><D6/><U33/><E33/><V39/><F125/><W120/><G74/><T55/><D17/><U76/><E31/><V18/><F53/><W78/><G120/><T21/><D21/><U52/><E43/><V130/><F130/><W132/><G109/><T94/><D94/><U0/><E0/><V14/><F116/><W105/><G105/><T124/><D81/><N who="1" m="49231" /><E107/><V106/><F90/><W133/><G78/><T80/><D80/><U26/><E119/><V115/><F115/><N who="0" m="44106" /><D129/><U4/><E4/><V12/><F18/><W70/><G5/><T110/><D73/><U30/><E117/><V34/><F8/><W64/><G29/><T89/><D89/><U68/><E68/><V118/><F34/><W87/><G70/><T127/><D110/><U19/><E97/><V102/><REACH who="2" step="1"/><F118/><REACH who="2" ten="240,240,230,240" step="2"/><W23/><G1/><T103/><D124/><U32/><E32/><V122/><F122/><W35/><G3/><T22/><D127/><U66/><E66/><V60/><F60/><N who="1" m="23145" /><E30/><V28/><F28/><W59/><G35/><T79/><D67/><U91/><E91/><V57/><F57/><W92/><G64/><T63/><D58/><N who="3" m="22057" /><G42/><T96/><D41/><U40/><E40/><V101/><AGARI ba="1,5" hai="12,13,14,36,37,39,44,47,98,99,101,102,104,106" machi="101" ten="40,5200,0" yaku="1,1,0,1,9,1,53,0" doraHai="82" doraHaiUra="24" who="2" fromWho="2" sc="240,-27,240,-14,230,105,240,-14" /><INIT seed="1,0,0,5,3,38" ten="213,226,335,226" oya="1" hai0="19,39,49,113,123,13,50,68,25,10,110,112,63" hai1="86,2,31,45,32,84,26,40,125,5,47,71,54" hai2="122,92,90,48,16,67,101,117,66,46,42,124,108" hai3="105,70,17,96,104,43,106,0,134,114,53,109,8"/><U59/><E125/><V118/><F122/><W88/><G109/><T44/><D123/><U55/><E71/><V81/><F108/><W87/><G70/><T22/><D110/><U103/><E103/><V79/><F101/><W75/><G75/><T76/><D39/><U132/><E132/><V93/><F124/><W14/><G134/><T107/><D107/><U116/><E116/><V12/><F118/><W119/><G114/><T102/><D102/><U85/><E47/><V129/><F129/><W95/><G119/><T21/><D76/><U33/><E33/><V15/><F15/><W100/><G0/><T61/><D68/><U131/><E131/><V34/><F34/><W94/><G53/><T121/><D121/><U91/><E91/><V30/><F30/><W62/><REACH who="3" step="1"/><G62/><REACH who="3" ten="213,226,335,216" step="2"/><T97/><D61/><U56/><E55/><V58/><F117/><W73/><G73/><T7/><D63/><U3/><E54/><V82/><F67/><W80/><G80/><T83/><D83/><U99/><E3/><V4/><F82/><W115/><G115/><T20/><D113/><U11/><REACH who="1" step="1"/><E99/><REACH who="1" ten="213,216,335,216" step="2"/><V24/><F66/><W18/><G18/><N who="0" m="12503" /><D97/><U78/><E78/><V74/><F79/><W111/><G111/><T51/><D112/><U29/><E29/><V23/><F74/><W60/><G60/><T28/><D19/><U65/><E65/><V72/><F72/><W41/><AGARI ba="0,2" hai="8,14,17,41,43,87,88,94,95,96,100,104,105,106" machi="41" ten="40,8000,1" yaku="1,1,0,1,52,2,54,1,53,0" doraHai="38" doraHaiUra="120" who="3" fromWho="3" sc="213,-20,216,-40,335,-20,216,100" /><INIT seed="2,0,0,4,2,35" ten="193,176,315,316" oya="2" hai0="132,67,115,43,112,12,129,26,125,83,38,111,85" hai1="4,72,124,96,116,71,120,48,10,52,42,114,95" hai2="28,34,121,78,107,65,0,2,56,69,61,133,100" hai3="19,32,50,24,77,8,11,53,84,113,110,39,66"/><V29/><F121/><W57/><G110/><T41/><D111/><U55/><E116/><V117/><F117/><W101/><G113/><T130/><D26/><U81/><E114/><N who="0" m="43561" /><D12/><U13/><E120/><V37/><F78/><W97/><G39/><T36/><D85/><U103/><E71/><V119/><F119/><W62/><G77/><T5/><D5/><U45/><E72/><V30/><F37/><N who="0" m="14442" /><D83/><U40/><E124/><V106/><F133/><W108/><G84/><T7/><D7/><U126/><E126/><V131/><F131/><N who="0" m="50186" /><D125/><U47/><REACH who="1" step="1"/><E81/><REACH who="1" ten="193,166,315,316" step="2"/><V82/><F82/><W75/><G108/><T20/><D132/><U80/><E80/><V70/><F34/><W14/><G75/><T31/><D67/><U23/><E23/><V87/><F87/><W94/><G32/><T44/><D20/><U74/><E74/><V18/><F18/><W91/><G11/><T49/><D31/><U134/><E134/><V60/><F69/><W46/><G24/><T109/><D109/><U118/><E118/><V16/><F16/><W104/><G104/><T102/><D102/><AGARI ba="0,1" hai="8,14,19,46,50,53,57,62,66,91,94,97,101,102" machi="102" ten="40,1300,0" yaku="8,1" doraHai="35" who="3" fromWho="0" sc="193,-13,166,0,315,0,316,23" /><INIT seed="3,0,0,0,2,118" ten="180,166,315,339" oya="3" hai0="30,8,27,7,113,81,108,104,15,19,46,34,103" hai1="117,115,66,120,10,65,49,135,124,14,126,76,16" hai2="93,97,24,61,68,86,26,116,29,129,88,73,25" hai3="122,41,31,39,105,37,36,83,54,114,127,82,109"/><W94/><G114/><T133/><D113/><U110/><E115/><V40/><F73/><W47/><G105/><T74/><D104/><U11/><E117/><V72/><F72/><W91/><G127/><N who="1" m="48682" /><E135/><V96/><F116/><W60/><G31/><T38/><D103/><U23/><E110/><V75/><F75/><W22/><G41/><T21/><D108/><U3/><E76/><V53/><F29/><W92/><G92/><T6/><D133/><U100/><E100/><V89/><F129/><W119/><G119/><T56/><D56/><U125/><N who="1" m="48690" /><U77/><DORA hai="123" /><E77/><V101/><F40/><W9/><G22/><T84/><D74/><U90/><E49/><V95/><F68/><W12/><G109/><T17/><D46/><U134/><E134/><V48/><F61/><W4/><G122/><T63/><D63/><U51/><E51/><V18/><F18/><W52/><G47/><T20/><D38/><U35/><E35/><V0/><F0/><W42/><G42/><T80/><D84/><U85/><E120/><V13/><F13/><W44/><G44/><T121/><D121/><U107/><E107/><V62/><F62/><W45/><G45/><T5/><REACH who="0" step="1"/><D34/><REACH who="0" ten="170,166,315,339" step="2"/><U55/><E55/><V132/><F132/><W67/><G54/><T131/><D131/><U59/><E59/><N who="2" m="33191" /><F101/><W87/><REACH who="3" step="1"/><G52/><REACH who="3" ten="170,166,315,329" step="2"/><T43/><D43/><U111/><E111/><V28/><F28/><W57/><AGARI ba="0,2" hai="4,9,12,36,37,39,57,60,67,82,83,87,91,94" machi="57" ten="30,6000,0" yaku="1,1,2,1,0,1,53,0" doraHai="118,123" doraHaiUra="64,130" who="3" fromWho="3" sc="170,-20,166,-20,315,-20,329,80" /><INIT seed="3,1,0,1,1,107" ten="150,146,295,409" oya="3" hai0="75,1,129,40,14,31,21,10,76,2,66,13,45" hai1="22,125,120,64,49,113,83,18,42,104,109,32,6" hai2="19,35,24,110,93,101,85,116,28,53,61,92,89" hai3="17,108,62,54,33,100,94,111,80,52,23,55,51"/><W15/><G33/><T91/><D129/><U8/><E113/><V121/><F116/><W41/><G80/><T38/><D66/><U4/><E120/><V5/><F5/><W130/><G130/><T29/><D91/><U9/><E104/><V47/><F110/><N who="3" m="42027" /><G94/><T16/><D1/><U99/><E109/><V20/><F121/><W119/><G100/><T88/><D88/><U72/><E99/><V123/><F123/><W65/><G119/><T79/><D79/><U43/><E32/><V87/><F101/><W114/><G114/><T86/><D86/><U11/><E125/><V25/><F92/><W122/><G41/><T90/><D90/><U30/><E30/><V77/><F77/><W44/><G122/><T3/><D3/><U48/><E64/><V34/><F34/><W127/><G127/><T58/><D58/><AGARI ba="1,0" hai="15,17,23,44,51,52,54,55,58,62,65" m="42027" machi="58" ten="30,5800,0" yaku="14,1,10,1,54,1" doraHai="107" who="3" fromWho="0" sc="150,-61,146,0,295,0,409,61" /><INIT seed="3,2,0,4,0,103" ten="89,146,295,470" oya="3" hai0="99,27,17,79,82,40,131,110,46,61,132,45,101" hai1="12,129,5,42,68,109,48,112,13,9,113,62,105" hai2="53,65,77,114,15,52,91,125,104,55,67,118,71" hai3="115,94,59,58,56,121,107,84,70,25,37,83,49"/><W38/><G70/><T117/><D117/><U133/><E109/><V1/><F1/><W20/><G115/><T22/><D110/><U66/><E129/><V21/><F118/><W74/><G74/><T73/><D132/><U130/><E130/><V93/><F114/><W29/><G121/><T97/><D131/><U51/><E133/><V78/><F104/><W6/><G6/><T89/><D61/><U100/><E51/><V44/><F44/><W54/><G94/><T98/><D89/><U128/><E128/><V126/><F71/><W4/><G4/><T30/><D30/><U76/><E76/><N who="2" m="29291" /><F15/><W96/><G37/><T90/><D90/><U127/><E127/><N who="2" m="48651" /><F21/><W108/><G38/><T39/><REACH who="0" step="1"/><D46/><REACH who="0" ten="79,146,295,470" step="2"/><U135/><E135/><V50/><F50/><W102/><G108/><T85/><D85/><AGARI ba="2,1" hai="52,53,55,65,67,85,91,93" m="48651,29291" machi="85" ten="30,2000,0" yaku="18,1,54,1" doraHai="103" who="2" fromWho="0" sc="79,-26,146,0,295,36,470,0" /><INIT seed="4,0,0,1,1,48" ten="53,146,331,470" oya="0" hai0="122,89,40,81,107,28,99,56,93,79,115,14,95" hai1="88,85,74,97,84,83,133,10,47,37,119,91,116" hai2="63,34,36,42,1,22,96,61,30,125,8,108,50" hai3="60,39,80,19,58,117,104,57,78,52,25,16,5"/><T109/><D28/><U110/><E110/><V73/><F34/><W71/><G117/><T64/><D40/><U20/><E133/><V124/><F108/><W31/><G39/><T126/><D109/><U114/><E114/><V51/><F73/><W135/><G104/><T132/><D126/><U29/><E74/><V67/><F1/><W70/><G5/><T72/><D122/><U94/><E10/><V82/><F82/><W62/><G135/><T131/><D131/><U134/><E134/><V41/><F8/><W26/><G70/><T111/><D115/><U90/><E37/><V9/><F9/><W101/><G101/><T4/><D132/><U127/><E47/><V86/><F86/><N who="3" m="48407" /><G71/><T54/><D64/><U0/><E0/><V2/><F2/><W32/><G32/><T23/><D89/><U27/><E127/><V106/><F36/><W103/><G103/><T44/><D44/><U121/><E121/><V77/><F77/><W53/><G31/><T38/><D38/><U105/><E105/><V49/><F67/><W11/><G11/><T43/><D43/><U46/><E46/><V87/><F42/><W68/><G68/><T129/><D129/><U102/><E102/><N who="2" m="62791" /><F125/><W100/><G100/><N who="0" m="62879" /><D111/><U123/><E123/><V69/><F69/><W33/><G33/><T7/><D7/><U6/><E6/><V76/><F41/><W66/><G66/><T98/><D4/><U24/><E24/><AGARI ba="0,0" hai="16,19,24,25,26,52,53,57,58,60,62" m="48407" machi="24" ten="30,8000,1" yaku="8,1,52,2,54,2" doraHai="48" who="3" fromWho="1" sc="53,0,146,-80,331,0,470,80" /><INIT seed="5,0,0,2,1,38" ten="53,66,331,550" oya="1" hai0="92,79,34,44,76,132,74,73,21,90,55,69,108" hai1="9,101,83,130,115,126,135,48,15,65,127,133,94" hai2="116,33,80,118,24,82,12,20,109,14,16,77,99" hai3="49,18,122,89,95,81,7,10,1,59,6,131,100"/><U123/><E123/><V96/><F109/><W68/><G131/><T78/><D108/><U111/><E111/><V113/><F80/><W124/><G68/><T27/><D132/><N who="1" m="50763" /><E115/><V35/><F113/><W47/><G124/><N who="1" m="47658" /><E65/><V128/><F128/><W51/><G122/><T13/><D69/><U75/><E48/><V86/><F14/><W61/><G81/><T30/><D13/><U53/><E53/><V36/><F36/><W29/><G100/><T28/><D28/><U134/><N who="1" m="50771" /><U110/><DORA hai="66" /><E110/><V67/><F67/><N who="3" m="39359" /><G29/><T98/><REACH who="0" step="1"/><D34/><REACH who="0" ten="43,66,331,550" step="2"/><U71/><E71/><V46/><F33/><W52/><G1/><T93/><D93/><U41/><E130/><V87/><F35/><W104/><G104/><T85/><D85/><U40/><E83/><V57/><F82/><W114/><G114/><T103/><D103/><U112/><E75/><V3/><F3/><W102/><G102/><T107/><D107/><U64/><E112/><V106/><F106/><W8/><G95/><T62/><D62/><U43/><E64/><V19/><F86/><W120/><G89/><T91/><D91/><U17/><E101/><V56/><F87/><W25/><G120/><T97/><D97/><U60/><E60/><V39/><F99/><W5/><G6/><T50/><AGARI ba="0,1" hai="21,27,30,44,50,55,73,74,76,78,79,90,92,98" machi="50" ten="30,2000,0" yaku="1,1,0,1,53,0" doraHai="38,66" doraHaiUra="2,4" who="0" fromWho="0" sc="43,30,66,-10,331,-5,550,-5" /><INIT seed="6,0,0,1,0,123" ten="73,56,326,545" oya="2" hai0="62,117,22,36,102,70,17,23,110,89,32,131,6" hai1="9,35,134,1,24,30,69,66,60,73,78,47,20" hai2="82,8,94,106,57,53,5,111,49,39,48,108,107" hai3="33,83,2,81,72,103,27,127,10,52,77,40,46"/><V109/><F39/><W59/><G103/><T97/><D32/><U104/><E134/><V41/><F94/><W16/><G127/><T28/><D131/><U112/><E112/><V115/><F115/><W31/><G81/><T11/><D110/><U88/><E88/><V54/><F41/><W55/><G59/><T51/><D36/><U38/><E20/><V130/><F130/><W29/><G29/><T99/><D117/><U61/><E61/><V113/><F113/><W90/><G90/><T25/><D70/><U125/><E125/><V37/><F37/><N who="3" m="21775" /><G16/><T21/><D62/><U56/><E56/><N who="2" m="32807" /><F82/><W86/><G86/><T7/><D51/><U135/><E135/><V87/><F87/><W100/><G100/><T12/><D102/><U96/><E96/><N who="0" m="36937" /><D89/><U19/><E104/><V74/><F74/><W65/><G65/><T98/><D98/><U58/><E58/><V42/><F42/><W122/><G122/><T85/><D85/><U124/><E124/><V105/><F105/><W0/><G0/><AGARI ba="0,0" hai="0,5,8,49,54,57,106,107,108,109,111" m="32807" machi="0" ten="30,11600,0" yaku="10,1,52,3" doraHai="123" who="2" fromWho="3" sc="73,0,56,0,326,116,545,-116" /><INIT seed="6,1,0,3,5,8" ten="73,56,442,429" oya="2" hai0="25,119,99,134,77,60,131,52,13,20,126,65,18" hai1="110,4,133,68,105,19,76,15,78,111,36,43,35" hai2="103,58,92,107,33,113,34,125,100,37,86,7,129" hai3="22,10,6,0,42,74,114,47,63,30,17,135,89"/><V46/><F107/><W83/><G135/><T69/><D134/><U112/><E133/><V97/><F100/><W127/><G127/><T66/><D131/><U118/><E118/><V48/><F37/><W31/><G114/><T73/><D126/><U59/><E68/><V75/><F75/><W51/><G63/><T88/><D119/><U93/><E105/><V55/><F125/><W11/><G11/><N who="0" m="6463" /><D77/><U64/><E4/><V123/><F123/><W80/><G89/><T120/><D73/><U32/><E112/><V108/><F113/><W21/><G21/><T53/><D69/><U132/><E132/><V128/><F108/><W24/><REACH who="3" step="1"/><G80/><REACH who="3" ten="73,56,442,419" step="2"/><T49/><D60/><N who="1" m="37919" /><E35/><V124/><F124/><W57/><G57/><N who="0" m="32911" /><D120/><U122/><E32/><V95/><F58/><W41/><G41/><T2/><D53/><U106/><E122/><V3/><F33/><W102/><G102/><T23/><D23/><N who="1" m="11775" /><E43/><V81/><F34/><W85/><G85/><T27/><D20/><U87/><E111/><V90/><F81/><W56/><G56/><T91/><D91/><N who="1" m="53503" /><E110/><V116/><F116/><W117/><G117/><T130/><D130/><U98/><E36/><V12/><F129/><W44/><G44/><T115/><D115/><U28/><E28/><V9/><F128/><W79/><AGARI ba="1,1" hai="0,6,10,17,22,24,30,31,42,47,51,74,79,83" machi="79" ten="30,4000,0" yaku="1,1,0,1,53,1" doraHai="8" doraHaiUra="16" who="3" fromWho="3" sc="73,-11,56,-11,442,-21,419,53" /><INIT seed="7,0,0,1,2,74" ten="62,45,421,472" oya="3" hai0="110,36,54,93,118,95,65,119,125,122,92,107,18" hai1="75,121,44,63,88,89,40,112,16,21,80,4,68" hai2="78,70,124,8,39,23,51,37,120,73,53,49,97" hai3="12,47,87,117,103,129,69,83,38,56,33,55,46"/><W101/><G69/><T26/><D107/><U104/><E104/><V76/><F70/><W45/><G117/><T108/><D122/><U3/><E121/><V100/><F120/><W5/><G33/><T20/><D125/><U127/><E127/><V30/><F124/><W41/><G38/><T25/><D65/><U64/><E112/><V59/><F73/><W116/><G41/><T109/><D36/><U42/><E42/><V77/><F8/><N who="3" m="4111" /><G129/><T114/><D114/><U94/><E3/><V22/><F22/><W6/><G6/><T84/><D54/><U11/><E94/><N who="2" m="58423" /><F37/><W29/><G29/><T61/><D61/><U14/><E40/><V32/><F32/><W132/><G132/><T91/><REACH who="0" step="1"/><D26/><REACH who="0" ten="52,45,421,472" step="2"/><U111/><E111/><V1/><F39/><W34/><G116/><AGARI ba="0,1" hai="18,20,25,84,91,92,93,95,108,109,110,116,118,119" machi="116" ten="50,3200,0" yaku="1,1,2,1,53,0" doraHai="74" doraHaiUra="66" who="0" fromWho="3" sc="52,42,45,0,421,0,472,-32" owari="94,-31.0,45,-45.0,421,22.0,440,54.0" /></mjloggm>