<mjloggm ver="2.3"><GO type="169" lobby="0"/><UN n0="%E5%A4%A7%E8%94%B5%E9%81%8A%E6%98%9F" n1="%79%6A%2D%63%68%65%6B%69" n2="%E3%83%95%E3%82%A1%E3%83%8B%E3%81%93%E3%82%8C%E5%90%9B%52" n3="%E3%81%AD%E3%81%8D%E3%81%9B%40" dan="16,16,16,18" rate="2137.40,2079.94,2098.68,2243.71" sx="F,M,M,M"/><TAIKYOKU oya="0"/><INIT seed="0,0,0,0,5,18" ten="250,250,250,250" oya="0" hai0="24,134,37,42,92,82,11,69,36,31,48,5,77" hai1="12,33,76,60,56,51,114,115,79,52,83,59,32" hai2="124,90,109,49,93,9,104,74,131,91,103,96,128" hai3="72,55,98,73,58,65,97,68,25,87,20,133,61"/><T80/><D69/><U50/><E12/><V117/><F9/><W102/><G133/><T8/><D134/><U66/><E51/><V26/><F117/><W101/><G87/><T15/><D92/><U39/><E39/><V118/><F118/><W107/><G68/><T2/><D48/><U85/><REACH who="1" step="1"/><E79/><REACH who="1" ten="250,240,250,250" step="2"/><V41/><F49/><W112/><G112/><AGARI ba="0,1" hai="32,33,50,52,56,59,60,66,76,83,85,112,114,115" machi="112" ten="40,8000,1" yaku="1,1,2,1,11,1,54,1,53,0" doraHai="18" doraHaiUra="84" who="1" fromWho="3" sc="250,0,240,90,250,0,250,-80" /><INIT seed="1,0,0,2,4,16" ten="250,330,250,170" oya="1" hai0="116,114,54,124,65,106,125,129,14,102,41,22,108" hai1="17,122,37,44,47,35,24,120,95,15,52,29,23" hai2="8,4,127,21,40,93,49,94,83,115,73,13,48" hai3="112,133,30,66,11,103,1,6,90,104,33,18,135"/><U42/><REACH who="1" step="1"/><E95/><REACH who="1" ten="250,320,250,170" step="2"/><V64/><F94/><W131/><G112/><T79/><D114/><U75/><E75/><V76/><F115/><W134/><G104/><T130/><D106/><U20/><E20/><V89/><F127/><W7/><G103/><T128/><D102/><U39/><E39/><V92/><F92/><W113/><G113/><T68/><D125/><U78/><E78/><V71/><F40/><W117/><G117/><T121/><D116/><U82/><E82/><V111/><F111/><W27/><G90/><T46/><D108/><U62/><E62/><V72/><F72/><W118/><G118/><T60/><D124/><U12/><E12/><V97/><F21/><W58/><G131/><T2/><D79/><U55/><E55/><V10/><F10/><W53/><G66/><T100/><D100/><U57/><E57/><V70/><REACH who="2" step="1"/><F64/><REACH who="2" ten="250,320,240,170" step="2"/><W38/><G38/><T81/><D41/><U59/><E59/><V19/><F19/><W31/><G18/><N who="0" m="10583" /><D81/><U9/><E9/><V0/><F0/><W86/><G1/><T99/><D2/><U87/><E87/><V88/><F88/><W45/><G86/><T80/><D80/><U105/><E105/><V5/><F5/><W101/><G7/><T56/><D129/><U50/><AGARI ba="0,2" hai="15,17,23,24,29,35,37,42,44,47,50,52,120,122" machi="50" ten="30,12000,1" yaku="21,2,0,1,52,1,54,1,53,0" doraHai="16" doraHaiUra="67" who="1" fromWho="1" sc="250,-40,320,140,240,-40,170,-40" /><INIT seed="1,1,0,1,4,51" ten="210,460,200,130" oya="1" hai0="50,116,44,115,90,128,64,107,1,89,25,102,15" hai1="53,36,67,59,46,56,28,98,12,9,62,134,43" hai2="38,92,91,100,11,34,86,48,74,112,117,54,6" hai3="58,93,32,22,18,114,103,13,39,30,121,16,73"/><U82/><E134/><V126/><F34/><W70/><G70/><T122/><D1/><U3/><E3/><V135/><F38/><W113/><G121/><T19/><D115/><U8/><E28/><V133/><F74/><W37/><G73/><T94/><D122/><U118/><E118/><V131/><F117/><W10/><G39/><T26/><D116/><U68/><E59/><V71/><F71/><W29/><G37/><T125/><D64/><U108/><E108/><V105/><F112/><W0/><G103/><T31/><D107/><U80/><E98/><V72/><F72/><W127/><G93/><T123/><D123/><U106/><E106/><V78/><F78/><W84/><G84/><T85/><D102/><U81/><REACH who="1" step="1"/><E12/><REACH who="1" ten="210,450,200,130" step="2"/><V61/><F105/><W45/><G0/><T57/><D57/><U75/><E75/><V52/><F135/><W76/><G114/><T99/><D31/><U110/><E110/><V47/><F133/><W5/><G113/><T109/><D109/><U24/><E24/><V2/><F2/><W42/><G30/><T40/><D25/><U23/><E23/><V41/><F11/><W69/><G22/><T20/><D26/><U83/><N who="1" m="20480" /><DORA hai="17" /><U120/><E120/><V21/><F21/><W96/><G58/><T33/><D33/><U130/><E130/><V88/><F131/><W104/><G104/><T87/><D128/><U63/><AGARI ba="1,1" hai="8,9,36,43,46,53,56,62,63,67,68" m="20480" machi="63" ten="40,7800,0" yaku="1,1,0,1,52,1,53,0" doraHai="51,17" doraHaiUra="97,27" who="1" fromWho="1" sc="210,-27,450,91,200,-27,130,-27" /><INIT seed="1,2,0,4,0,12" ten="183,541,173,103" oya="1" hai0="46,51,113,74,103,66,88,42,114,40,97,131,90" hai1="18,120,133,135,73,86,47,69,71,26,32,37,61" hai2="67,28,48,132,116,33,49,108,43,14,98,109,101" hai3="85,57,89,94,41,100,75,39,50,52,111,22,134"/><U53/><E73/><V129/><F116/><W78/><G111/><N who="2" m="42569" /><F132/><W79/><G134/><N who="1" m="51210" /><E32/><V17/><F129/><W3/><G3/><T30/><D88/><U81/><E120/><V99/><F43/><W93/><G75/><T118/><D66/><U6/><E6/><V104/><F67/><W25/><G39/><T96/><D51/><N who="1" m="28927" /><E61/><V122/><F99/><N who="3" m="59511" /><G41/><T11/><D97/><U60/><E60/><V8/><F122/><W7/><G7/><T70/><D40/><U9/><E37/><V110/><N who="2" m="42577" /><V80/><DORA hai="23" /><F80/><W124/><G124/><T117/><D42/><U119/><E119/><V27/><AGARI ba="2,0" hai="8,14,17,27,28,33,48,49,98,101,104" m="42577" machi="27" ten="40,5200,0" yaku="14,1,52,2" doraHai="12,23" who="2" fromWho="2" sc="183,-15,541,-28,173,58,103,-15" /><INIT seed="2,0,0,1,2,61" ten="168,513,231,88" oya="2" hai0="88,70,40,108,64,52,42,23,101,66,47,26,38" hai1="131,119,14,114,63,51,128,12,13,43,32,29,117" hai2="99,58,10,105,75,53,102,90,133,2,126,98,73" hai3="122,54,3,27,50,107,116,6,21,123,94,44,22"/><V100/><F126/><W89/><G107/><T78/><D70/><U18/><E114/><V86/><F133/><W71/><G116/><T31/><D108/><U115/><E115/><V106/><F10/><W93/><G71/><T130/><D130/><N who="1" m="49707" /><E18/><V92/><F2/><W57/><G3/><T84/><D101/><U5/><E5/><V135/><F135/><W111/><G111/><T30/><D78/><U103/><E103/><V15/><REACH who="2" step="1"/><F15/><REACH who="2" ten="168,513,221,88" step="2"/><W41/><G6/><T7/><D7/><U104/><E12/><V24/><F24/><W33/><G122/><T129/><D129/><U120/><E13/><V8/><F8/><W121/><G121/><T62/><D31/><U113/><E14/><V48/><AGARI ba="0,1" hai="48,53,58,73,75,86,90,92,98,99,100,102,105,106" machi="48" ten="20,18000,2" yaku="1,1,0,1,7,1,9,1,53,2" doraHai="61" doraHaiUra="95" who="2" fromWho="2" sc="168,-60,513,-60,221,190,88,-60" /><INIT seed="2,1,0,5,4,21" ten="108,453,411,28" oya="2" hai0="15,9,60,93,106,44,47,104,90,91,24,49,95" hai1="120,102,53,78,51,79,130,56,66,20,116,73,98" hai2="22,76,122,45,124,108,32,127,87,0,63,27,133" hai3="69,29,135,114,30,83,57,92,68,46,31,110,55"/><V12/><F0/><W5/><G110/><T65/><D104/><U128/><E116/><V115/><F122/><W111/><G111/><T101/><D106/><U18/><E66/><V64/><F108/><W17/><G135/><T62/><D101/><U67/><E67/><V82/><F133/><W48/><G5/><T52/><D47/><U100/><E73/><V77/><F115/><W119/><G119/><T7/><D65/><U33/><E33/><V26/><F45/><W39/><G114/><T50/><D50/><U35/><E35/><V19/><F77/><N who="1" m="29193" /><E98/><V3/><F3/><W71/><G92/><T38/><D38/><U34/><E34/><V70/><REACH who="2" step="1"/><F32/><REACH who="2" ten="108,453,401,28" step="2"/><W125/><G125/><AGARI ba="1,1" hai="12,19,22,26,27,63,64,70,76,82,87,124,125,127" machi="125" ten="40,12000,1" yaku="1,1,2,1,18,1,52,2,53,0" doraHai="21" doraHaiUra="109" who="2" fromWho="3" sc="108,0,453,0,401,133,28,-123" owari="108,-29.0,453,25.0,534,64.0,-95,-60.0" /></mjloggm>