<mjloggm ver="2.3"><GO type="225" lobby="0"/><UN n0="%E3%83%AF%E3%83%8B%54%41" n1="%63%72%65%61%6D%38%32%34" n2="%E3%81%BE%E3%81%8D%E3%81%97%28%E6%9C%AC%E5%9E%A2%31%29" n3="%E5%AE%89%E8%97%A4%E3%82%AB%E3%82%B1%E3%83%AB" dan="18,16,16,17" rate="2253.00,2057.10,2189.44,2181.86" sx="M,M,M,M"/><TAIKYOKU oya="0"/><INIT seed="0,0,0,2,4,11" ten="250,250,250,250" oya="0" hai0="112,15,52,108,17,76,125,67,29,2,97,111,50" hai1="66,135,51,84,1,16,42,23,127,4,75,22,101" hai2="33,45,78,39,8,26,130,55,80,18,62,14,21" hai3="19,102,36,20,89,5,13,96,28,131,124,134,3"/><T32/><D112/><U77/><E75/><V88/><F130/><W37/><G131/><T132/><D132/><U30/><E135/><V64/><F33/><W44/><G134/><T9/><D125/><U72/><E72/><V38/><F78/><W60/><G124/><T47/><D76/><U98/><E1/><V48/><F62/><W43/><G28/><T27/><D97/><U106/><E4/><V10/><F10/><W65/><G89/><T53/><D67/><U59/><E127/><V81/><F81/><W83/><G83/><T68/><D68/><U94/><E30/><V119/><F119/><W7/><G37/><T12/><D12/><N who="1" m="9479" /><E23/><V129/><F129/><W35/><G35/><T103/><D103/><U114/><E106/><V54/><F64/><W82/><G82/><T79/><D79/><U46/><E114/><V71/><F71/><W49/><G36/><T121/><D121/><U56/><E66/><V110/><F110/><N who="0" m="42026" /><D2/><U41/><E41/><AGARI ba="0,0" hai="9,15,17,27,29,32,41,47,50,52,53" m="42026" machi="41" ten="30,11600,0" yaku="14,1,10,1,52,1,54,1" doraHai="11" who="0" fromWho="1" sc="250,116,250,-116,250,0,250,0" /><INIT seed="0,1,0,5,2,15" ten="366,134,250,250" oya="0" hai0="27,82,38,124,1,51,53,67,91,64,62,74,75" hai1="72,127,103,56,21,96,44,63,88,70,2,11,43" hai2="8,69,134,126,80,122,109,128,40,99,77,60,98" hai3="31,17,100,55,20,73,108,30,42,35,18,47,49"/><T86/><D124/><U4/><E127/><V119/><F126/><W41/><G73/><T0/><D38/><U106/><E72/><V102/><F122/><W83/><G35/><T45/><D67/><U87/><E70/><V5/><F40/><N who="3" m="15467" /><G108/><T125/><D125/><U78/><E78/><V13/><F109/><W121/><G121/><T135/><D135/><U24/><E56/><V130/><F134/><W36/><G36/><T19/><D75/><U61/><E44/><V101/><F119/><W133/><G133/><T52/><D74/><U23/><E43/><V58/><F69/><W28/><G100/><N who="2" m="38505" /><F80/><W110/><G110/><T89/><D53/><U95/><REACH who="1" step="1"/><E23/><REACH who="1" ten="366,124,250,250" step="2"/><V54/><F77/><W115/><G115/><T14/><D89/><U16/><AGARI ba="1,1" hai="2,4,11,16,21,24,61,63,87,88,95,96,103,106" machi="16" ten="20,12000,2" yaku="1,1,2,1,0,1,7,1,52,1,54,2,53,0" doraHai="15" doraHaiUra="114" who="1" fromWho="1" sc="366,-61,124,133,250,-31,250,-31" /><INIT seed="1,0,0,1,2,23" ten="305,257,219,219" oya="1" hai0="79,27,4,80,109,113,8,43,123,24,75,17,93" hai1="116,56,20,26,73,3,118,54,10,132,124,78,108" hai2="21,6,11,38,49,58,120,61,101,30,130,67,72" hai3="18,82,112,127,45,84,31,131,96,29,122,88,111"/><U86/><E73/><V5/><F38/><W83/><G122/><T77/><D113/><U70/><E70/><V0/><F72/><W55/><G112/><T33/><D79/><U87/><E124/><V102/><F120/><W66/><G127/><T117/><D123/><U25/><E132/><V13/><F130/><W74/><G131/><T71/><D117/><U19/><E108/><V47/><F5/><W9/><G111/><T42/><D109/><U105/><E105/><V133/><F133/><W98/><G66/><T52/><D71/><U37/><E37/><V15/><F0/><W99/><G82/><T85/><D33/><U34/><E3/><V53/><REACH who="2" step="1"/><F15/><REACH who="2" ten="305,257,209,219" step="2"/><N who="3" m="7535" /><G74/><T81/><D75/><U14/><E116/><V64/><F64/><W57/><G45/><T89/><D4/><U69/><E118/><V134/><F134/><W100/><G100/><T28/><D8/><U40/><E10/><V97/><F97/><N who="3" m="24835" /><W22/><DORA hai="62" /><G22/><T91/><D85/><U35/><E86/><V92/><F92/><W60/><AGARI ba="0,1" hai="29,31,55,57,60,83,84,88" m="24835,7535" machi="60" ten="30,2000,0" yaku="8,1,54,1" doraHai="23,62" who="3" fromWho="3" sc="305,-5,257,-10,209,-5,219,30" /><INIT seed="2,0,0,0,5,65" ten="300,247,204,249" oya="2" hai0="114,58,44,121,52,61,87,75,57,111,76,28,21" hai1="123,55,23,104,42,64,66,133,116,110,130,36,84" hai2="99,72,109,106,4,3,6,88,13,30,83,118,34" hai3="108,115,2,73,19,45,12,43,77,48,62,39,117"/><V31/><F118/><W60/><G117/><T5/><D111/><U16/><E116/><V7/><F3/><W70/><G2/><T132/><D121/><U86/><E104/><V112/><F112/><W125/><G108/><T35/><D114/><U122/><E110/><V74/><F106/><W129/><G115/><T33/><D132/><U20/><E130/><V25/><F109/><W119/><G119/><T107/><D107/><U29/><E29/><V50/><F31/><W105/><G105/><T8/><D75/><U0/><E0/><V49/><F13/><W103/><G103/><T92/><D33/><U63/><E23/><V41/><F41/><W27/><G27/><T134/><D44/><N who="1" m="23623" /><E55/><V126/><F126/><W85/><G125/><T10/><D35/><U46/><E46/><V47/><F83/><W67/><G73/><T18/><D28/><U80/><E66/><V135/><F135/><W15/><G129/><T96/><D5/><U26/><E80/><V91/><F49/><W9/><G48/><N who="0" m="30855" /><D87/><U38/><E38/><V113/><F113/><W127/><G127/><T98/><D76/><U56/><E133/><V54/><REACH who="2" step="1"/><F91/><REACH who="2" ten="300,247,194,249" step="2"/><W24/><G39/><T81/><D81/><U71/><E122/><V131/><F131/><W95/><G77/><T37/><D134/><U59/><E123/><V17/><F17/><W93/><G19/><T82/><D82/><U14/><E14/><V124/><F124/><W102/><G12/><N who="0" m="9415" /><D37/><U97/><E16/><V32/><F32/><W69/><G15/><T90/><D8/><U100/><E26/><V78/><F78/><RYUUKYOKU ba="0,1" sc="300,-10,247,-10,194,30,249,-10" hai2="4,6,7,25,30,34,47,50,54,72,74,88,99" /><INIT seed="2,1,1,0,3,15" ten="290,237,224,239" oya="2" hai0="25,84,102,75,8,47,11,70,104,127,5,83,107" hai1="133,121,120,117,59,50,99,81,39,27,34,45,76" hai2="48,46,32,111,13,33,110,44,94,60,71,52,20" hai3="63,97,80,53,92,36,77,109,115,19,26,101,43"/><V7/><F44/><W129/><G109/><N who="2" m="41481" /><F94/><W40/><G129/><T3/><D70/><U66/><E133/><V74/><F74/><W113/><G36/><T42/><D75/><U67/><E117/><V1/><F1/><W61/><G40/><T14/><D127/><U23/><E39/><V90/><F90/><W88/><G43/><T55/><D25/><U38/><E38/><V72/><F72/><W95/><G95/><T54/><D102/><U100/><E34/><V124/><F124/><W64/><G101/><T37/><D104/><U108/><E76/><V22/><F7/><W12/><G77/><T24/><D107/><N who="1" m="63903" /><E81/><V89/><F89/><W96/><G80/><T18/><REACH who="0" step="1"/><D24/><REACH who="0" ten="280,237,224,239" step="2"/><U73/><E27/><V78/><F78/><AGARI ba="1,2" hai="3,5,8,11,14,18,37,42,47,54,55,78,83,84" machi="78" ten="30,7700,0" yaku="1,1,2,1,7,1,52,1,53,0" doraHai="15" doraHaiUra="16" who="0" fromWho="2" sc="280,100,237,0,224,-80,239,0" /><INIT seed="3,0,0,5,1,15" ten="380,237,144,239" oya="3" hai0="43,125,8,33,20,54,99,49,92,40,89,35,31" hai1="81,117,77,111,25,58,65,27,61,46,98,9,16" hai2="73,119,64,29,44,135,52,121,96,129,131,11,93" hai3="82,62,127,22,56,30,84,6,79,57,128,19,68"/><W87/><G127/><T134/><D125/><U102/><E111/><V114/><F119/><W83/><G128/><N who="2" m="49225" /><F114/><W36/><G36/><T42/><D134/><U38/><E117/><V0/><F73/><W80/><G6/><T133/><D133/><U130/><E130/><V107/><F107/><W118/><G118/><T4/><D20/><U14/><E38/><V12/><F0/><W50/><G30/><T110/><D110/><U7/><E46/><V108/><F135/><W104/><G104/><T24/><D33/><U72/><E7/><V116/><F108/><W39/><G39/><T59/><D42/><U95/><AGARI ba="0,0" hai="9,14,16,25,27,58,61,65,72,77,81,95,98,102" machi="95" ten="20,5200,0" yaku="0,1,7,1,52,1,54,1" doraHai="15" who="1" fromWho="1" sc="380,-13,237,52,144,-13,239,-26" owari="367,47.0,289,9.0,131,-37.0,213,-19.0" /></mjloggm>