<mjloggm ver="2.3"><GO type="169" lobby="0"/><UN n0="%E3%83%A2%E3%83%B3%E3%82%B9%E3%82%BF%E3%83%BC%EF%BC%95" n1="%E5%AE%9D%E5%90%8A%E5%AE%9D" n2="%54%61%62%61%73%63%6F" n3="%E3%81%AE%E3%82%93%E3%81%B4" dan="16,16,17,16" rate="2100.57,2129.56,2174.02,2089.23" sx="M,M,M,M"/><TAIKYOKU oya="0"/><INIT seed="0,0,0,2,4,79" ten="250,250,250,250" oya="0" hai0="39,8,100,47,114,117,92,73,68,87,120,35,91" hai1="132,28,128,108,27,49,70,65,126,2,38,115,131" hai2="103,30,41,58,66,43,26,5,33,71,82,104,40" hai3="122,3,98,127,18,19,107,50,44,110,135,118,51"/><T37/><D114/><U64/><E2/><V24/><F58/><W133/><G3/><T89/><D117/><U25/><E38/><V7/><F26/><W16/><G118/><T62/><D120/><U15/><E115/><V36/><F36/><W55/><G122/><T4/><D35/><U22/><E132/><N who="3" m="50762" /><G127/><T14/><D73/><U17/><E108/><V134/><F134/><W56/><G110/><T129/><D129/><U88/><E126/><V57/><F57/><W29/><G29/><T53/><D100/><U113/><E27/><V130/><F130/><N who="1" m="49705" /><E113/><V83/><F7/><W125/><G125/><T80/><D68/><U121/><E49/><V6/><F6/><W78/><G78/><T95/><D37/><U90/><E121/><V93/><F93/><N who="0" m="35914" /><D39/><U60/><E65/><V76/><F76/><W85/><G85/><T20/><D62/><U11/><AGARI ba="0,0" hai="11,15,17,22,25,28,60,64,70,88,90" m="49705" machi="11" ten="30,2000,0" yaku="19,1,54,1" doraHai="79" who="1" fromWho="1" sc="250,-10,250,20,250,-5,250,-5" /><INIT seed="1,0,0,3,0,17" ten="240,270,245,245" oya="1" hai0="77,41,90,103,10,115,33,62,84,107,76,36,102" hai1="55,58,113,9,6,128,54,64,20,96,69,50,31" hai2="66,38,89,15,121,100,94,23,65,16,120,32,108" hai3="112,85,73,92,1,13,21,29,27,2,57,111,116"/><U11/><E113/><V24/><F38/><W95/><G73/><T70/><D115/><U127/><E127/><V71/><F108/><W59/><G112/><T81/><D33/><U68/><E128/><V114/><F114/><W53/><G111/><T87/><D107/><U125/><E125/><V42/><F100/><W43/><G116/><T49/><D36/><U47/><E64/><V4/><F42/><W7/><G43/><T124/><D124/><U135/><E11/><V35/><F66/><W5/><G1/><T52/><D70/><U122/><E96/><V12/><F12/><W14/><G2/><T91/><D10/><U63/><E122/><V118/><F118/><W99/><G85/><T56/><D103/><U104/><E104/><V131/><F131/><W110/><G110/><T88/><D102/><U105/><E105/><V40/><F40/><W18/><G13/><T133/><D133/><U26/><REACH who="1" step="1"/><E135/><REACH who="1" ten="240,260,245,245" step="2"/><V25/><F120/><W117/><G117/><T109/><D109/><U123/><E123/><V130/><F121/><W28/><G99/><T30/><D87/><U75/><E75/><V82/><F130/><W3/><G3/><AGARI ba="0,1" hai="3,6,9,20,26,31,47,50,54,55,58,63,68,69" machi="3" ten="30,5800,0" yaku="1,1,7,1,52,1,53,0" doraHai="17" doraHaiUra="74" who="1" fromWho="3" sc="240,0,260,68,245,0,245,-58" /><INIT seed="1,1,0,4,0,90" ten="240,328,245,187" oya="1" hai0="96,134,86,64,51,42,71,76,72,25,45,38,34" hai1="29,7,59,23,58,107,22,92,130,3,113,52,48" hai2="135,16,122,120,49,36,33,44,70,88,30,2,125" hai3="69,50,35,9,100,109,108,118,60,19,85,26,37"/><U57/><E113/><V65/><F2/><W32/><G37/><T1/><D1/><U91/><E107/><V127/><F36/><W43/><G100/><T18/><D134/><U128/><E3/><V103/><F135/><W40/><G118/><T5/><D5/><U93/><E7/><V11/><F103/><W68/><G85/><T31/><D72/><U99/><E29/><V28/><F70/><W54/><G9/><T55/><D76/><U41/><E41/><V114/><F65/><W124/><G124/><T121/><D86/><N who="1" m="52343" /><E128/><V79/><F79/><W0/><G0/><T8/><D121/><U78/><E78/><V111/><F114/><W74/><G74/><T82/><D82/><U21/><E21/><V81/><BYE who="1" /><F111/><N who="3" m="42571" /><G32/><UN n1="%E5%AE%9D%E5%90%8A%E5%AE%9D" /><T62/><D8/><U126/><E126/><N who="2" m="48139" /><F33/><W131/><G131/><T6/><D6/><U61/><E130/><V17/><F30/><N who="3" m="19927" /><G19/><N who="2" m="7241" /><F11/><W73/><G73/><T101/><D18/><U110/><E110/><V46/><F28/><W80/><G80/><T95/><D38/><U87/><E87/><N who="2" m="50287" /><F46/><N who="3" m="27991" /><G69/><T63/><D71/><U14/><E14/><V53/><AGARI ba="1,0" hai="44,49,53,120,122" m="50287,7241,48139" machi="53" ten="30,4000,0" yaku="18,1,54,2" doraHai="90" who="2" fromWho="2" sc="240,-11,328,-21,245,43,187,-11" /><INIT seed="2,0,0,2,1,29" ten="229,307,288,176" oya="2" hai0="30,106,84,130,126,63,101,96,35,39,1,118,37" hai1="91,109,68,133,31,2,64,15,78,24,75,76,129" hai2="40,46,80,132,3,20,103,89,13,124,69,74,67" hai3="90,131,125,92,82,119,123,19,36,72,59,54,120"/><V50/><F3/><W93/><G36/><T33/><D1/><U38/><E109/><V5/><F132/><W79/><G119/><T58/><D118/><U49/><E2/><V86/><F124/><W51/><G131/><T53/><D126/><U32/><E38/><V71/><F103/><W61/><G125/><T66/><D130/><U95/><E133/><V6/><F74/><W43/><G92/><T112/><D112/><U110/><E75/><V115/><F115/><W44/><REACH who="3" step="1"/><G19/><REACH who="3" ten="229,307,288,166" step="2"/><T17/><D39/><U28/><E129/><V135/><F135/><W10/><G10/><T134/><D37/><U16/><E95/><V9/><F67/><W12/><G12/><T14/><D134/><U57/><E64/><V105/><F105/><W56/><G56/><T116/><D116/><U87/><E68/><V34/><F6/><W42/><G42/><T23/><D66/><U22/><E110/><V77/><F71/><W121/><G121/><T98/><D98/><AGARI ba="0,1" hai="43,44,51,54,59,61,72,79,82,90,93,98,120,123" machi="98" ten="30,2000,0" yaku="1,1,7,1,53,0" doraHai="29" doraHaiUra="0" who="3" fromWho="0" sc="229,-20,307,0,288,0,166,30" /><INIT seed="3,0,0,2,3,124" ten="209,307,288,196" oya="3" hai0="115,18,46,56,91,15,45,104,126,70,42,84,29" hai1="75,35,116,111,37,99,106,65,128,131,62,51,10" hai2="113,63,25,6,120,90,38,13,21,43,17,19,4" hai3="86,122,20,44,61,123,2,112,132,16,24,30,31"/><W134/><G44/><T0/><D0/><U87/><E37/><V83/><F113/><W66/><G2/><T68/><D104/><U108/><E75/><V12/><F38/><W72/><G72/><T127/><D29/><N who="3" m="10761" /><G86/><T5/><D5/><U11/><E87/><N who="2" m="50559" /><F43/><W93/><G93/><T101/><D101/><N who="1" m="62783" /><E51/><V34/><F34/><W64/><G64/><T23/><D115/><U73/><E73/><V53/><F120/><N who="3" m="46123" /><G61/><T47/><D42/><U71/><E116/><V109/><F109/><N who="1" m="42057" /><E35/><V52/><F13/><W69/><G66/><T55/><D127/><U58/><E71/><V1/><F1/><W135/><G69/><T133/><D126/><U28/><E28/><V27/><F27/><W33/><G112/><T39/><D39/><U98/><E98/><V95/><F95/><W81/><G81/><T97/><D97/><U54/><E54/><N who="2" m="21099" /><F63/><W40/><G40/><T107/><D107/><U14/><E14/><V77/><F77/><W117/><G33/><T26/><D70/><U114/><E114/><V94/><F94/><W59/><G59/><T100/><D68/><U125/><E125/><V41/><F41/><W60/><G60/><T67/><D67/><U88/><E88/><V3/><F3/><W22/><G22/><AGARI ba="0,0" hai="4,6,12,17,19,21,22,25" m="21099,50559" machi="22" ten="30,2000,0" yaku="8,1,54,1" doraHai="124" who="2" fromWho="3" sc="209,0,307,0,288,20,196,-20" /><INIT seed="4,0,0,5,5,35" ten="209,307,308,176" oya="0" hai0="102,28,83,1,117,54,49,100,44,15,22,19,63" hai1="29,66,74,6,88,93,110,115,73,10,46,77,116" hai2="124,18,47,7,90,3,57,37,130,2,89,59,121" hai3="52,119,123,27,72,86,34,32,51,42,71,111,39"/><T55/><D117/><U9/><E110/><V81/><F121/><W125/><G111/><T101/><D1/><N who="2" m="10" /><F18/><W48/><G72/><T36/><D36/><U21/><E116/><V97/><F97/><W33/><G71/><T85/><D28/><U70/><E46/><V60/><F81/><W99/><G119/><T26/><D26/><U96/><E10/><V112/><F47/><W105/><G123/><T108/><D108/><U118/><E77/><V75/><F60/><W50/><G86/><T131/><D131/><U30/><E118/><V41/><F75/><W135/><G39/><T104/><D104/><U92/><E29/><V103/><F103/><W11/><G11/><T16/><D19/><U61/><E92/><V56/><F37/><W64/><G99/><T67/><D67/><U128/><E128/><V84/><F130/><W132/><G64/><T120/><D120/><U8/><E8/><V62/><F62/><W106/><G27/><T113/><D113/><U13/><E115/><V76/><F76/><W65/><G65/><T24/><D24/><U129/><E129/><V45/><F45/><W58/><G105/><T126/><D63/><U5/><E5/><V107/><F107/><W53/><G106/><T127/><REACH who="0" step="1"/><D54/><REACH who="0" ten="199,307,308,176" step="2"/><U134/><E30/><V23/><F112/><W43/><G58/><T78/><AGARI ba="0,1" hai="15,16,22,44,49,55,78,83,85,100,101,102,126,127" machi="78" ten="30,12000,1" yaku="1,1,2,1,0,1,54,1,53,1" doraHai="35" doraHaiUra="12" who="0" fromWho="0" sc="199,130,307,-40,308,-40,176,-40" /><INIT seed="4,1,0,4,5,44" ten="329,267,268,136" oya="0" hai0="129,65,73,33,111,89,59,125,94,83,31,108,97" hai1="5,69,46,84,1,120,81,74,106,30,118,117,63" hai2="9,123,70,72,35,42,85,14,2,37,104,50,34" hai3="60,105,20,18,36,119,66,114,25,26,75,3,103"/><T58/><D33/><U77/><E120/><V12/><F123/><W130/><G119/><T87/><D31/><U126/><E126/><V45/><F72/><W16/><G36/><T116/><D116/><U53/><E106/><V40/><F70/><W134/><G3/><T17/><D125/><U22/><E74/><V133/><F104/><W10/><G75/><T29/><D29/><U4/><E1/><V47/><F133/><W52/><G134/><T112/><D73/><U56/><E69/><V124/><F124/><W15/><G114/><T88/><D112/><U23/><E117/><V27/><F2/><W107/><G130/><T80/><D129/><U32/><E32/><V93/><F27/><W95/><G26/><T122/><D122/><U48/><E118/><V41/><F41/><W101/><G105/><T121/><D121/><U96/><E96/><V43/><F43/><W7/><G107/><T76/><D65/><U127/><E127/><V49/><F37/><W113/><G113/><T57/><D76/><U100/><E100/><N who="3" m="38474" /><G95/><N who="0" m="54687" /><D108/><U62/><E62/><V109/><F109/><W64/><G7/><N who="1" m="2634" /><E30/><V13/><F9/><W28/><G28/><T71/><D71/><U8/><E8/><V6/><F6/><W61/><G61/><T19/><D111/><U39/><E39/><V92/><F92/><W38/><G38/><T115/><D115/><U51/><E63/><V135/><F135/><W78/><G78/><T11/><D11/><U24/><E24/><V21/><F21/><W131/><G131/><T54/><D80/><U99/><E99/><V90/><AGARI ba="1,0" hai="12,13,14,34,35,40,42,45,47,49,50,85,90,93" machi="90" ten="30,8000,1" yaku="5,1,0,1,9,1,52,2" doraHai="44" who="2" fromWho="2" sc="329,-41,267,-21,268,83,136,-21" /><INIT seed="5,0,0,2,3,78" ten="288,246,351,115" oya="1" hai0="10,89,121,64,20,54,72,7,97,43,111,0,114" hai1="32,1,50,109,60,102,47,74,94,14,134,38,61" hai2="82,48,128,16,127,135,99,104,5,81,108,3,125" hai3="2,53,30,18,87,51,23,34,105,39,63,52,4"/><U59/><E1/><V79/><F108/><W75/><G39/><T31/><D111/><U116/><E109/><V49/><F135/><W119/><G119/><T76/><D121/><U132/><E32/><V70/><F70/><W26/><G75/><T110/><D110/><U126/><E116/><V129/><F3/><W28/><G105/><T98/><D64/><U27/><E27/><V13/><F5/><W100/><G100/><T21/><D31/><U88/><E102/><N who="2" m="62559" /><F49/><W68/><G28/><T90/><D0/><U133/><E126/><N who="2" m="48139" /><F48/><W56/><G68/><T67/><D67/><U46/><E74/><N who="2" m="43255" /><F82/><W73/><G73/><T6/><D72/><U131/><E38/><V12/><F12/><W25/><G2/><T113/><D76/><U35/><E35/><V41/><F41/><W122/><G4/><T8/><D43/><U15/><E50/><V40/><F40/><W84/><REACH who="3" step="1"/><G122/><REACH who="3" ten="288,246,351,105" step="2"/><T33/><D33/><U17/><E17/><V62/><F62/><W106/><G106/><T118/><D118/><U24/><E61/><V29/><F29/><W45/><AGARI ba="0,1" hai="18,23,25,26,30,34,45,51,52,53,56,63,84,87" machi="45" ten="20,5200,0" yaku="1,1,0,1,7,1,54,1,53,0" doraHai="78" doraHaiUra="9" who="3" fromWho="3" sc="288,-13,246,-26,351,-13,105,62" /><INIT seed="6,0,0,3,1,14" ten="275,220,338,167" oya="2" hai0="72,106,27,37,81,29,90,77,110,120,46,115,40" hai1="118,4,2,109,128,102,34,108,85,98,28,53,55" hai2="101,103,30,22,35,36,111,113,96,10,48,33,45" hai3="47,124,41,126,76,9,70,84,97,112,93,12,122"/><V123/><F123/><W59/><G70/><T7/><D120/><U127/><E118/><V104/><F36/><W129/><G122/><T119/><D119/><U42/><E42/><V74/><F74/><W19/><G59/><T75/><D110/><U83/><E127/><N who="3" m="48682" /><G129/><T31/><D31/><U25/><E128/><V6/><F113/><W43/><G112/><T66/><D115/><U71/><E71/><V89/><F103/><N who="3" m="60847" /><G47/><T133/><D106/><U18/><E108/><V24/><F89/><W26/><G26/><T63/><D90/><U105/><E109/><V79/><F79/><W82/><AGARI ba="0,0" hai="9,12,19,41,43,76,82,84" m="60847,48682" machi="82" ten="30,2000,0" yaku="18,1,52,1" doraHai="14" who="3" fromWho="3" sc="275,-5,220,-5,338,-10,167,20" /><INIT seed="7,0,0,0,1,77" ten="270,215,328,187" oya="3" hai0="117,125,68,40,129,66,38,27,132,112,57,88,80" hai1="67,41,124,0,60,54,122,76,44,127,81,49,52" hai2="33,6,7,10,79,64,50,28,37,115,71,96,113" hai3="53,23,12,116,106,97,15,42,104,109,20,73,99"/><W98/><G116/><T51/><D117/><U114/><E0/><V26/><F37/><W32/><G32/><T89/><D68/><U75/><E122/><V107/><F79/><W103/><G109/><T17/><D38/><U30/><E30/><V55/><F71/><W133/><G133/><T90/><D132/><U19/><E19/><V11/><F64/><W9/><G73/><T105/><D105/><U86/><E75/><V65/><F65/><W56/><G42/><T43/><D125/><N who="1" m="48203" /><E114/><V128/><F128/><W95/><G104/><T72/><D112/><N who="2" m="43082" /><F96/><N who="3" m="36971" /><G106/><T45/><D129/><U62/><E62/><V47/><F107/><W8/><G20/><N who="0" m="13711" /><D72/><U18/><E18/><V24/><F24/><W87/><G87/><N who="0" m="50279" /><D43/><U93/><E93/><V120/><F120/><W25/><G8/><AGARI ba="0,0" hai="6,7,8,10,11,26,28,33,47,50,55" m="43082" machi="8" ten="30,1000,0" yaku="15,1" doraHai="77" who="2" fromWho="3" sc="270,0,215,0,328,10,187,-10" owari="270,7.0,215,-18.0,338,43.0,177,-32.0" /></mjloggm>