<mjloggm ver="2.3"><GO type="169" lobby="0"/><UN n0="%E6%AF%94%E5%98%89%E7%A7%80%E4%BB%81" n1="%E3%81%B5%E3%81%98%E3%81%8B%E3%81%A4" n2="%36%36%E4%B8%87%E5%88%86%E3%81%AE%31" n3="%E3%82%82%E3%81%93%E3%81%BF" dan="17,17,16,16" rate="2141.93,2161.01,2098.32,2099.30" sx="M,M,M,M"/><TAIKYOKU oya="0"/><INIT seed="0,0,0,3,1,29" ten="250,250,250,250" oya="0" hai0="59,32,97,2,134,42,5,104,112,54,51,76,38" hai1="81,115,100,89,119,36,70,86,95,94,69,49,77" hai2="103,22,68,26,78,35,116,28,17,3,13,61,45" hai3="63,10,37,4,46,41,126,123,92,53,125,33,91"/><T80/><D112/><U67/><E36/><V111/><F111/><W27/><G123/><T98/><D134/><U85/><E119/><V106/><F116/><W40/><G40/><T135/><D135/><U73/><E115/><V11/><F78/><W19/><G63/><T31/><D104/><U55/><E67/><N who="2" m="41071" /><F45/><W118/><G118/><T50/><D50/><U15/><E100/><V132/><F132/><W65/><G65/><T64/><D64/><U21/><E95/><V122/><F122/><W43/><G43/><T88/><D88/><U72/><E70/><V1/><F11/><W99/><G53/><T0/><D0/><U12/><E69/><V130/><F130/><W109/><G109/><T79/><D79/><U62/><E62/><V66/><F66/><W7/><G19/><T124/><D124/><U96/><E96/><AGARI ba="0,0" hai="1,3,13,17,22,26,28,35,96,103,106" m="41071" machi="96" ten="30,2000,0" yaku="25,1,52,1" doraHai="29" who="2" fromWho="1" sc="250,0,250,-20,250,20,250,0" /><INIT seed="1,0,0,0,2,45" ten="250,230,270,250" oya="1" hai0="98,5,103,11,67,13,20,73,133,96,80,42,77" hai1="87,116,26,1,63,75,109,38,135,114,53,57,10" hai2="31,132,107,99,112,49,55,15,60,37,134,48,125" hai3="40,128,23,113,93,62,121,16,69,94,30,0,12"/><U74/><E116/><V64/><F37/><W9/><G121/><T95/><D133/><N who="2" m="51306" /><F125/><W129/><G113/><T14/><D67/><U76/><E114/><V46/><F112/><W35/><G40/><T29/><D98/><U71/><E135/><V36/><F31/><W34/><G69/><T130/><D130/><N who="3" m="50281" /><G62/><T91/><D42/><U124/><E124/><V104/><F36/><W82/><G82/><T41/><D41/><U18/><E38/><V110/><F110/><W118/><G94/><T119/><D119/><U58/><E109/><V85/><F85/><W50/><G93/><T28/><D20/><U131/><E131/><V22/><F99/><W108/><G108/><T27/><D27/><U92/><E71/><N who="2" m="42375" /><F49/><W44/><G118/><T65/><D65/><U56/><E74/><V88/><F88/><W90/><G90/><T111/><D111/><U3/><E75/><V68/><F68/><W100/><G100/><T7/><REACH who="0" step="1"/><D103/><REACH who="0" ten="240,230,270,250" step="2"/><U102/><E102/><V120/><F120/><W70/><G70/><T97/><D97/><U117/><E117/><V79/><F79/><W2/><G23/><T84/><D84/><U78/><E76/><V51/><F22/><W72/><G72/><T39/><D39/><U25/><E78/><V89/><F89/><W83/><G34/><T123/><D123/><U61/><E87/><V43/><F15/><W86/><G35/><T101/><D101/><U105/><E26/><V6/><F107/><W66/><G66/><T52/><D52/><N who="1" m="33927" /><E105/><V17/><F104/><W59/><G86/><T81/><D81/><U8/><E53/><RYUUKYOKU ba="0,1" sc="240,30,230,-10,270,-10,250,-10" hai0="5,7,11,13,14,28,29,73,77,80,91,95,96" /><INIT seed="2,1,1,5,5,98" ten="270,220,260,240" oya="2" hai0="45,87,123,76,19,36,55,90,29,35,50,112,109" hai1="85,8,114,132,83,68,46,135,133,106,39,28,130" hai2="89,18,62,3,116,82,84,94,7,81,103,127,2" hai3="69,43,24,42,96,121,63,6,93,21,102,4,31"/><V23/><F116/><W10/><G121/><T105/><D123/><U5/><E114/><V48/><F127/><W101/><G6/><T131/><D112/><U32/><E68/><V20/><F62/><W13/><G69/><T119/><D119/><U111/><E111/><V65/><F65/><W91/><G63/><T40/><D109/><U124/><E124/><V126/><F126/><W99/><REACH who="3" step="1"/><G91/><REACH who="3" ten="270,220,260,230" step="2"/><T107/><D76/><N who="1" m="46311" /><E130/><V88/><F7/><W30/><G30/><T125/><D131/><U77/><E77/><V86/><F3/><W80/><G80/><T38/><D125/><U70/><E70/><V100/><F2/><W104/><AGARI ba="1,2" hai="4,10,13,21,24,31,42,43,93,96,99,101,102,104" machi="104" ten="20,8000,1" yaku="1,1,0,1,7,1,52,2,53,0" doraHai="98" doraHaiUra="66" who="3" fromWho="3" sc="270,-21,220,-21,260,-41,230,103" /><INIT seed="3,0,0,3,0,43" ten="249,199,219,333" oya="3" hai0="36,135,91,104,16,116,119,74,89,78,7,134,129" hai1="48,94,124,101,56,49,90,11,86,45,75,66,21" hai2="24,20,18,73,50,132,6,5,87,35,81,27,57" hai3="60,0,9,33,130,63,79,125,92,93,114,112,55"/><W77/><G33/><T62/><D36/><U29/><E124/><V13/><F73/><W103/><G125/><T131/><D62/><U71/><E75/><V52/><F132/><N who="0" m="50730" /><D7/><N who="2" m="2570" /><F35/><W80/><G9/><T106/><D78/><AGARI ba="0,0" hai="13,18,20,24,27,50,52,57,78,81,87" m="2570" machi="78" ten="30,2000,0" yaku="8,1,54,1" doraHai="43" who="2" fromWho="0" sc="249,-20,199,0,219,20,333,0" /><INIT seed="4,0,0,5,0,97" ten="229,199,239,333" oya="0" hai0="86,127,58,65,111,30,92,70,124,71,128,15,83" hai1="66,96,17,115,63,116,49,99,5,54,98,28,72" hai2="134,50,4,20,59,10,67,101,76,117,9,14,43" hai3="77,3,125,85,39,120,94,88,64,84,21,19,80"/><T133/><D133/><U75/><E116/><V112/><F112/><W35/><G125/><N who="0" m="48203" /><D128/><U105/><E115/><V32/><F32/><W57/><G120/><T107/><D107/><U45/><E5/><V126/><F126/><W118/><G118/><T78/><D111/><U22/><E28/><V121/><F121/><W33/><G39/><T74/><D30/><U29/><E29/><V102/><F134/><W79/><G3/><T56/><D15/><U62/><E62/><N who="2" m="38367" /><F117/><W36/><G36/><T16/><D16/><U1/><E1/><V44/><F76/><W11/><G11/><N who="2" m="4105" /><F4/><W87/><G64/><T34/><D34/><U123/><E123/><V100/><F14/><W130/><G130/><T68/><D65/><U82/><E105/><V55/><F20/><W0/><G0/><T27/><D27/><U114/><E114/><V61/><F61/><W135/><G135/><T108/><D108/><U2/><E2/><V103/><N who="2" m="25600" /><DORA hai="113" /><V109/><F109/><W40/><G21/><T42/><D42/><AGARI ba="0,0" hai="42,43,44,50,55" m="25600,4105,38367" machi="42" ten="40,8000,1" yaku="8,1,52,4" doraHai="97,113" who="2" fromWho="0" sc="229,-80,199,0,239,80,333,0" /><INIT seed="5,0,0,2,3,127" ten="149,199,319,333" oya="1" hai0="6,40,131,61,51,22,72,16,89,130,75,119,17" hai1="32,43,25,90,87,79,45,41,28,24,9,116,62" hai2="67,35,20,13,10,134,92,29,103,27,77,135,78" hai3="54,66,128,69,97,65,117,76,47,11,36,105,8"/><U30/><E116/><V113/><F113/><W49/><G36/><T73/><D119/><U88/><E62/><V122/><F122/><W59/><G117/><T7/><D61/><U114/><E114/><V129/><F67/><W37/><G76/><T74/><N who="0" m="18432" /><DORA hai="34" /><T112/><D112/><U18/><E43/><V19/><F92/><W26/><G128/><N who="0" m="49195" /><D89/><U132/><E132/><N who="2" m="50731" /><F103/><W98/><G69/><T71/><D71/><U95/><E90/><V68/><F68/><W124/><G124/><T125/><D125/><U94/><E79/><N who="2" m="30219" /><F129/><W5/><G66/><T120/><D120/><U56/><E95/><V57/><F57/><W86/><G59/><T110/><D110/><U96/><E56/><V2/><F35/><W4/><G65/><T115/><D115/><U38/><E87/><V46/><F46/><W83/><G47/><N who="0" m="26087" /><D17/><U80/><E18/><V0/><AGARI ba="0,0" hai="0,2,10,13,19,20,27,29" m="30219,50731" machi="0" ten="30,4000,0" yaku="20,1,52,2" doraHai="127,34" who="2" fromWho="2" sc="149,-10,199,-20,319,40,333,-10" /><INIT seed="6,0,0,4,0,101" ten="139,179,359,323" oya="2" hai0="0,19,2,98,33,118,31,52,13,25,14,83,128" hai1="113,35,102,121,130,10,79,119,103,16,85,112,62" hai2="39,54,53,63,21,38,66,29,80,48,20,124,88" hai3="96,75,7,120,97,43,55,42,123,18,22,122,23"/><V86/><F124/><W127/><G127/><T45/><D128/><U111/><E35/><V61/><F61/><W12/><G75/><T57/><D118/><U93/><E130/><V94/><F39/><W78/><G78/><T5/><D45/><U73/><E119/><V115/><F38/><W100/><G7/><T67/><D67/><U108/><E62/><V82/><F115/><N who="1" m="44105" /><E121/><V125/><F125/><W58/><G23/><N who="2" m="8777" /><F29/><W110/><G110/><N who="1" m="42026" /><E16/><V95/><F95/><W77/><G77/><T87/><D98/><U132/><E10/><V1/><F1/><W41/><REACH who="3" step="1"/><G100/><REACH who="3" ten="139,179,359,313" step="2"/><T56/><D5/><U109/><E109/><V89/><F89/><W37/><G37/><T28/><D28/><U27/><E73/><V91/><F91/><W126/><G126/><T11/><D14/><U116/><E79/><V71/><F71/><W64/><G64/><T36/><D36/><U6/><E116/><V15/><F66/><W74/><G74/><T59/><D2/><U30/><E103/><V47/><F15/><W50/><AGARI ba="0,1" hai="12,18,22,41,42,43,50,55,58,96,97,120,122,123" machi="50" ten="40,2700,0" yaku="1,1,0,1,53,0" doraHai="101" doraHaiUra="69" who="3" fromWho="3" sc="139,-7,179,-7,359,-13,313,37" /><INIT seed="7,0,0,0,3,30" ten="132,172,346,350" oya="3" hai0="83,11,105,50,22,51,73,110,9,119,56,104,133" hai1="93,6,66,24,79,20,117,111,130,94,44,101,80" hai2="67,131,116,69,12,123,113,96,68,114,25,102,39" hai3="2,95,97,34,42,7,10,76,28,14,135,49,127"/><W120/><G120/><T38/><D119/><U106/><E111/><V134/><F116/><W125/><G135/><T64/><D110/><U70/><E130/><V124/><F39/><W121/><G121/><T27/><D38/><U36/><E6/><V118/><F118/><W5/><G76/><T57/><D133/><U15/><E15/><V16/><F123/><W53/><G42/><T46/><D73/><U47/><E47/><V99/><F134/><W35/><G28/><T92/><D83/><U65/><E106/><N who="2" m="63815" /><F131/><W29/><G29/><T112/><D112/><N who="2" m="43114" /><F124/><N who="3" m="47691" /><G2/><T59/><D64/><U23/><E66/><V26/><F99/><W3/><G7/><T108/><D108/><U13/><E80/><V61/><F68/><W78/><G78/><T84/><D105/><U87/><E20/><AGARI ba="0,0" hai="12,16,20,25,26,61,67,69" m="43114,63815" machi="20" ten="30,2000,0" yaku="15,1,54,1" doraHai="30" who="2" fromWho="1" sc="132,0,172,-20,346,20,350,0" owari="132,-37.0,152,-25.0,366,47.0,350,15.0" /></mjloggm>