<mjloggm ver="2.3"><GO type="185" lobby="0"/><UN n0="%4D%45%42%49%55%53" n1="%79%61%73%73%61%6E" n2="%E5%8C%97%E5%B0%8F%E8%B7%AF%3A%E9%9A%86%E5%A4%AA" n3="" dan="17,16,16,0" rate="2229.49,2181.97,2209.01,1500.00" sx="F,M,M,C"/><TAIKYOKU oya="0"/><INIT seed="0,0,0,1,5,58" ten="350,350,350,0" oya="0" hai0="100,91,36,75,99,46,56,40,111,124,116,84,105" hai1="38,96,52,63,48,92,102,101,67,85,72,108,70" hai2="78,119,79,74,60,37,97,3,90,93,129,44,41" hai3=""/><T34/><D116/><U122/><N who="1" m="31264" /><U39/><E108/><V61/><F3/><T94/><D111/><U132/><E72/><V106/><F119/><T125/><D34/><U120/><N who="1" m="30752" /><U127/><E132/><V89/><F129/><T42/><D42/><U134/><E134/><V128/><F128/><T47/><D47/><U59/><E127/><N who="0" m="48713" /><D56/><U88/><REACH who="1" step="1"/><E101/><REACH who="1" ten="350,340,350,0" step="2"/><V107/><F74/><AGARI ba="0,1" hai="36,40,46,74,75,84,91,94,99,100,105" m="48713" machi="74" ten="30,1500,0" yaku="18,1" doraHai="58" who="0" fromWho="2" sc="350,25,340,0,350,-15,0,0" /><INIT seed="0,1,0,3,3,129" ten="375,340,335,0" oya="0" hai0="56,62,126,132,69,42,109,54,118,65,85,112,103" hai1="122,86,67,40,39,106,58,116,104,0,60,34,92" hai2="101,131,74,77,119,71,80,32,33,35,89,90,41" hai3=""/><T96/><D112/><U50/><N who="1" m="31264" /><U46/><E34/><V66/><F131/><T68/><D118/><U114/><E116/><V134/><F119/><T107/><D126/><U49/><E0/><V57/><F71/><T97/><D109/><U79/><E114/><V102/><F134/><T72/><D72/><U87/><E87/><V94/><F41/><T124/><D124/><U81/><E92/><V59/><F90/><T105/><D132/><U93/><REACH who="1" step="1"/><E93/><REACH who="1" ten="375,330,335,0" step="2"/><V73/><F73/><T100/><D85/><U75/><E75/><V47/><F74/><T2/><D2/><U115/><E115/><V63/><F94/><T78/><D78/><U70/><E70/><V82/><F77/><T64/><D69/><U3/><E3/><V61/><F32/><T84/><D84/><U99/><E99/><V88/><F66/><T37/><D68/><U127/><E127/><V111/><F111/><T123/><N who="0" m="31520" /><T91/><D91/><U48/><AGARI ba="1,1" hai="39,40,46,48,49,50,58,60,67,79,81,86,104,106" m="31264" machi="48" ten="30,5900,0" yaku="1,1,0,1,52,1,53,1" doraHai="129" doraHaiUra="43" who="1" fromWho="1" sc="375,-40,330,71,335,-21,0,0" /><INIT seed="1,0,0,5,0,94" ten="335,401,314,0" oya="1" hai0="52,111,71,104,47,119,37,50,95,70,132,58,80" hai1="109,99,76,59,35,44,105,107,83,97,116,120,39" hai2="134,3,103,49,74,33,92,72,114,128,46,79,108" hai3=""/><U88/><N who="1" m="30752" /><U34/><E116/><V123/><N who="2" m="31520" /><V81/><F3/><T1/><D104/><U118/><E118/><V78/><F33/><T65/><D1/><U93/><E109/><V73/><F108/><T100/><D111/><U64/><E105/><V110/><F110/><T117/><D132/><U86/><E64/><V32/><F32/><T63/><D80/><U124/><E59/><V67/><F134/><T125/><D125/><U112/><E124/><V127/><F127/><T53/><D71/><U41/><REACH who="1" step="1"/><E112/><REACH who="1" ten="335,391,314,0" step="2"/><V126/><F114/><T90/><D119/><U106/><E106/><V45/><F126/><T61/><D117/><U91/><E91/><V133/><F133/><T2/><D2/><U75/><E75/><V115/><F72/><T54/><D100/><AGARI ba="0,1" hai="34,35,39,41,44,76,83,86,88,93,97,99,100,107" m="30752" machi="100" ten="40,12000,1" yaku="1,1,52,3,54,1,53,0" doraHai="94" doraHaiUra="66" who="1" fromWho="0" sc="335,-120,391,130,314,0,0,0" /><INIT seed="1,1,0,2,4,70" ten="215,521,314,0" oya="1" hai0="73,64,122,32,100,103,82,92,118,86,43,117,111" hai1="97,75,35,62,109,65,47,49,112,123,2,3,125" hai2="61,121,50,129,67,37,45,104,93,40,106,66,38" hai3=""/><U113/><N who="1" m="31520" /><U99/><E35/><V55/><N who="2" m="31008" /><V39/><F129/><T83/><N who="0" m="31264" /><T87/><D32/><U60/><E75/><V114/><F114/><T102/><D43/><U57/><E125/><V105/><F93/><T116/><D64/><U90/><E109/><V76/><F76/><T72/><D92/><U128/><E128/><V63/><F67/><T107/><D107/><U91/><E65/><V127/><F127/><T126/><D111/><U110/><E110/><V71/><REACH who="2" step="1"/><F63/><REACH who="2" ten="215,521,304,0" step="2"/><T36/><D126/><U56/><E49/><V132/><F132/><T130/><D130/><U77/><E77/><V120/><N who="2" m="30752" /><V81/><F81/><N who="0" m="30730" /><D36/><U46/><AGARI ba="1,1" hai="2,3,46,47,56,57,60,62,90,91,97,99,112,113" m="31520" machi="46" ten="25,6400,0" yaku="0,1,22,2,52,1" doraHai="70" who="1" fromWho="1" sc="215,-33,521,76,304,-33,0,0" /><INIT seed="1,2,0,3,1,121" ten="182,597,271,0" oya="1" hai0="56,65,114,115,34,132,78,50,55,49,127,129,1" hai1="71,105,80,103,67,117,47,51,131,84,70,119,85" hai2="120,62,58,59,83,45,73,104,61,133,81,40,48" hai3=""/><U90/><E131/><V53/><N who="2" m="30752" /><V41/><F104/><T99/><D1/><U42/><E105/><V63/><F133/><T36/><D34/><U111/><E103/><V93/><F73/><T106/><D132/><U77/><E67/><V72/><F72/><T92/><D129/><U116/><REACH who="1" step="1"/><E111/><REACH who="1" ten="182,587,271,0" step="2"/><V39/><F93/><AGARI ba="2,1" hai="42,47,51,70,71,77,80,84,85,90,93,116,117,119" machi="93" ten="40,7700,0" yaku="1,1,2,1,53,1" doraHai="121" doraHaiUra="43" who="1" fromWho="2" sc="182,0,587,91,271,-81,0,0" /><INIT seed="1,3,0,2,3,75" ten="182,678,190,0" oya="1" hai0="128,91,130,62,134,85,50,3,121,96,1,125,57" hai1="78,95,43,129,49,67,79,56,46,80,54,107,35" hai2="87,90,0,37,51,52,113,106,36,64,33,135,65" hai3=""/><U84/><E107/><V117/><F0/><T69/><N who="0" m="31008" /><T39/><D39/><U131/><E35/><V133/><F33/><T83/><D125/><U123/><N who="1" m="31520" /><U105/><E105/><V116/><F106/><T45/><D134/><N who="2" m="51210" /><F113/><T126/><D126/><U59/><E95/><V127/><F127/><T34/><D69/><U47/><E67/><N who="2" m="25675" /><F87/><T32/><D96/><U118/><E118/><N who="2" m="45675" /><F90/><T2/><D32/><U74/><E74/><V92/><F92/><T98/><D98/><U58/><REACH who="1" step="1"/><E78/><REACH who="1" ten="182,668,190,0" step="2"/><V115/><F115/><T40/><D34/><U53/><E53/><V102/><F102/><T88/><D1/><U94/><E94/><V76/><F76/><T114/><D114/><U122/><N who="1" m="31264" /><U82/><E82/><V99/><F99/><T104/><D104/><U60/><E60/><V71/><F71/><T66/><D2/><U48/><AGARI ba="3,1" hai="43,46,47,48,49,54,56,58,59,79,80,84,129,131" m="31264,31520" machi="48" ten="30,8000,1" yaku="1,1,0,1,52,3,53,0" doraHai="75" doraHaiUra="61" who="1" fromWho="1" sc="182,-43,668,96,190,-43,0,0" /><INIT seed="1,4,0,3,5,114" ten="139,764,147,0" oya="1" hai0="61,73,53,95,116,101,115,83,133,97,129,117,132" hai1="93,107,36,65,81,67,99,92,105,76,126,118,58" hai2="32,66,106,130,74,122,34,102,38,2,48,103,86" hai3=""/><U41/><E126/><V134/><N who="2" m="31264" /><V52/><F2/><T109/><D115/><U62/><E65/><V69/><F38/><T87/><D109/><U108/><E108/><V42/><F42/><T47/><D73/><U121/><N who="1" m="31008" /><U120/><N who="1" m="30752" /><U112/><E112/><V80/><F74/><T124/><D124/><U49/><E36/><V64/><F134/><N who="0" m="51818" /><D129/><U78/><E93/><V85/><F130/><T33/><D33/><U128/><E128/><V119/><F119/><N who="0" m="45642" /><D61/><U44/><E118/><V89/><F69/><T125/><D125/><U1/><E1/><V98/><F103/><T82/><D87/><U35/><E35/><V123/><N who="2" m="31520" /><V56/><F32/><T77/><D77/><U39/><E78/><V104/><F34/><T111/><D111/><U55/><E76/><V88/><F106/><T45/><D53/><U96/><E99/><V50/><F48/><T43/><D45/><U0/><E0/><V37/><F37/><AGARI ba="4,0" hai="37,43,47,82,83,95,97,101" m="45642,51818" machi="37" ten="30,8000,1" yaku="20,1,12,1,52,3" doraHai="114" who="0" fromWho="2" sc="139,88,764,0,147,-88,0,0" /><INIT seed="2,0,0,4,5,55" ten="227,764,59,0" oya="2" hai0="121,82,95,122,54,70,58,77,127,64,92,61,41" hai1="43,1,128,80,130,57,89,133,117,104,42,101,83" hai2="93,76,50,112,94,100,35,40,52,3,86,71,56" hai3=""/><V135/><F3/><T116/><N who="0" m="31008" /><T74/><N who="0" m="31264" /><T67/><D116/><U46/><E1/><V91/><F35/><T131/><D131/><U78/><E117/><V85/><F71/><T125/><D41/><U132/><E104/><V33/><F33/><T129/><D129/><N who="1" m="49771" /><E101/><V106/><F112/><T124/><D64/><U69/><E69/><V81/><F135/><T118/><D118/><U96/><E57/><V63/><F106/><T68/><D70/><U111/><E111/><V72/><F100/><T53/><D53/><U62/><E62/><AGARI ba="0,0" hai="54,58,61,62,67,68,74,77,82,92,95,124,125,127" m="31264,31008" machi="62" ten="40,8000,1" yaku="18,1,52,3" doraHai="55" who="0" fromWho="1" sc="227,80,764,-80,59,0,0,0" /><INIT seed="4,0,0,2,5,92" ten="307,684,59,0" oya="0" hai0="84,50,2,55,87,130,48,75,94,119,93,76,113" hai1="118,123,42,64,44,69,121,105,36,77,59,45,110" hai2="82,124,89,39,1,114,91,104,122,60,51,109,66" hai3=""/><T35/><D119/><U115/><N who="1" m="31008" /><U78/><N who="1" m="31520" /><U56/><E105/><V46/><N who="2" m="31264" /><V65/><F1/><T62/><D2/><U72/><E72/><V54/><F104/><T61/><D35/><U126/><E118/><V41/><F109/><T86/><D113/><U128/><E115/><V37/><F114/><T103/><D130/><U34/><E126/><V132/><F124/><T101/><D75/><U49/><E110/><V79/><F132/><T120/><N who="0" m="30752" /><T0/><D0/><U32/><E32/><V52/><F66/><T111/><D111/><U107/><E107/><V47/><F54/><T106/><D106/><U70/><E69/><V74/><REACH who="2" step="1"/><F37/><REACH who="2" ten="307,684,49,0" step="2"/><T117/><D117/><U116/><E116/><V90/><F90/><T81/><D55/><U112/><E112/><V33/><F33/><T85/><D103/><U99/><E36/><V97/><F97/><T83/><D101/><U67/><E128/><V98/><F98/><T133/><D133/><U108/><E108/><V100/><F100/><T80/><D80/><U102/><E34/><V3/><F3/><T40/><D81/><U96/><E70/><AGARI ba="0,1" hai="39,41,46,47,51,52,60,65,70,74,79,82,89,91" m="31264" machi="70" ten="30,7700,0" yaku="1,1,7,1,52,1,54,1,53,0" doraHai="92" doraHaiUra="95" who="2" fromWho="1" sc="307,0,684,-77,49,87,0,0" /><INIT seed="5,0,0,0,4,95" ten="307,607,136,0" oya="1" hai0="120,111,33,60,125,51,44,129,41,130,124,119,85" hai1="53,107,75,38,76,1,108,0,131,112,39,115,128" hai2="73,113,122,71,121,42,69,81,64,2,97,106,87" hai3=""/><U34/><E53/><V48/><N who="2" m="31008" /><V86/><N who="2" m="31264" /><V100/><F2/><N who="1" m="1129" /><E76/><V72/><F113/><N who="1" m="43593" /><E107/><V105/><F105/><T123/><N who="0" m="30752" /><T57/><N who="0" m="31520" /><T36/><D33/><U79/><E34/><V59/><F87/><T91/><D111/><U55/><E55/><V61/><F69/><T80/><D51/><U92/><E92/><V3/><F3/><T89/><D89/><U101/><E101/><V90/><REACH who="2" step="1"/><F59/><REACH who="2" ten="307,607,126,0" step="2"/><T110/><D85/><U117/><E108/><V98/><F98/><T46/><D57/><U37/><E117/><V56/><F56/><T93/><D110/><U63/><E63/><V43/><F43/><T40/><D40/><U109/><E109/><V134/><F134/><T78/><D41/><U65/><E65/><V118/><F118/><T127/><D119/><U96/><E96/><V103/><F103/><T74/><D60/><U114/><E114/><V32/><F32/><T94/><D125/><U133/><E133/><V35/><F35/><T135/><D127/><U49/><E49/><V102/><F102/><T47/><D124/><U132/><E132/><V68/><F68/><T45/><D135/><U126/><E38/><V52/><F52/><T104/><N who="0" m="11264" /><DORA hai="88" /><T70/><D36/><RYUUKYOKU ba="0,1" sc="307,-10,607,-10,126,20,0,0" hai2="42,48,61,64,71,72,73,81,86,90,97,100,106" /><INIT seed="6,1,1,1,2,39" ten="297,597,146,0" oya="2" hai0="78,40,103,46,125,107,126,95,120,108,48,132,75" hai1="71,62,66,52,96,44,86,2,92,81,61,76,130" hai2="1,32,129,88,87,63,133,33,102,114,134,77,56" hai3=""/><V41/><F1/><T64/><N who="0" m="30752" /><T101/><D108/><U34/><E34/><V111/><F129/><T93/><D132/><N who="2" m="50794" /><F111/><T57/><D75/><U90/><E130/><V0/><F0/><T127/><D78/><U110/><E2/><V79/><F102/><N who="0" m="38922" /><D107/><U84/><E110/><V104/><F104/><T53/><D64/><U59/><REACH who="1" step="1"/><E44/><REACH who="1" ten="297,587,146,0" step="2"/><V47/><F114/><T42/><D42/><U43/><E43/><V85/><F32/><T37/><AGARI ba="1,2" hai="37,40,46,48,53,57,93,95,125,126,127" m="38922,30752" machi="37" ten="40,3900,0" yaku="18,1,52,2" doraHai="39" who="0" fromWho="0" sc="297,61,587,-14,146,-27,0,0" owari="358,-4.0,573,52.0,119,-48.0,0,0.0" /></mjloggm>