<mjloggm ver="2.3"><GO type="169" lobby="0"/><UN n0="%68%69" n1="%E3%81%8B%E3%81%93%E3%81%A8%E3%82%93" n2="%EF%BC%A7%EF%BC%A1%EF%BC%AD%EF%BC%A5" n3="%E5%A4%A9%E6%89%8D%E9%BA%BB%E5%B0%87%E5%8A%A0%E5%A5%88" dan="16,17,16,16" rate="2068.03,2116.32,2058.47,2048.27" sx="M,M,M,M"/><TAIKYOKU oya="0"/><INIT seed="0,0,0,0,1,118" ten="250,250,250,250" oya="0" hai0="8,71,13,47,11,121,53,88,50,117,84,9,77" hai1="21,37,134,124,41,125,105,20,83,4,31,65,1" hai2="82,96,15,33,92,110,128,115,119,103,7,74,132" hai3="89,69,66,130,76,46,93,62,30,60,86,27,26"/><T22/><D117/><U35/><E105/><V24/><F119/><W36/><G130/><T10/><D71/><U135/><E65/><V111/><F115/><W2/><G2/><T49/><D77/><U87/><E41/><V81/><F33/><W40/><G62/><T123/><D49/><U78/><E37/><V68/><F68/><W120/><G76/><T54/><D54/><U97/><E97/><V17/><F7/><W61/><G61/><T102/><D22/><N who="1" m="8811" /><E78/><V18/><F24/><W100/><G100/><T29/><D29/><U90/><E90/><V72/><F15/><W48/><G36/><T108/><D108/><N who="2" m="41514" /><F18/><W32/><REACH who="3" step="1"/><G26/><REACH who="3" ten="250,250,250,240" step="2"/><T126/><D102/><U85/><E1/><V131/><F132/><W23/><G23/><T101/><D101/><U52/><E135/><V25/><F25/><W28/><G28/><T6/><REACH who="0" step="1"/><D126/><REACH who="0" ten="240,250,250,240" step="2"/><U114/><E31/><V0/><F131/><W104/><G104/><T107/><D107/><U5/><E124/><V70/><F128/><W44/><G44/><T94/><AGARI ba="0,2" hai="6,8,9,10,11,13,47,50,53,84,88,94,121,123" machi="94" ten="30,12000,1" yaku="1,1,0,1,52,2,54,1,53,0" doraHai="118" doraHaiUra="79" who="0" fromWho="0" sc="240,140,250,-40,250,-40,240,-40" /><INIT seed="0,1,0,0,3,134" ten="380,210,210,200" oya="0" hai0="121,6,83,57,11,7,12,122,20,55,95,63,41" hai1="125,65,71,92,45,43,42,52,128,132,59,30,32" hai2="131,98,74,39,22,9,61,56,91,8,133,77,80" hai3="129,94,73,21,23,53,48,123,47,100,26,0,24"/><T46/><D6/><U115/><E132/><V104/><F133/><W2/><G73/><T17/><D95/><U89/><E128/><V40/><F131/><W68/><G129/><T34/><D34/><U70/><E115/><V113/><F113/><W101/><G68/><T97/><D97/><U10/><E65/><V111/><F111/><W119/><G119/><T99/><D99/><U81/><E81/><V130/><F130/><W37/><G37/><T88/><D83/><U33/><E43/><V58/><F22/><W102/><G94/><T117/><D88/><U35/><E30/><V116/><F116/><W76/><G76/><T118/><D121/><U14/><E45/><V72/><F72/><W69/><G69/><T54/><D54/><U108/><E42/><V103/><F58/><W19/><REACH who="3" step="1"/><G123/><REACH who="3" ten="380,210,210,190" step="2"/><T85/><D122/><U127/><E108/><V120/><F120/><W67/><G67/><T75/><D75/><U15/><E71/><V44/><REACH who="2" step="1"/><F91/><REACH who="2" ten="380,210,200,190" step="2"/><W107/><G107/><T96/><D117/><U112/><E70/><V86/><F86/><W38/><G38/><T109/><D85/><U106/><E112/><V87/><F87/><W114/><G114/><T84/><D84/><U28/><E106/><V93/><F93/><W66/><G66/><AGARI ba="1,2" hai="8,9,39,40,44,56,61,66,74,77,80,98,103,104" machi="66" ten="30,7700,0" yaku="1,1,7,1,53,2" doraHai="134" doraHaiUra="5" who="2" fromWho="3" sc="380,0,210,0,200,100,190,-80" /><INIT seed="1,0,0,0,1,101" ten="380,210,300,110" oya="1" hai0="24,66,124,131,100,110,9,82,125,35,129,63,93" hai1="106,126,5,71,20,41,34,46,39,97,59,70,76" hai2="79,130,13,99,48,104,94,72,123,64,6,128,25" hai3="122,17,8,1,120,10,54,21,44,98,132,18,111"/><U27/><E126/><V107/><F123/><W62/><G132/><T95/><D110/><U30/><E76/><V7/><F64/><W86/><G111/><T33/><D9/><U51/><E5/><V67/><F67/><W78/><G98/><T15/><D15/><U52/><REACH who="1" step="1"/><E34/><REACH who="1" ten="380,200,300,110" step="2"/><V43/><F7/><W91/><G78/><T56/><D35/><U77/><E77/><V118/><F79/><W85/><G122/><T53/><D124/><U31/><E31/><V11/><F118/><W4/><G120/><T80/><D33/><U47/><E47/><V2/><F72/><W74/><G74/><T23/><D125/><U14/><E14/><V61/><F13/><W103/><G44/><T55/><D129/><N who="2" m="49770" /><F25/><W90/><G4/><T68/><D24/><U105/><E105/><N who="2" m="40523" /><F61/><W114/><G62/><T119/><D63/><U112/><E112/><V88/><F43/><W42/><G42/><T116/><D131/><U121/><E121/><V92/><F92/><W45/><G114/><T108/><D93/><U81/><E81/><V83/><F48/><W0/><G45/><T135/><D95/><U65/><E65/><V50/><F50/><W113/><G113/><T38/><D66/><U28/><E28/><V75/><F75/><W22/><REACH who="3" step="1"/><G54/><REACH who="3" ten="380,200,300,100" step="2"/><T37/><D55/><U3/><E3/><V89/><F83/><W87/><G87/><T69/><D80/><U133/><E133/><V127/><F127/><W115/><G115/><T84/><D82/><U29/><E29/><V36/><F36/><W32/><G32/><T40/><D38/><U102/><AGARI ba="0,2" hai="20,27,30,39,41,46,51,52,59,70,71,97,102,106" machi="102" ten="30,18000,2" yaku="1,1,5,1,0,1,52,1,54,1,53,1" doraHai="101" doraHaiUra="16" who="1" fromWho="1" sc="380,-60,200,200,300,-60,100,-60" /><INIT seed="1,1,0,2,1,41" ten="320,400,240,40" oya="1" hai0="119,85,123,103,95,29,19,7,116,98,56,44,96" hai1="75,129,114,70,133,127,112,72,42,84,104,55,76" hai2="101,135,23,67,69,97,0,125,31,47,61,90,60" hai3="94,46,113,48,131,63,80,40,10,65,91,100,99"/><U87/><E70/><V83/><F125/><W106/><G131/><T132/><D132/><U86/><E42/><V74/><F135/><W93/><G113/><T79/><D123/><U18/><E127/><V62/><F0/><W15/><G80/><T17/><D29/><U30/><E133/><V20/><F20/><W52/><G91/><T50/><D7/><U6/><E6/><V21/><F21/><W54/><G94/><T59/><D119/><U82/><E30/><V130/><F130/><W16/><G106/><T120/><D120/><U124/><E124/><V22/><F22/><W1/><REACH who="3" step="1"/><G1/><REACH who="3" ten="320,400,240,30" step="2"/><T53/><D116/><U32/><E104/><N who="2" m="63535" /><F90/><W102/><G102/><T105/><D105/><U11/><E129/><V89/><F89/><W3/><G3/><T111/><D96/><U34/><E112/><V58/><F83/><W110/><G110/><T8/><D111/><U78/><E114/><V12/><F74/><W108/><G108/><T115/><D115/><U14/><E75/><V9/><F69/><AGARI ba="1,1" hai="10,15,16,40,46,48,52,54,63,65,69,93,99,100" machi="69" ten="30,8000,1" yaku="1,1,7,1,52,1,54,2,53,0" doraHai="41" doraHaiUra="26" who="3" fromWho="2" sc="320,0,400,0,240,-83,30,93" /><INIT seed="2,0,0,3,4,95" ten="320,400,157,123" oya="2" hai0="135,29,51,81,62,71,37,126,74,26,56,115,43" hai1="57,10,100,45,15,4,82,98,60,13,83,99,89" hai2="112,34,132,22,109,39,127,41,122,101,33,94,69" hai3="107,17,79,52,90,124,128,40,7,6,27,36,103"/><V88/><F112/><W18/><G128/><T118/><D135/><U42/><E15/><V116/><F116/><W67/><G124/><T21/><D126/><U28/><E28/><V16/><F127/><W111/><G111/><T85/><D115/><U11/><E11/><V53/><F122/><W129/><G67/><T49/><D74/><U47/><E47/><V119/><F119/><W30/><G90/><T76/><D71/><U1/><E1/><V97/><F132/><W110/><G129/><T2/><D2/><U73/><E100/><V133/><F133/><W68/><G68/><T54/><D118/><U58/><E58/><V75/><F75/><W125/><G110/><T25/><D37/><U35/><E35/><V120/><F109/><W80/><G40/><T114/><D114/><U123/><E123/><V48/><F69/><W50/><G36/><T92/><D43/><U14/><E14/><V105/><F41/><W106/><G106/><T65/><D26/><U23/><E23/><V91/><F39/><W117/><G117/><T59/><D92/><U20/><E20/><V46/><F91/><W12/><G27/><T61/><AGARI ba="0,0" hai="21,25,29,49,51,54,56,59,61,62,65,76,81,85" machi="61" ten="20,2700,0" yaku="0,1,7,1,8,1" doraHai="95" who="0" fromWho="0" sc="320,27,400,-7,157,-13,123,-7" /><INIT seed="3,0,0,4,4,68" ten="347,393,144,116" oya="3" hai0="42,74,36,17,30,70,18,116,12,83,15,122,63" hai1="131,79,132,43,102,123,53,114,108,41,119,101,112" hai2="26,124,133,6,57,129,85,32,37,16,69,48,51" hai3="9,81,91,21,25,103,65,60,87,1,92,118,13"/><W82/><G1/><T76/><D116/><U113/><E123/><V58/><F69/><W39/><G118/><T33/><D122/><U94/><E119/><V0/><F0/><W61/><G39/><T34/><D30/><U24/><E24/><V78/><F6/><W45/><G45/><T95/><D42/><U47/><E132/><V97/><F32/><W23/><G103/><T100/><D36/><U115/><E115/><V109/><F133/><W22/><G25/><T106/><D106/><U104/><E104/><V67/><F37/><W98/><G65/><T126/><D126/><U84/><E131/><V7/><F7/><W4/><REACH who="3" step="1"/><G82/><REACH who="3" ten="347,393,144,106" step="2"/><T89/><D100/><U66/><E102/><V86/><F26/><W71/><G71/><T75/><D70/><U127/><E101/><V128/><F67/><W31/><G31/><T3/><D83/><U56/><E112/><V20/><F128/><W62/><G62/><T90/><D63/><U29/><E66/><V111/><F129/><W117/><G117/><T88/><D3/><U134/><E47/><V105/><F124/><W55/><G55/><T14/><D95/><U72/><E94/><V8/><F105/><W27/><G27/><T96/><D34/><U44/><E113/><V59/><F59/><W99/><G99/><T73/><D33/><U52/><E114/><V10/><F97/><W80/><G80/><N who="0" m="45071" /><D96/><U54/><E29/><V125/><F125/><W93/><G93/><T77/><D77/><U64/><E79/><V28/><F78/><W38/><G38/><T50/><D50/><U46/><E127/><RYUUKYOKU ba="0,1" sc="347,15,393,-15,144,-15,106,15" hai0="12,14,15,17,18,74,75,88,89,90" hai3="4,9,13,21,22,23,60,61,81,87,91,92,98" /><INIT seed="3,1,1,3,1,102" ten="362,378,129,121" oya="3" hai0="37,38,6,20,104,5,55,77,91,111,23,123,32" hai1="60,57,7,95,92,73,63,93,86,61,11,68,76" hai2="54,46,69,26,126,85,89,98,96,24,117,112,50" hai3="99,97,135,133,121,43,105,0,36,44,103,4,17"/><W118/><G17/><T33/><D111/><U25/><E68/><V2/><F112/><W22/><G22/><T1/><D77/><U71/><E73/><V88/><F117/><W15/><G15/><T107/><D55/><U131/><E71/><V31/><F69/><W52/><G118/><T116/><D116/><U128/><E25/><V132/><F2/><W113/><G113/><T119/><D119/><U56/><E76/><V108/><F108/><W84/><G121/><T9/><D91/><U51/><E86/><V3/><F3/><W75/><G75/><T14/><D14/><U122/><E51/><V28/><F132/><W62/><G84/><T82/><D1/><N who="1" m="495" /><E122/><V47/><F126/><W124/><G124/><T81/><D9/><U45/><E45/><V72/><F72/><W79/><G79/><T101/><D101/><U120/><E120/><AGARI ba="1,1" hai="5,6,20,23,32,33,37,38,81,82,104,107,120,123" machi="120" ten="25,6400,0" yaku="22,2,52,2" doraHai="102" who="0" fromWho="1" sc="362,77,378,-67,129,0,121,0" /><INIT seed="4,0,0,3,4,23" ten="439,311,129,121" oya="0" hai0="16,61,1,102,105,7,72,70,73,68,45,80,128" hai1="83,108,109,115,88,106,78,2,81,40,95,89,116" hai2="24,57,15,100,8,64,20,56,91,25,42,59,34" hai3="65,74,49,129,134,113,87,27,85,18,121,46,47"/><T122/><D122/><U48/><E2/><V101/><F64/><W35/><G74/><T98/><D128/><U21/><E116/><V29/><F42/><W0/><G0/><T17/><D72/><U37/><E37/><V77/><F77/><W52/><G129/><T75/><D75/><U117/><E117/><V22/><F91/><W133/><G121/><T118/><D118/><U104/><E21/><N who="2" m="8299" /><F29/><N who="3" m="19903" /><G18/><T69/><D61/><U30/><E30/><V14/><F34/><W79/><G65/><T28/><D7/><U119/><E40/><V33/><F33/><W5/><G5/><T90/><D1/><U62/><E48/><V55/><F55/><W26/><G26/><N who="2" m="10345" /><F8/><W131/><G131/><T110/><D28/><U135/><E78/><V125/><F125/><W111/><G111/><T123/><D123/><U76/><E76/><V67/><F67/><W44/><G79/><T132/><D110/><U36/><E109/><V13/><AGARI ba="0,0" hai="13,14,15,56,57,59,100,101" m="10345,8299" machi="13" ten="40,12000,2" yaku="28,2,8,1,52,3" doraHai="23" who="2" fromWho="2" sc="439,-60,311,-30,129,120,121,-30" /><INIT seed="5,0,0,4,1,8" ten="379,281,249,91" oya="1" hai0="133,103,3,97,50,66,1,102,82,75,0,24,109" hai1="111,100,63,95,17,85,49,65,88,41,115,89,81" hai2="94,130,98,118,112,32,20,42,47,117,122,69,91" hai3="90,59,129,121,25,30,131,127,110,9,74,61,33"/><U101/><E115/><V57/><F112/><W43/><G127/><T134/><D109/><U107/><E111/><V28/><F32/><W126/><G110/><T52/><D66/><U54/><E107/><V11/><F69/><W55/><G121/><T45/><D24/><U79/><E41/><V40/><F130/><W123/><G123/><T31/><D31/><U92/><E92/><V56/><F122/><W106/><G126/><T16/><D97/><U5/><E5/><V7/><F57/><W36/><G90/><T26/><D82/><U99/><E89/><V116/><F56/><W113/><G113/><T104/><D75/><U76/><E76/><V124/><F124/><W71/><G106/><T86/><D86/><U10/><E10/><V68/><F68/><W21/><G74/><T83/><D83/><U78/><E78/><V105/><F105/><W19/><G71/><T18/><D26/><U53/><E17/><N who="0" m="6761" /><D104/><U13/><E13/><V2/><F47/><W14/><REACH who="3" step="1"/><G33/><REACH who="3" ten="379,281,249,81" step="2"/><T135/><AGARI ba="0,1" hai="0,1,3,45,50,52,102,103,133,134,135" m="6761" machi="135" ten="40,5200,0" yaku="20,1,54,2" doraHai="8" who="0" fromWho="0" sc="379,62,281,-26,249,-13,81,-13" /><INIT seed="6,0,0,2,2,84" ten="441,255,236,68" oya="2" hai0="34,49,132,74,18,95,75,68,19,126,122,59,114" hai1="72,116,47,46,32,67,128,30,11,7,8,115,22" hai2="21,100,85,41,86,79,125,121,24,70,98,27,99" hai3="97,81,64,123,35,0,23,26,107,36,133,69,51"/><V104/><F121/><W58/><G123/><T25/><D68/><U117/><E72/><V44/><F70/><W131/><G131/><T73/><D114/><U29/><E115/><V50/><F125/><W134/><G36/><T130/><D122/><U16/><E67/><V28/><F79/><W110/><G0/><T90/><D132/><U108/><E108/><V60/><F60/><W48/><G110/><T33/><D130/><U52/><E128/><V61/><F61/><W43/><G81/><T45/><D59/><U15/><E47/><V2/><F2/><W38/><G48/><T10/><D10/><U109/><E109/><V9/><F9/><W92/><G107/><T113/><D126/><U37/><E11/><V87/><F98/><W56/><G35/><T1/><D1/><U127/><E127/><V88/><REACH who="2" step="1"/><F27/><REACH who="2" ten="441,255,226,68" step="2"/><W96/><G26/><T40/><D113/><U83/><E8/><V124/><F124/><W76/><G76/><T89/><D25/><U71/><E71/><V94/><AGARI ba="0,1" hai="21,24,28,41,44,50,85,86,87,88,94,99,100,104" machi="94" ten="20,12000,1" yaku="1,1,0,1,7,1,52,1,54,1,53,0" doraHai="84" doraHaiUra="118" who="2" fromWho="2" sc="441,-40,255,-40,226,130,68,-40" /><INIT seed="6,1,0,0,4,81" ten="401,215,356,28" oya="2" hai0="7,132,100,113,75,16,64,43,87,23,61,123,9" hai1="35,40,122,42,107,71,15,34,51,79,120,86,49" hai2="24,89,5,96,32,66,1,111,57,20,83,97,98" hai3="84,135,119,131,72,94,2,10,73,3,106,112,92"/><V103/><F32/><W124/><G119/><T121/><D75/><U17/><E107/><V60/><F111/><W102/><G10/><T6/><D43/><U77/><E71/><V104/><F5/><W134/><G124/><T126/><D100/><U26/><E26/><V129/><F1/><W118/><G118/><T41/><D41/><U105/><E105/><V31/><REACH who="2" step="1"/><F129/><REACH who="2" ten="401,215,346,28" step="2"/><W85/><G131/><T25/><D6/><U109/><E34/><V0/><F0/><W52/><G112/><T55/><D113/><U70/><E35/><V47/><F47/><W27/><G106/><T76/><D126/><U37/><E109/><V44/><F44/><W59/><G102/><T99/><D123/><U108/><E120/><V88/><F88/><W127/><G127/><T33/><D121/><U95/><E108/><V50/><F50/><W56/><REACH who="3" step="1"/><G27/><REACH who="3" ten="401,215,346,18" step="2"/><T67/><D25/><U19/><E122/><V65/><F65/><W22/><G22/><T46/><D23/><U68/><E37/><V29/><F29/><W82/><G82/><T53/><D64/><U110/><E110/><V36/><F36/><W74/><G74/><T30/><D67/><U128/><E128/><V38/><F38/><W45/><G45/><T130/><D46/><U125/><E125/><V133/><F133/><W58/><G58/><T4/><D132/><U14/><E70/><V63/><F63/><W114/><G114/><T48/><D61/><U115/><E68/><V93/><F93/><W8/><G8/><T90/><D9/><U117/><E115/><V11/><F11/><W62/><G62/><RYUUKYOKU ba="1,2" sc="401,-15,215,-15,346,15,18,15" hai2="20,24,31,57,60,66,83,89,96,97,98,103,104" hai3="2,3,52,56,59,72,73,84,85,92,94,134,135" /><INIT seed="6,2,2,4,5,125" ten="386,200,361,33" oya="2" hai0="80,93,28,53,103,85,109,106,14,74,63,15,58" hai1="22,33,25,16,42,124,120,83,27,108,101,20,34" hai2="126,113,130,66,104,112,59,121,40,69,123,114,4" hai3="38,79,91,43,39,64,132,84,82,81,7,118,62"/><V110/><F104/><W73/><G118/><T46/><D109/><U11/><E120/><N who="2" m="46155" /><F4/><W44/><G132/><T1/><D1/><U122/><E122/><V105/><F105/><W119/><G119/><T52/><D106/><U78/><E108/><V128/><F126/><W134/><G134/><T18/><D28/><U31/><E124/><V9/><F110/><W111/><G111/><T54/><D74/><U89/><E101/><V41/><F69/><W12/><G62/><T2/><D2/><U86/><E42/><N who="2" m="16491" /><F9/><W36/><G64/><T47/><D103/><U21/><E11/><V32/><F32/><W97/><G97/><T51/><D93/><U57/><E34/><V8/><F8/><W23/><G7/><T115/><D53/><U48/><E78/><V94/><F94/><W61/><G61/><AGARI ba="2,2" hai="59,61,66,112,113,114,128,130" m="16491,46155" machi="61" ten="40,12000,1" yaku="15,1,34,2,52,2" doraHai="125" who="2" fromWho="3" sc="386,0,200,0,361,146,33,-126" owari="386,19.0,200,-20.0,507,60.0,-93,-59.0" /></mjloggm>