<mjloggm ver="2.3"><GO type="169" lobby="0"/><UN n0="%74%2E%6F%2E%6F%2E%73" n1="%E3%81%8A%E3%81%98%E3%81%95%E3%82%93" n2="%E3%82%B7%E3%83%A9%E3%80%82" n3="%E7%8C%BF%2D%53%61%72%75%2D" dan="18,17,17,17" rate="2266.68,2219.30,2209.51,2262.77" sx="M,M,M,M"/><TAIKYOKU oya="0"/><INIT seed="0,0,0,3,3,131" ten="250,250,250,250" oya="0" hai0="43,38,108,76,36,42,45,95,112,66,77,51,32" hai1="50,110,31,67,89,11,106,74,17,44,3,18,128" hai2="83,114,125,37,88,71,10,78,24,98,16,85,33" hai3="68,130,122,90,84,9,102,80,13,1,97,6,40"/><T73/><D112/><U111/><E128/><V75/><F125/><W72/><G130/><T109/><D32/><U107/><E74/><V12/><F114/><W46/><G122/><T59/><D95/><U119/><E119/><V19/><F71/><W20/><G68/><T99/><D99/><U132/><E31/><V63/><F37/><N who="0" m="14442" /><D73/><U55/><E67/><V4/><F63/><W103/><G72/><T58/><D76/><U113/><E113/><V7/><F98/><W0/><G102/><T56/><D77/><U93/><E3/><V120/><F120/><W115/><G115/><T129/><D129/><U92/><E11/><V117/><F117/><W65/><G65/><T14/><D14/><U60/><E60/><V22/><REACH who="2" step="1"/><F33/><REACH who="2" ten="250,250,240,250" step="2"/><W54/><G97/><T124/><D124/><U87/><E107/><V94/><AGARI ba="0,1" hai="4,7,10,12,16,19,22,24,75,78,83,85,88,94" machi="94" ten="20,12000,2" yaku="1,1,2,1,0,1,7,1,54,2,53,0" doraHai="131" doraHaiUra="123" who="2" fromWho="2" sc="250,-60,250,-30,240,130,250,-30" /><INIT seed="1,0,0,4,2,5" ten="190,220,370,220" oya="1" hai0="66,38,95,133,97,60,46,29,114,94,21,50,72" hai1="123,110,113,84,32,74,100,59,10,54,132,120,37" hai2="23,3,127,106,20,124,39,79,98,42,82,99,112" hai3="2,16,43,125,65,75,51,25,11,87,96,101,13"/><U30/><E74/><V128/><F3/><W78/><G125/><N who="2" m="48201" /><F128/><W71/><G2/><T116/><D133/><U90/><E132/><V7/><F7/><W14/><G75/><T22/><D114/><U24/><E113/><V67/><F67/><W102/><G71/><T115/><D115/><U8/><E37/><V28/><F28/><W6/><G65/><T35/><D116/><U85/><E100/><N who="2" m="62743" /><F99/><W40/><G25/><T69/><D29/><U9/><E110/><V18/><F18/><W81/><G51/><T83/><D50/><U33/><E33/><V121/><F121/><W111/><G111/><T70/><D35/><U105/><E105/><V76/><F112/><W56/><G56/><T104/><D97/><U52/><E85/><N who="2" m="48351" /><F76/><W108/><G108/><T64/><D66/><U92/><REACH who="1" step="1"/><E54/><REACH who="1" ten="190,210,370,220" step="2"/><V31/><F31/><W107/><REACH who="3" step="1"/><G102/><REACH who="3" ten="190,210,370,210" step="2"/><T34/><D70/><U57/><E57/><V129/><F129/><W63/><G63/><AGARI ba="0,2" hai="8,9,10,24,30,32,52,59,63,84,90,92,120,123" machi="63" ten="40,18000,2" yaku="1,1,52,3,54,1,53,2" doraHai="5" doraHaiUra="118" who="1" fromWho="3" sc="190,0,210,200,370,0,210,-180" /><INIT seed="1,1,0,2,5,52" ten="190,410,370,30" oya="1" hai0="46,38,79,102,54,5,44,3,17,32,115,78,117" hai1="42,75,59,11,83,92,50,22,97,131,134,57,7" hai2="121,68,108,60,2,8,23,98,112,1,103,109,66" hai3="56,90,55,85,63,49,20,9,135,18,119,91,61"/><U37/><E131/><V43/><F121/><W47/><G135/><T39/><D115/><U76/><E134/><V15/><F23/><W73/><G73/><T4/><D117/><U101/><E50/><V48/><F48/><W10/><G119/><T81/><D32/><U128/><E22/><V24/><F24/><W118/><G118/><T27/><D102/><U25/><E25/><V41/><F41/><W29/><G29/><T86/><D27/><U36/><E128/><V89/><F89/><W82/><G90/><T45/><D54/><U33/><E33/><V123/><F43/><W104/><G104/><T28/><D28/><U16/><E16/><V64/><F64/><W71/><G71/><T72/><D17/><U95/><E95/><V129/><F129/><W58/><G20/><T120/><D120/><U80/><E80/><V127/><F127/><W13/><G10/><T93/><D3/><N who="1" m="511" /><E36/><V107/><F123/><W110/><G110/><N who="2" m="42601" /><F112/><W0/><G0/><T122/><D122/><U133/><E133/><V84/><F84/><W77/><G77/><T87/><D72/><U30/><E30/><V94/><F107/><W12/><G12/><T6/><D93/><U67/><E67/><V69/><F69/><W132/><G132/><T62/><D62/><AGARI ba="1,0" hai="9,13,18,47,49,55,56,58,61,62,63,82,85,91" machi="62" ten="40,8000,1" yaku="25,2,8,1,52,2" doraHai="52" who="3" fromWho="0" sc="190,-83,410,0,370,0,30,83" /><INIT seed="2,0,0,4,4,0" ten="107,410,370,113" oya="2" hai0="95,131,60,75,72,135,38,39,126,27,127,100,83" hai1="41,46,55,6,32,58,121,102,22,92,16,69,132" hai2="36,113,28,53,14,104,26,78,79,84,63,49,52" hai3="30,129,48,89,108,112,10,124,59,5,80,19,29"/><V3/><F113/><W133/><G108/><T57/><D27/><U2/><E69/><V12/><F3/><W85/><G133/><T81/><D135/><U45/><E32/><V17/><F36/><N who="0" m="13866" /><D131/><U111/><E111/><V118/><F118/><W18/><G124/><N who="0" m="47659" /><D100/><U109/><E102/><V125/><F104/><W4/><G112/><T71/><D71/><U65/><E121/><V122/><F122/><W35/><G129/><T37/><N who="0" m="13874" /><T61/><DORA hai="9" /><D95/><U91/><E92/><V120/><F120/><W51/><G35/><T7/><D7/><N who="3" m="2633" /><G48/><T1/><D1/><U105/><E2/><V20/><F125/><W13/><G19/><T54/><D60/><U11/><E16/><V119/><F119/><W70/><G70/><T87/><D81/><U115/><E6/><V8/><F14/><W107/><G107/><T56/><D56/><U99/><E58/><N who="2" m="35279" /><F84/><W74/><G74/><T88/><AGARI ba="0,0" hai="54,57,61,72,75,83,87,88" m="47659,13874" machi="88" ten="50,3200,0" yaku="18,1,54,1" doraHai="0,9" who="0" fromWho="0" sc="107,32,410,-8,370,-16,113,-8" /><INIT seed="3,0,0,0,1,60" ten="139,402,354,105" oya="3" hai0="18,62,122,130,89,101,97,83,39,134,113,57,87" hai1="116,98,50,66,72,48,128,29,71,82,41,4,92" hai2="10,104,42,121,43,34,9,47,24,99,125,76,35" hai3="109,115,65,12,86,94,112,53,91,131,16,70,135"/><W133/><G131/><T6/><D134/><N who="3" m="51209" /><G109/><T117/><D130/><U2/><E128/><V22/><F125/><W25/><G25/><T17/><D117/><U126/><E126/><V100/><F121/><W95/><G53/><T69/><D69/><U123/><E123/><V40/><F47/><W44/><G44/><T129/><D129/><U77/><E116/><V31/><REACH who="2" step="1"/><F76/><REACH who="2" ten="139,402,344,105" step="2"/><W37/><G37/><T80/><D39/><U54/><E77/><V59/><F59/><W55/><G55/><T102/><D57/><U85/><E54/><V111/><F111/><W46/><G46/><T81/><D122/><U119/><E119/><V0/><F0/><W110/><G110/><T88/><D113/><N who="3" m="43593" /><G70/><T13/><D80/><U90/><E82/><V33/><AGARI ba="0,1" hai="9,10,22,24,31,33,34,35,40,42,43,99,100,104" machi="33" ten="40,8000,1" yaku="1,1,0,1,53,3" doraHai="60" doraHaiUra="38" who="2" fromWho="2" sc="139,-20,402,-20,344,90,105,-40" /><INIT seed="4,0,0,3,3,131" ten="119,382,434,65" oya="0" hai0="66,103,38,39,132,48,78,124,16,76,108,129,125" hai1="105,91,37,27,1,57,72,41,21,0,15,2,4" hai2="44,88,60,101,67,6,34,97,110,13,17,128,84" hai3="7,70,24,49,31,83,55,14,111,71,114,127,85"/><T62/><D129/><U123/><E72/><V134/><F134/><W11/><G114/><T99/><D48/><U92/><E105/><V23/><F110/><W77/><G127/><N who="0" m="48715" /><D132/><U33/><E123/><V47/><F6/><W80/><G80/><T112/><D112/><U93/><E33/><V63/><F34/><W122/><G122/><T3/><D3/><U82/><E82/><V102/><F128/><W116/><G116/><T18/><D108/><U53/><E41/><V104/><F102/><W120/><G120/><T135/><D135/><U52/><E37/><N who="0" m="13833" /><D76/><U65/><E0/><V50/><F50/><W100/><G100/><T73/><D78/><U74/><E1/><V121/><F60/><W79/><G79/><T107/><D73/><U126/><E2/><V106/><F106/><W32/><REACH who="3" step="1"/><G111/><REACH who="3" ten="119,382,434,55" step="2"/><T8/><D8/><U90/><E126/><V22/><F121/><W29/><G29/><T61/><D61/><U42/><E74/><V5/><F63/><W130/><G130/><T40/><D40/><U68/><E42/><V45/><F101/><W26/><G26/><T94/><D107/><U36/><E27/><V95/><F104/><W46/><AGARI ba="0,1" hai="7,11,14,24,31,32,46,49,55,70,71,77,83,85" machi="46" ten="20,2700,0" yaku="1,1,0,1,7,1,53,0" doraHai="131" doraHaiUra="59" who="3" fromWho="3" sc="119,-13,382,-7,434,-7,55,37" /><INIT seed="5,0,0,2,1,16" ten="106,375,427,92" oya="1" hai0="106,26,109,114,60,70,11,116,85,40,18,17,76" hai1="52,83,19,51,55,71,105,87,44,32,38,13,10" hai2="97,134,34,127,103,108,80,59,42,30,120,46,61" hai3="1,63,93,64,58,112,126,47,25,66,92,5,79"/><U118/><E118/><V15/><F108/><W67/><G112/><T3/><D116/><U99/><E32/><V90/><F120/><W89/><G126/><T35/><D109/><U2/><E71/><V110/><F110/><W75/><G75/><T57/><D106/><U56/><E2/><V125/><F15/><W22/><G79/><T21/><D114/><U37/><E105/><V73/><F30/><W74/><G74/><T68/><D40/><U77/><REACH who="1" step="1"/><E99/><REACH who="1" ten="106,365,427,92" step="2"/><V48/><F34/><W49/><G1/><T131/><D35/><U88/><E88/><V133/><F133/><W102/><G102/><T94/><D70/><U135/><E135/><V111/><F134/><W121/><G121/><T104/><D68/><U20/><E20/><V24/><F111/><W81/><G92/><T41/><D104/><U0/><E0/><V119/><F119/><W128/><G81/><T98/><D3/><U69/><E69/><V4/><F103/><W100/><G100/><T62/><D98/><U43/><E43/><V36/><F97/><N who="3" m="57519" /><G128/><T45/><D131/><U14/><E14/><V129/><F129/><W50/><G22/><T27/><D94/><U23/><E23/><V122/><F122/><W54/><G25/><T132/><D132/><U8/><E8/><V91/><F24/><W84/><G84/><T101/><D101/><U82/><E82/><V12/><F80/><W72/><G72/><T123/><D123/><U78/><E78/><V107/><F73/><W124/><G124/><N who="2" m="47689" /><F107/><W117/><G117/><T130/><D130/><U9/><E9/><N who="2" m="4135" /><F36/><W113/><G113/><RYUUKYOKU ba="0,1" sc="106,-15,365,15,427,15,92,-15" hai1="10,13,19,37,38,44,51,52,55,56,77,83,87" hai2="42,46,48,59,61,90,91" /><INIT seed="5,1,1,0,4,8" ten="91,380,442,77" oya="1" hai0="123,111,26,78,51,92,25,38,109,52,132,76,56" hai1="20,37,11,6,115,12,116,106,47,120,34,28,14" hai2="133,54,67,5,57,39,84,24,33,42,79,108,129" hai3="46,53,128,121,23,110,130,135,88,48,102,99,15"/><U107/><E116/><V101/><F108/><W32/><G110/><T112/><D38/><U86/><E120/><V45/><F133/><W90/><G32/><T122/><D112/><U113/><E34/><V82/><F129/><N who="3" m="49771" /><G135/><T22/><D132/><U44/><E86/><V103/><F67/><W55/><G55/><T105/><D105/><N who="1" m="39947" /><E37/><V95/><F5/><W17/><G121/><N who="0" m="46091" /><D26/><N who="1" m="16455" /><E14/><V19/><F95/><AGARI ba="1,1" hai="15,17,23,46,48,53,88,90,95,99,102" m="49771" machi="95" ten="30,3900,0" yaku="19,1,52,1,54,1" doraHai="8" who="3" fromWho="2" sc="91,0,380,0,442,-42,77,52" /><INIT seed="6,0,0,3,3,86" ten="91,380,400,129" oya="2" hai0="58,7,84,38,132,104,67,93,94,19,12,0,109" hai1="91,66,85,72,81,105,39,121,32,68,55,52,8" hai2="87,31,126,33,49,124,51,4,56,48,102,1,28" hai3="100,30,46,120,44,36,42,133,119,98,74,14,115"/><V99/><F56/><W108/><G108/><T113/><D109/><U50/><E32/><V22/><F33/><W61/><G119/><T40/><D113/><U29/><E29/><V80/><F4/><W20/><G120/><T95/><D132/><U21/><E105/><V97/><F1/><W135/><G74/><T70/><D104/><U2/><E121/><V127/><F22/><W37/><G115/><T111/><D111/><U78/><E39/><V112/><F112/><W90/><G90/><T130/><D70/><U34/><E34/><V10/><F10/><W125/><G125/><T64/><D130/><U73/><E55/><V45/><F45/><W47/><G61/><T65/><D7/><U18/><E8/><V9/><F9/><W110/><G110/><T88/><D0/><U131/><E2/><V60/><F60/><W63/><G63/><N who="0" m="38007" /><D40/><U92/><E131/><V96/><F102/><W71/><G71/><T25/><D25/><U24/><E68/><V79/><AGARI ba="0,0" hai="28,31,48,49,51,79,80,87,96,97,99,124,126,127" machi="79" ten="40,12000,1" yaku="0,1,29,2,18,1" doraHai="86" who="2" fromWho="2" sc="91,-40,380,-40,400,120,129,-40" /><INIT seed="6,1,0,2,2,85" ten="51,340,520,89" oya="2" hai0="133,47,0,8,73,57,96,126,107,100,83,122,48" hai1="20,101,115,108,121,88,41,5,31,36,124,78,25" hai2="51,111,6,97,103,98,79,90,62,132,32,42,40" hai3="55,125,67,27,80,11,74,35,68,60,52,77,65"/><V1/><F32/><W112/><G125/><T7/><D126/><U37/><E124/><V34/><F34/><W26/><G112/><T38/><D133/><U64/><E108/><V86/><F79/><W118/><G118/><T22/><D122/><U105/><E78/><V131/><F132/><W94/><G67/><T114/><D114/><U116/><E115/><V113/><F131/><W59/><G35/><T99/><D22/><U13/><E116/><V16/><F62/><W91/><G11/><T15/><D99/><U92/><E121/><V82/><F98/><W46/><G46/><T110/><D110/><U75/><E75/><V106/><F111/><W104/><G104/><T10/><D57/><U63/><E101/><V89/><F89/><W58/><G68/><T18/><D38/><U56/><E105/><V44/><F16/><W120/><G120/><T39/><D39/><U23/><E41/><V135/><F135/><W29/><G29/><T2/><D83/><U61/><E61/><V43/><F113/><W70/><G70/><T3/><REACH who="0" step="1"/><D73/><REACH who="0" ten="41,340,520,89" step="2"/><U87/><REACH who="1" step="1"/><E23/><REACH who="1" ten="41,330,520,89" step="2"/><V33/><F33/><W76/><G74/><T127/><D127/><U30/><E30/><V69/><F43/><AGARI ba="1,2" hai="0,2,3,7,8,10,15,18,43,47,48,96,100,107" machi="43" ten="30,3900,0" yaku="1,1,7,1,53,1" doraHai="85" doraHaiUra="95" who="0" fromWho="2" sc="41,62,330,0,520,-42,89,0" /><INIT seed="7,0,0,0,4,120" ten="103,330,478,89" oya="3" hai0="92,131,42,100,76,59,4,88,124,81,32,99,33" hai1="110,78,86,103,72,96,36,46,44,56,31,82,104" hai2="37,97,49,17,7,112,130,60,111,74,0,115,13" hai3="105,61,134,55,126,28,52,122,68,58,69,75,91"/><W106/><G122/><T45/><D131/><U125/><E125/><V57/><F111/><W121/><G121/><T89/><D124/><U22/><E36/><V116/><F116/><W12/><G126/><T101/><D4/><U14/><E31/><V40/><F37/><W50/><G75/><T83/><D59/><U93/><E56/><V79/><F7/><W43/><G43/><T135/><D135/><U51/><E46/><V113/><F0/><W29/><G134/><T63/><D63/><U65/><E65/><V85/><F74/><W133/><G133/><T48/><D89/><U1/><E1/><V95/><F130/><W77/><G77/><T16/><D16/><U64/><E64/><V2/><F2/><W129/><G129/><T8/><D8/><U23/><E14/><V107/><F107/><W20/><G106/><T24/><D24/><U10/><E10/><V30/><F30/><N who="3" m="11883" /><G105/><T21/><D21/><U119/><E119/><V71/><F71/><W54/><G68/><T114/><D114/><U108/><E22/><V34/><F34/><W5/><G69/><T84/><D100/><U102/><E23/><V118/><F118/><W109/><G109/><T67/><D67/><U19/><E19/><V123/><F123/><W73/><G73/><AGARI ba="0,0" hai="32,33,42,45,48,73,76,81,83,84,88,92,99,101" machi="73" ten="30,2000,0" yaku="7,1,54,1" doraHai="120" who="0" fromWho="3" sc="103,20,330,0,478,0,89,-20" owari="123,-28.0,330,13.0,478,58.0,69,-43.0" /></mjloggm>