<mjloggm ver="2.3"><GO type="169" lobby="0"/><UN n0="%6B%6F%69%74%74%65" n1="%E3%82%82%E3%82%93%E3%81%A1%E3%81%A3%E3%81%A1" n2="%64%61%7A%61%69" n3="%E5%A4%A7%E8%94%B5%E9%81%8A%E6%98%9F" dan="17,16,16,16" rate="2207.39,2117.68,2140.63,2125.11" sx="F,M,M,F"/><TAIKYOKU oya="0"/><INIT seed="0,0,0,1,2,67" ten="250,250,250,250" oya="0" hai0="51,76,2,50,4,122,54,98,80,130,63,48,91" hai1="87,118,127,93,105,62,71,61,132,58,96,64,10" hai2="43,106,29,81,74,7,117,88,84,24,129,30,112" hai3="39,109,5,28,72,78,23,16,19,123,56,116,70"/><T35/><D35/><U90/><E118/><V85/><F112/><W44/><G16/><T38/><D38/><U83/><E127/><V47/><F74/><W115/><G19/><T133/><D122/><U104/><E10/><V0/><F129/><W126/><G23/><T34/><D34/><U99/><E132/><V20/><F117/><W92/><G5/><T33/><D33/><U8/><E8/><V46/><F106/><W100/><G28/><T26/><D26/><U17/><E17/><V49/><F0/><W66/><G72/><T15/><D2/><U27/><E27/><V108/><F108/><W77/><G77/><T120/><D120/><U65/><REACH who="1" step="1"/><E99/><REACH who="1" ten="250,240,250,250" step="2"/><V36/><F7/><W75/><G116/><T59/><D133/><U37/><E37/><V128/><F128/><W21/><G39/><T73/><D130/><U79/><AGARI ba="0,1" hai="58,61,62,64,65,71,79,83,87,90,93,96,104,105" machi="79" ten="20,12000,2" yaku="1,1,0,1,7,1,52,1,53,2" doraHai="67" doraHaiUra="57" who="1" fromWho="1" sc="250,-60,240,130,250,-30,250,-30" /><INIT seed="1,0,0,2,3,7" ten="190,370,220,220" oya="1" hai0="50,76,40,37,22,18,94,64,88,38,110,39,70" hai1="13,127,87,80,65,96,24,66,120,56,117,43,67" hai2="103,1,84,108,19,82,85,49,91,6,26,47,105" hai3="17,73,74,119,20,46,9,14,45,78,99,44,72"/><U25/><E120/><V3/><F108/><W131/><G131/><T10/><D110/><U35/><E117/><V115/><F115/><W0/><G119/><T16/><D76/><U86/><E127/><V106/><F103/><W116/><G116/><T31/><D70/><U5/><E43/><V27/><F6/><W121/><G121/><T125/><D64/><U61/><E96/><V52/><F1/><W75/><G0/><T62/><D62/><U93/><E93/><V132/><F3/><W107/><G78/><T34/><D34/><U12/><E86/><V41/><F132/><W32/><G32/><T79/><D79/><U101/><E101/><V114/><F114/><W60/><G60/><T81/><D81/><U58/><E35/><V71/><F71/><W89/><N who="3" m="18432" /><DORA hai="8" /><W36/><G107/><T63/><D63/><N who="1" m="38119" /><E66/><V57/><F85/><W100/><G89/><T129/><D38/><U48/><E48/><V113/><F113/><W28/><G36/><T122/><D39/><U123/><E123/><V133/><F133/><W104/><REACH who="3" step="1"/><G28/><REACH who="3" ten="190,370,220,210" step="2"/><T59/><D37/><U111/><E111/><V95/><F106/><W55/><G55/><N who="0" m="32247" /><D31/><U54/><E54/><V4/><F105/><W98/><G98/><N who="0" m="57671" /><D122/><U109/><E109/><V134/><F134/><W29/><G29/><T53/><D53/><U128/><E128/><V69/><F52/><W21/><AGARI ba="0,1" hai="9,14,17,20,21,44,45,46,99,100,104" m="18432" machi="21" ten="60,8000,1" yaku="1,1,0,1,52,2,53,0" doraHai="7,8" doraHaiUra="30,68" who="3" fromWho="3" sc="190,-20,370,-40,220,-20,210,90" /><INIT seed="2,0,0,2,3,67" ten="170,330,200,300" oya="2" hai0="29,124,4,120,13,17,49,106,27,122,81,60,24" hai1="1,115,37,118,55,9,21,8,15,73,133,44,5" hai2="109,52,82,121,88,87,3,111,58,117,135,114,90" hai3="130,70,74,35,11,16,23,96,33,2,75,101,132"/><V83/><F3/><W53/><G132/><T119/><D124/><U127/><E118/><V89/><F117/><W99/><G130/><T47/><D119/><U91/><E115/><V56/><F114/><W80/><G70/><T19/><D106/><U103/><E73/><V62/><F121/><W7/><G96/><T69/><D4/><U84/><E133/><V78/><F135/><W131/><G131/><T22/><D81/><U30/><E103/><V112/><F112/><W38/><G38/><T79/><D79/><U51/><E37/><V92/><F83/><W32/><G80/><T20/><D60/><U125/><E21/><V43/><F43/><W57/><G57/><T12/><D69/><U65/><E30/><V59/><F92/><W46/><G46/><T116/><D116/><U105/><E65/><V128/><F128/><W61/><G61/><T31/><D49/><U71/><E71/><V34/><F34/><W108/><G108/><AGARI ba="0,0" hai="52,56,58,59,62,78,82,87,88,89,90,108,109,111" machi="108" ten="40,12000,1" yaku="14,1,10,1,54,2" doraHai="67" who="2" fromWho="3" sc="170,0,330,0,200,120,300,-120" /><INIT seed="2,1,0,0,0,2" ten="170,330,320,180" oya="2" hai0="10,96,133,54,3,70,24,114,99,5,33,98,72" hai1="63,121,101,75,56,17,16,76,82,91,52,69,59" hai2="34,48,22,0,25,119,47,74,106,11,80,43,89" hai3="53,60,90,27,132,109,31,50,57,129,4,6,13"/><V128/><F106/><W85/><G109/><T84/><D114/><U111/><E69/><V19/><F119/><W28/><G132/><T107/><D133/><U12/><E111/><V66/><F128/><W77/><G129/><T37/><D70/><U18/><E121/><V86/><F74/><W124/><G77/><T41/><D54/><U55/><E101/><V61/><F34/><W112/><G112/><T68/><D68/><U29/><E29/><N who="3" m="11338" /><G124/><T49/><D37/><U40/><E40/><V64/><REACH who="2" step="1"/><F61/><REACH who="2" ten="170,330,310,180" step="2"/><W97/><G97/><T126/><D72/><U9/><E91/><V7/><AGARI ba="1,1" hai="0,7,11,19,22,25,43,47,48,64,66,80,86,89" machi="7" ten="30,12000,1" yaku="1,1,2,1,0,1,52,1,53,1" doraHai="2" doraHaiUra="42" who="2" fromWho="2" sc="170,-41,330,-41,310,133,180,-41" /><INIT seed="2,2,0,4,5,28" ten="129,289,443,139" oya="2" hai0="118,114,38,37,105,36,57,94,106,132,133,29,1" hai1="56,131,104,115,68,119,14,108,7,31,32,70,75" hai2="128,34,3,19,117,59,67,89,78,134,87,65,61" hai3="23,26,107,50,43,97,35,46,111,42,121,120,91"/><V98/><F117/><W8/><G111/><T85/><D1/><U79/><E56/><V116/><F116/><W41/><G8/><T5/><D118/><U101/><E14/><V84/><F3/><W125/><G125/><T112/><D5/><U15/><E15/><V126/><F34/><W102/><G91/><T2/><D2/><U25/><E7/><V13/><F126/><W74/><G74/><T12/><D12/><U127/><E119/><V39/><F39/><W71/><G71/><T62/><D29/><U123/><E127/><V44/><F128/><W48/><G35/><T24/><D24/><U10/><E10/><V93/><F134/><N who="0" m="51818" /><D94/><U135/><E135/><V54/><F78/><W95/><G107/><N who="0" m="40971" /><D85/><N who="2" m="32842" /><F44/><W11/><G11/><AGARI ba="2,0" hai="11,13,19,54,59,61,65,67,89,93,98" m="32842" machi="11" ten="30,1500,0" yaku="8,1" doraHai="28" who="2" fromWho="3" sc="129,0,289,0,443,21,139,-21" /><INIT seed="2,3,0,5,0,93" ten="129,289,464,118" oya="2" hai0="72,111,58,22,133,67,69,128,34,6,41,74,114" hai1="104,103,96,119,77,122,134,80,79,82,89,110,131" hai2="64,9,132,0,44,97,76,73,17,102,33,38,52" hai3="43,35,109,99,116,39,30,7,25,4,27,100,11"/><V70/><F33/><W129/><G109/><T53/><D34/><U92/><E119/><V37/><F132/><W107/><G129/><T68/><D111/><U125/><E110/><V13/><F0/><W48/><G48/><T98/><D6/><U63/><E131/><V95/><F73/><W40/><G7/><T24/><D133/><U88/><E63/><V65/><F76/><N who="1" m="29257" /><E134/><V87/><F87/><W71/><G27/><T78/><D78/><U1/><E1/><V15/><F70/><W47/><G43/><T54/><D54/><U55/><E55/><V8/><F38/><W83/><G83/><N who="1" m="31786" /><E122/><V112/><F112/><W56/><G56/><T120/><D120/><U19/><E19/><N who="2" m="8615" /><F37/><W84/><G84/><T10/><D68/><U51/><E51/><AGARI ba="3,0" hai="9,15,17,44,51,52,64,65,95,97,102" m="8615" machi="51" ten="30,5800,0" yaku="8,1,52,1,54,1" doraHai="93" who="2" fromWho="1" sc="129,0,289,-67,464,67,118,0" /><INIT seed="2,4,0,5,0,24" ten="129,222,531,118" oya="2" hai0="89,25,108,29,107,16,129,64,48,50,10,88,122" hai1="61,68,120,112,72,124,71,5,42,40,45,12,79" hai2="18,115,125,44,55,104,131,85,123,53,11,81,0" hai3="113,54,105,30,46,103,35,39,34,22,7,126,84"/><V62/><F115/><W74/><G113/><T56/><D108/><U90/><E112/><V66/><F123/><W51/><G74/><T8/><D107/><U2/><E40/><V58/><F104/><W19/><G126/><T82/><D122/><U130/><E12/><V111/><F125/><W96/><G7/><T95/><D82/><N who="1" m="45415" /><E124/><V60/><F111/><W69/><G69/><T28/><D89/><U9/><E120/><V87/><F131/><W4/><G4/><T128/><D64/><U80/><E61/><V117/><F117/><W14/><G39/><T93/><D93/><U15/><E15/><N who="2" m="7551" /><F0/><W41/><G41/><T26/><D10/><U13/><E13/><V134/><F134/><W63/><G63/><T97/><D129/><U83/><E130/><V32/><F32/><W135/><G135/><T127/><D127/><U57/><E57/><N who="2" m="37199" /><F81/><N who="1" m="31305" /><E90/><V86/><F44/><W133/><G133/><T52/><D128/><U31/><E31/><N who="0" m="11849" /><D50/><U100/><E100/><V78/><F78/><W91/><REACH who="3" step="1"/><G30/><REACH who="3" ten="129,222,531,108" step="2"/><T77/><D77/><U37/><AGARI ba="4,1" hai="2,5,9,37,42,45,68,71" m="31305,45415" machi="37" ten="30,1100,0" yaku="25,1" doraHai="24" who="1" fromWho="1" sc="129,-7,222,33,531,-9,108,-7" /><INIT seed="3,0,0,5,1,32" ten="122,255,522,101" oya="3" hai0="55,93,28,56,35,23,103,29,121,106,22,102,116" hai1="128,47,19,66,49,17,107,91,34,44,101,68,21" hai2="72,75,86,98,43,3,54,105,33,134,127,25,37" hai3="48,74,61,67,16,1,99,135,122,81,13,92,117"/><W51/><G117/><T133/><D116/><U59/><E34/><V18/><F86/><W31/><G122/><T87/><D133/><U78/><E107/><V69/><F3/><W89/><G135/><T45/><D45/><U9/><E101/><V119/><F69/><W70/><G31/><T85/><D93/><U88/><E68/><V82/><F43/><W113/><G113/><T30/><D35/><U132/><E47/><V4/><F4/><W26/><G26/><T108/><D108/><U129/><E78/><V111/><F37/><W2/><G51/><T58/><D106/><U110/><E66/><V52/><F33/><W79/><G48/><T38/><D38/><U83/><E59/><N who="0" m="22569" /><D55/><N who="1" m="30119" /><E110/><V12/><F75/><W39/><G39/><T120/><D120/><U36/><E36/><V64/><F72/><W104/><G104/><T73/><D73/><U123/><E123/><V90/><F25/><W71/><G70/><T0/><D0/><U40/><E40/><V14/><F64/><W27/><G27/><T7/><D7/><U63/><E63/><V11/><F105/><W118/><G118/><T124/><D124/><U62/><E62/><V57/><F127/><W114/><G114/><T50/><D50/><U15/><E132/><V109/><F134/><W115/><G115/><T112/><D112/><U5/><E5/><V60/><F119/><W8/><AGARI ba="0,0" hai="1,2,8,13,16,61,67,71,74,79,81,89,92,99" machi="8" ten="20,12000,1" yaku="0,1,7,1,52,2,54,1" doraHai="32" who="3" fromWho="3" sc="122,-40,255,-40,522,-40,101,120" /><INIT seed="3,1,0,3,4,105" ten="82,215,482,221" oya="3" hai0="108,68,80,75,91,69,107,40,127,27,76,79,73" hai1="57,1,99,102,53,31,72,33,95,42,37,51,132" hai2="78,48,15,61,126,60,45,120,117,113,122,124,130" hai3="26,128,24,41,12,16,10,36,92,39,83,123,70"/><W131/><G70/><T97/><D108/><U6/><E33/><V119/><F78/><W23/><G123/><N who="2" m="47145" /><F15/><W0/><G92/><T55/><D40/><U5/><E31/><V30/><F30/><W50/><G0/><T106/><D27/><U49/><E1/><V71/><F130/><N who="3" m="49707" /><G26/><T58/><D127/><N who="2" m="48682" /><F113/><W84/><G41/><T65/><D107/><U8/><E72/><V135/><F135/><W89/><G50/><T125/><D125/><U129/><E132/><V25/><F25/><W115/><G115/><T111/><D111/><U98/><E129/><V94/><F94/><W47/><G47/><T7/><D7/><AGARI ba="1,0" hai="7,10,12,16,23,24,36,39,83,84,89" m="49707" machi="7" ten="30,2900,0" yaku="19,1,54,1" doraHai="105" who="3" fromWho="0" sc="82,-32,215,0,482,0,221,32" /><INIT seed="3,2,0,3,1,122" ten="50,215,482,253" oya="3" hai0="29,125,41,108,103,71,12,101,66,1,43,24,9" hai1="86,75,72,51,78,116,130,102,117,74,131,45,69" hai2="23,68,106,64,4,14,65,70,10,112,76,113,127" hai3="73,100,110,6,85,134,63,28,37,67,80,99,34"/><W84/><G37/><T8/><D125/><U54/><E69/><V92/><F106/><W128/><G6/><T119/><D71/><U42/><E102/><V94/><F76/><W44/><G73/><T111/><D66/><U96/><E96/><V107/><F107/><W109/><G44/><T47/><D119/><N who="1" m="45643" /><E86/><V52/><F23/><W40/><G40/><T87/><D87/><U36/><E78/><V38/><F10/><W126/><G126/><T97/><D1/><U91/><E91/><V53/><F14/><W115/><G115/><T132/><D132/><U60/><E60/><V124/><F4/><W13/><G13/><T133/><D133/><U15/><E15/><V35/><F35/><W57/><G134/><T50/><D9/><U95/><E95/><V118/><F118/><W5/><G5/><T46/><D97/><U2/><E2/><V49/><F49/><W62/><G62/><T129/><D129/><N who="1" m="49163" /><E36/><AGARI ba="2,0" hai="36,38,52,53,64,65,68,70,92,94,112,113,124,127" machi="36" ten="25,3200,0" yaku="22,2,54,1" doraHai="122" who="2" fromWho="1" sc="50,0,215,-38,482,38,253,0" /><INIT seed="4,0,0,1,4,122" ten="50,177,520,253" oya="0" hai0="125,21,104,131,81,80,119,73,1,72,100,47,22" hai1="121,25,134,18,79,59,98,129,77,7,34,111,67" hai2="116,103,74,35,107,56,132,5,93,57,90,8,38" hai3="54,115,70,51,23,63,82,105,123,102,96,89,43"/><T50/><D1/><U76/><E121/><V109/><F109/><W24/><G115/><T120/><D119/><U113/><E113/><V49/><F132/><W69/><G123/><T11/><D120/><U114/><E114/><V48/><F38/><W62/><G43/><T39/><D125/><U124/><E7/><V128/><F74/><W68/><G82/><T44/><D131/><U71/><E71/><V9/><F35/><W106/><G106/><T2/><D2/><U99/><E111/><V4/><F107/><W135/><G89/><T85/><D11/><U78/><E134/><V17/><F103/><W64/><G63/><T14/><D104/><U58/><E34/><V65/><F17/><W133/><G133/><T60/><D100/><U88/><E124/><V33/><F33/><W55/><G55/><T29/><D60/><U97/><E129/><V36/><F93/><W86/><G86/><T61/><D61/><U3/><E3/><V101/><F101/><W0/><G0/><T53/><D14/><U126/><E126/><V19/><F19/><W13/><G13/><T127/><D127/><U117/><E117/><V42/><F90/><W110/><G135/><T87/><D50/><U31/><E67/><V16/><F16/><N who="3" m="12391" /><G110/><T130/><D130/><U91/><N who="1" m="19456" /><DORA hai="83" /><U94/><E31/><V26/><F36/><W84/><G84/><T75/><D75/><U108/><E108/><V30/><F128/><W95/><G105/><T46/><D39/><U28/><E28/><V37/><F116/><W12/><G12/><T32/><D32/><U40/><E25/><RYUUKYOKU ba="0,0" sc="50,-10,177,-10,520,-10,253,30" hai3="51,54,62,64,68,69,70,95,96,102" /><INIT seed="5,1,0,4,5,52" ten="40,167,510,283" oya="1" hai0="31,129,123,17,20,58,11,127,112,18,53,75,105" hai1="33,72,94,47,80,109,89,15,27,98,26,88,125" hai2="16,104,101,64,128,85,22,28,106,102,30,8,36" hai3="81,21,25,57,1,79,95,120,35,84,40,13,130"/><U110/><E125/><V5/><F36/><W86/><G1/><T134/><D105/><U38/><E33/><V44/><F128/><W61/><G130/><T133/><D75/><U117/><E117/><V39/><F39/><W82/><G120/><T93/><D129/><U60/><E15/><V9/><F44/><W63/><G35/><T65/><D65/><U4/><E4/><V23/><F85/><W62/><G13/><T97/><D127/><U92/><E38/><V50/><F50/><W12/><G12/><T49/><D123/><U45/><E60/><V19/><F64/><W116/><G40/><T59/><D112/><U115/><E80/><V118/><REACH who="2" step="1"/><F5/><REACH who="2" ten="40,167,500,283" step="2"/><W100/><G116/><AGARI ba="1,1" hai="8,9,16,19,22,23,28,30,101,102,104,106,116,118" machi="116" ten="25,8000,1" yaku="1,1,2,1,22,2,54,1,53,0" doraHai="52" doraHaiUra="135" who="2" fromWho="3" sc="40,0,167,0,500,93,283,-83" /><INIT seed="6,0,0,4,4,76" ten="40,167,593,200" oya="2" hai0="16,44,77,131,95,38,111,98,102,25,40,49,22" hai1="3,129,55,117,41,105,59,106,127,30,6,132,4" hai2="79,56,5,126,110,121,28,118,69,107,94,90,26" hai3="96,34,119,19,58,125,109,108,83,54,75,13,8"/><V128/><F118/><W116/><G83/><T1/><D111/><N who="3" m="42569" /><G96/><T114/><D114/><U103/><E59/><V92/><F110/><W14/><G75/><T31/><D131/><U51/><E55/><V82/><F107/><W24/><G58/><T11/><D38/><U46/><E30/><V133/><F69/><W53/><G53/><T135/><D135/><U20/><E41/><V64/><F121/><W91/><G54/><T87/><D1/><U33/><E46/><V43/><F43/><W27/><G91/><T115/><D115/><U39/><E51/><V130/><F56/><W71/><G71/><T124/><D124/><U70/><E70/><V65/><F90/><W23/><G125/><T60/><D60/><U36/><E103/><V15/><F94/><W66/><G66/><T112/><D112/><U37/><E37/><V100/><F92/><W122/><G122/><T134/><D134/><U35/><E132/><V10/><F100/><W67/><G67/><T7/><D31/><U80/><E127/><V52/><F133/><W32/><G119/><T45/><D45/><U57/><E57/><V12/><F126/><W9/><G116/><T63/><D63/><U73/><E117/><V74/><F52/><W47/><G47/><T84/><REACH who="0" step="1"/><D77/><REACH who="0" ten="30,167,593,200" step="2"/><U18/><E36/><V120/><F120/><W17/><G27/><T85/><D85/><U113/><E39/><V101/><F79/><W72/><G72/><T97/><D97/><U61/><E73/><V86/><F74/><W42/><G42/><T104/><D104/><U99/><E105/><V78/><F26/><RYUUKYOKU ba="0,1" sc="30,15,167,-15,593,-15,200,15" hai0="7,11,16,22,25,40,44,49,84,87,95,98,102" hai3="8,9,13,14,17,19,23,24,32,34" /><INIT seed="7,1,1,1,3,57" ten="45,152,578,215" oya="3" hai0="73,45,20,122,94,42,32,61,44,0,118,88,21" hai1="83,15,112,89,28,55,115,50,90,14,123,22,124" hai2="13,16,54,96,17,76,92,98,63,119,35,126,82" hai3="91,105,113,36,130,74,52,64,109,85,39,93,59"/><W134/><G105/><T95/><D118/><U12/><E123/><V43/><F126/><W18/><G74/><T66/><D32/><U127/><E28/><V24/><F119/><W107/><G107/><T6/><D122/><U79/><E22/><N who="2" m="13383" /><F35/><W103/><G103/><T116/><D116/><U102/><E102/><V51/><F43/><W87/><G64/><T104/><D104/><U75/><E89/><V97/><F63/><W101/><G101/><T49/><D73/><U47/><REACH who="1" step="1"/><E90/><REACH who="1" ten="45,142,578,215" step="2"/><N who="2" m="55319" /><F82/><W68/><G68/><T72/><D72/><U84/><E84/><V46/><F76/><W8/><G109/><T31/><D31/><U99/><E99/><V9/><AGARI ba="1,2" hai="9,13,17,46,51,54,97,98" m="55319,13383" machi="9" ten="30,2000,0" yaku="8,1,54,1" doraHai="57" who="2" fromWho="2" sc="45,-6,142,-6,578,43,215,-11" owari="39,-46.0,136,-26.0,621,72.0,204,0.0" /></mjloggm>