<mjloggm ver="2.3"><GO type="225" lobby="0"/><UN n0="%E6%BE%A4%E6%9D%91%E6%8B%93%E4%B8%80" n1="%E3%83%95%E3%82%A1%E3%83%8B%E3%81%93%E3%82%8C%E5%90%9B%52" n2="%E7%AD%89%E3%80%85%E5%8A%9B%E5%8A%87%E5%A0%B4" n3="%E6%B0%B4%E9%87%8E%E6%84%9B" dan="17,16,16,16" rate="2130.94,2097.01,2083.06,2094.95" sx="M,M,M,F"/><TAIKYOKU oya="0"/><INIT seed="0,0,0,1,3,94" ten="250,250,250,250" oya="0" hai0="134,132,39,68,40,36,118,5,8,6,81,46,35" hai1="129,89,62,80,70,30,29,100,125,66,25,95,122" hai2="10,31,49,60,20,128,114,103,82,33,88,7,91" hai3="121,108,14,32,15,72,83,61,78,73,54,67,42"/><T105/><D118/><U75/><E122/><V112/><F33/><W9/><G121/><T90/><D35/><U45/><E129/><V124/><F124/><W41/><G108/><T58/><D68/><U106/><E125/><V77/><F128/><W120/><G120/><T116/><D116/><U104/><E30/><V102/><F60/><W2/><G54/><T113/><D113/><U130/><E130/><V53/><F114/><W16/><G2/><T55/><D105/><U107/><E45/><V27/><F112/><W126/><G126/><T3/><D6/><U131/><E131/><V135/><F135/><W133/><G133/><N who="0" m="51307" /><D39/><U51/><E51/><V111/><F111/><W48/><G72/><T110/><D110/><U76/><E95/><V38/><F38/><W22/><G48/><T11/><D11/><U71/><E89/><V96/><F103/><W119/><G32/><T123/><D123/><U87/><E87/><V92/><F10/><W50/><G50/><N who="0" m="31095" /><D90/><U117/><E71/><V56/><F7/><W98/><G119/><T85/><D85/><AGARI ba="0,0" hai="20,27,31,49,53,56,77,82,85,88,91,92,96,102" machi="85" ten="30,7700,0" yaku="7,1,8,1,52,1,54,1" doraHai="94" who="2" fromWho="0" sc="250,-77,250,0,250,77,250,0" /><INIT seed="1,0,0,4,5,134" ten="173,250,327,250" oya="1" hai0="108,50,3,99,52,96,66,92,112,78,110,69,19" hai1="32,111,103,5,128,114,26,59,46,67,126,123,6" hai2="73,125,68,89,60,64,20,113,90,93,1,104,40" hai3="12,106,79,41,30,57,133,23,82,87,80,74,70"/><U53/><E123/><V97/><F1/><W56/><G133/><T132/><D132/><U25/><E114/><V49/><F73/><W7/><G70/><T98/><D112/><U119/><E119/><V43/><F113/><W88/><G106/><T38/><D38/><U83/><E126/><V9/><F104/><W65/><G41/><T48/><D3/><U105/><E128/><V63/><F9/><W95/><G65/><T10/><D78/><U51/><E111/><V130/><F130/><W39/><G39/><T34/><D34/><U45/><E105/><V11/><F11/><N who="3" m="4223" /><G74/><T62/><D92/><U77/><E103/><V120/><F120/><W36/><G36/><T17/><D48/><U54/><E67/><V27/><F125/><W58/><G79/><T0/><D0/><U72/><E45/><V100/><F63/><W85/><G85/><T117/><D117/><U28/><REACH who="1" step="1"/><E26/><AGARI ba="0,0" hai="23,26,30,56,57,58,80,82,87,88,95" m="4223" machi="26" ten="30,2000,0" yaku="8,1,54,1" doraHai="134" who="3" fromWho="1" sc="173,0,250,-20,327,0,250,20" /><INIT seed="2,0,0,3,5,120" ten="173,230,327,270" oya="2" hai0="61,17,58,57,27,105,128,91,56,47,134,76,85" hai1="1,69,24,83,79,135,118,89,117,51,37,30,49" hai2="44,71,102,122,11,98,88,4,19,75,41,48,55" hai3="32,95,9,36,81,116,29,7,121,125,107,109,22"/><V100/><F122/><W64/><G107/><T53/><D128/><U119/><E37/><V5/><F71/><W82/><G36/><T34/><D134/><U97/><E1/><V74/><F74/><W104/><G104/><T10/><D105/><U70/><E135/><V101/><F75/><W59/><G32/><T94/><D34/><U65/><E89/><V35/><F35/><W13/><G125/><T99/><D47/><U68/><E97/><V77/><F77/><W6/><G6/><T2/><D2/><U103/><E103/><V87/><F98/><W21/><G116/><T0/><D0/><U86/><REACH who="1" step="1"/><E65/><REACH who="1" ten="173,220,327,270" step="2"/><V133/><F133/><W73/><G64/><T129/><D129/><U113/><E113/><V80/><F41/><W50/><G95/><T26/><D26/><U12/><E12/><AGARI ba="0,1" hai="4,5,11,12,19,44,48,55,80,87,88,100,101,102" machi="12" ten="40,12000,1" yaku="25,2,8,1,54,1" doraHai="120" who="2" fromWho="1" sc="173,0,220,-120,327,130,270,0" /><INIT seed="2,1,0,0,2,109" ten="173,100,457,270" oya="2" hai0="28,130,39,128,106,71,101,104,108,4,92,60,100" hai1="44,102,82,119,74,83,61,16,26,79,35,125,112" hai2="34,27,85,20,69,30,133,78,122,96,56,68,49" hai3="48,47,113,0,41,55,5,103,84,90,70,58,15"/><V67/><F122/><W131/><G131/><N who="0" m="50219" /><D39/><U87/><E119/><V121/><F121/><W53/><G70/><T76/><D28/><U13/><E125/><V50/><F133/><W21/><G0/><T7/><D108/><U95/><E102/><N who="0" m="39529" /><D76/><U43/><E95/><V89/><F78/><W6/><G103/><T18/><D18/><U46/><E61/><V118/><F50/><W51/><G113/><T10/><D92/><U63/><E112/><V36/><F36/><W132/><G132/><T129/><N who="0" m="50227" /><T124/><DORA hai="111" /><D124/><U32/><E63/><V33/><F49/><W64/><G64/><N who="0" m="41351" /><D4/><U117/><E117/><V11/><F118/><W94/><G53/><T127/><D127/><U38/><E46/><V107/><F67/><W59/><G59/><T123/><D123/><U22/><REACH who="1" step="1"/><E26/><REACH who="1" ten="173,90,457,270" step="2"/><V110/><F27/><W52/><G41/><T88/><D88/><AGARI ba="1,1" hai="13,16,22,32,35,38,43,44,74,79,82,83,87,88" machi="88" ten="30,12000,2" yaku="1,1,2,1,7,1,54,2,53,1" doraHai="109,111" doraHaiUra="97,80" who="1" fromWho="0" sc="173,-123,90,133,457,0,270,0" /><INIT seed="3,0,0,5,2,47" ten="50,223,457,270" oya="3" hai0="35,59,91,98,55,10,107,2,114,13,49,97,75" hai1="78,44,133,60,6,28,85,69,106,86,67,96,19" hai2="116,61,126,79,94,20,99,29,25,32,127,38,73" hai3="115,31,16,112,52,34,100,117,74,12,11,57,22"/><W76/><G117/><T51/><D114/><U80/><E133/><V108/><F116/><W7/><G100/><T58/><D35/><U50/><E6/><V84/><F38/><W17/><G76/><T14/><D107/><U1/><E1/><V41/><F73/><W24/><G74/><T64/><D75/><U105/><E96/><V83/><F108/><W27/><REACH who="3" step="1"/><G17/><REACH who="3" ten="50,223,457,260" step="2"/><T71/><D71/><U81/><E19/><V95/><F79/><W4/><G4/><T63/><D2/><U104/><E28/><V43/><F29/><W8/><G8/><T48/><D91/><U109/><E109/><V42/><F127/><W131/><G131/><T123/><D123/><U89/><E106/><V134/><F126/><W54/><G54/><AGARI ba="0,1" hai="44,50,54,60,67,69,78,80,81,85,86,89,104,105" machi="54" ten="30,2000,0" yaku="7,1,52,1" doraHai="47" who="1" fromWho="3" sc="50,0,223,30,457,0,260,-20" owari="50,-45.0,253,5.0,457,56.0,240,-16.0" /></mjloggm>