<mjloggm ver="2.3"><GO type="185" lobby="0"/><UN n0="%65%6C%75%6C%75" n1="%28%2A%C2%B4%CF%89%EF%BD%80%2A%7D" n2="%E3%82%82%E3%82%8D%E3%82%86%E3%81%86" n3="" dan="17,17,16,0" rate="2267.65,2267.32,2093.28,1500.00" sx="M,F,M,C"/><TAIKYOKU oya="0"/><INIT seed="0,0,0,1,4,71" ten="350,350,350,0" oya="0" hai0="123,132,102,131,104,115,2,101,97,32,87,65,59" hai1="36,112,37,98,64,116,47,58,113,56,85,73,62" hai2="92,82,86,88,108,95,50,93,109,90,69,129,81" hai3=""/><T55/><N who="0" m="31520" /><T44/><D2/><U39/><E73/><V80/><F69/><T48/><D32/><U43/><E98/><V52/><F129/><T68/><D131/><U96/><E96/><V34/><F34/><T57/><D115/><N who="1" m="44107" /><E116/><V54/><F50/><T111/><D102/><U70/><E85/><V78/><F78/><T126/><D126/><U40/><E40/><V103/><F103/><T3/><D3/><U114/><N who="1" m="44115" /><U61/><DORA hai="127" /><E70/><V35/><F86/><T0/><D0/><U130/><E130/><V77/><F77/><T84/><D84/><U91/><E91/><V72/><F72/><T66/><D68/><U74/><E74/><V100/><F100/><T1/><D1/><U60/><E60/><V99/><F99/><T105/><D87/><U121/><N who="1" m="31008" /><U110/><E110/><V134/><F134/><T89/><D132/><U51/><E51/><V41/><F41/><T75/><D111/><N who="2" m="42570" /><F35/><T33/><D33/><U125/><E125/><V63/><F63/><T38/><D75/><U45/><E45/><V83/><N who="2" m="20480" /><DORA hai="124" /><V107/><F107/><T106/><D105/><U67/><AGARI ba="0,0" hai="36,37,39,43,47,56,58,61,62,64,67" m="31008,44115" machi="67" ten="40,9000,2" yaku="11,1,34,2,52,4" doraHai="71,127,124" who="1" fromWho="1" sc="350,-60,350,90,350,-30,0,0" /><INIT seed="1,0,0,4,0,63" ten="290,440,320,0" oya="1" hai0="45,134,50,64,120,118,3,128,97,101,46,76,91" hai1="93,56,0,103,37,131,55,124,108,92,95,54,59" hai2="71,111,89,125,47,119,113,126,48,86,52,61,132" hai3=""/><U107/><E0/><V35/><F35/><T2/><N who="0" m="30752" /><T70/><D76/><U94/><E131/><V60/><F119/><T68/><D128/><U122/><N who="1" m="31264" /><U116/><E116/><V100/><F113/><T53/><D118/><U106/><E124/><V58/><F132/><T104/><D134/><U1/><E37/><V105/><F111/><T98/><D70/><U65/><E1/><V99/><F71/><T67/><D45/><U62/><E108/><V40/><REACH who="2" step="1"/><F61/><REACH who="2" ten="290,440,310,0" step="2"/><T39/><D68/><U75/><E75/><V127/><F127/><T133/><D133/><U49/><N who="1" m="23552" /><DORA hai="74" /><U84/><E84/><V69/><F69/><T123/><D3/><U42/><E42/><V72/><F72/><T135/><D135/><U66/><REACH who="1" step="1"/><E103/><REACH who="1" ten="290,430,310,0" step="2"/><V109/><F109/><T102/><N who="0" m="31520" /><T112/><D2/><U80/><E80/><AGARI ba="0,2" hai="40,47,48,52,58,60,80,86,89,99,100,105,125,126" machi="80" ten="40,5200,0" yaku="1,1,54,1,53,1" doraHai="63,74" doraHaiUra="96,129" who="2" fromWho="1" sc="290,0,430,-52,310,72,0,0" /><INIT seed="2,0,0,2,3,60" ten="290,378,382,0" oya="2" hai0="128,40,57,63,56,102,83,81,123,71,38,104,89" hai1="34,67,55,92,46,0,37,49,121,118,35,124,79" hai2="73,96,53,134,110,44,51,43,126,48,61,75,1" hai3=""/><V103/><F1/><T133/><N who="0" m="31520" /><T119/><D119/><U105/><N who="1" m="31008" /><U69/><E0/><V100/><F126/><T45/><D128/><U117/><E105/><V85/><F134/><T87/><D133/><U95/><E124/><V70/><F110/><T135/><D135/><U36/><E79/><V94/><F103/><T3/><D3/><U125/><E125/><V132/><F132/><T88/><D71/><U101/><E34/><V74/><F85/><T122/><N who="0" m="31264" /><T65/><D57/><U62/><E35/><V52/><REACH who="2" step="1"/><F48/><REACH who="2" ten="290,378,372,0" step="2"/><T80/><REACH who="0" step="1"/><D87/><REACH who="0" ten="280,378,372,0" step="2"/><U120/><N who="1" m="30752" /><U115/><E118/><V58/><F58/><T109/><D109/><U107/><E117/><V116/><F116/><T78/><D78/><U98/><REACH who="1" step="1"/><E115/><REACH who="1" ten="280,368,372,0" step="2"/><V59/><F59/><T72/><D72/><U86/><E86/><V113/><F113/><T91/><D91/><U111/><E111/><V42/><F42/><T131/><D131/><U68/><E68/><V129/><F129/><T41/><D41/><U114/><E114/><V64/><AGARI ba="0,3" hai="43,44,51,52,53,61,64,70,73,74,75,94,96,100" machi="64" ten="40,8000,1" yaku="1,1,0,1,52,1,54,1,53,1" doraHai="60" doraHaiUra="99" who="2" fromWho="2" sc="280,-40,368,-40,372,110,0,0" /><INIT seed="2,1,0,0,4,125" ten="240,328,482,0" oya="2" hai0="104,0,51,115,62,101,123,124,44,110,66,57,132" hai1="79,90,86,42,68,93,81,43,80,59,72,91,52" hai2="49,2,46,45,84,107,48,74,69,97,65,85,135" hai3=""/><V3/><F135/><T71/><N who="0" m="31520" /><T105/><D0/><U111/><E111/><V103/><F74/><T39/><D110/><U122/><N who="1" m="31264" /><U73/><E68/><V121/><N who="2" m="31008" /><V114/><F114/><T70/><D124/><U106/><E106/><V63/><F48/><T67/><D132/><U33/><E33/><V75/><F75/><T41/><D115/><U64/><E64/><V1/><REACH who="2" step="1"/><F46/><REACH who="2" ten="240,328,472,0" step="2"/><T78/><D51/><U109/><E109/><V94/><F94/><T40/><D105/><U77/><REACH who="1" step="1"/><E91/><REACH who="1" ten="240,318,472,0" step="2"/><V35/><F35/><T108/><D104/><U116/><E116/><V113/><F113/><T120/><D108/><U76/><E76/><V60/><F60/><AGARI ba="1,2" hai="42,43,52,59,60,72,73,77,79,80,81,86,90,93" m="31264" machi="60" ten="30,8000,1" yaku="1,1,7,1,9,1,52,1,54,1,53,0" doraHai="125" doraHaiUra="61" who="1" fromWho="2" sc="240,0,318,102,472,-82,0,0" /><INIT seed="4,0,0,1,4,32" ten="240,420,390,0" oya="0" hai0="63,109,50,124,83,130,119,54,125,40,117,134,1" hai1="120,80,78,86,75,95,98,59,115,90,42,105,97" hai2="106,60,39,88,52,58,62,48,122,96,79,101,127" hai3=""/><T61/><D83/><U66/><N who="1" m="30752" /><U94/><E42/><V103/><N who="2" m="31264" /><V72/><F127/><N who="0" m="48714" /><D1/><U46/><E115/><V76/><F39/><T69/><D130/><U0/><E46/><V70/><F72/><T67/><D134/><U82/><E0/><V35/><F35/><T68/><D40/><U41/><E41/><V73/><F73/><T34/><D34/><U87/><E59/><V112/><F112/><T131/><D131/><U121/><N who="1" m="31008" /><U118/><E66/><V36/><F36/><T107/><D107/><U51/><E51/><V102/><F70/><N who="0" m="27242" /><D67/><U74/><E118/><N who="0" m="45065" /><D109/><U100/><E105/><V99/><F106/><T43/><D43/><U2/><E2/><V110/><F110/><T108/><D108/><U53/><E53/><V114/><F114/><T132/><D132/><U47/><E74/><V56/><F48/><T133/><D133/><U65/><E65/><V55/><F103/><T49/><D49/><U84/><E75/><V57/><F57/><AGARI ba="0,0" hai="50,54,57,61,63" m="45065,27242,48714" machi="57" ten="40,7700,0" yaku="18,1,34,2" doraHai="32" who="0" fromWho="2" sc="240,77,420,0,390,-77,0,0" /><INIT seed="4,1,0,1,4,122" ten="317,420,313,0" oya="0" hai0="119,114,109,68,2,103,126,113,38,97,115,47,96" hai1="0,134,133,135,1,3,104,128,102,66,100,107,76" hai2="125,61,60,99,43,74,62,63,127,117,56,129,64" hai3=""/><T69/><D2/><U71/><E128/><V98/><F74/><T44/><D119/><U55/><E76/><V105/><F117/><T35/><D35/><U110/><E55/><V124/><F129/><T41/><D126/><U32/><E32/><V73/><F73/><T130/><D130/><U101/><E110/><V90/><F105/><T50/><D109/><U53/><E53/><V84/><REACH who="2" step="1"/><F43/><REACH who="2" ten="317,420,303,0" step="2"/><T92/><REACH who="0" step="1"/><D97/><REACH who="0" ten="307,420,303,0" step="2"/><U34/><E34/><V108/><F108/><T75/><D75/><U40/><E40/><AGARI ba="1,2" hai="38,40,41,44,47,50,68,69,92,96,103,113,114,115" machi="40" ten="40,12000,1" yaku="1,1,15,1,53,2" doraHai="122" doraHaiUra="36" who="0" fromWho="1" sc="307,142,420,-122,303,0,0,0" /><INIT seed="4,2,0,3,0,130" ten="449,298,303,0" oya="0" hai0="134,2,46,81,85,33,112,92,73,56,38,126,51" hai1="58,70,114,75,119,125,122,124,49,41,83,99,0" hai2="84,121,105,135,91,95,35,61,94,50,68,43,80" hai3=""/><T101/><D33/><U76/><N who="1" m="31264" /><U96/><E0/><V39/><N who="2" m="31008" /><V79/><F35/><T113/><D2/><U118/><E70/><V64/><F105/><T37/><D126/><N who="1" m="48747" /><E58/><V78/><F39/><T117/><D56/><U89/><E49/><V72/><F135/><T133/><D73/><U42/><E42/><V1/><F1/><T69/><D69/><U108/><E41/><V109/><F109/><T45/><D117/><N who="1" m="44555" /><E108/><V62/><F62/><T82/><D51/><U111/><E111/><V59/><F79/><T97/><D38/><U88/><E114/><N who="0" m="44137" /><D81/><U47/><E47/><N who="0" m="17929" /><D37/><U107/><E99/><V106/><F43/><T77/><AGARI ba="2,0" hai="77,82,85,92,97,101,133,134" m="17929,44137" machi="77" ten="30,4000,0" yaku="15,1,52,2" doraHai="130" who="0" fromWho="0" sc="449,44,298,-22,303,-22,0,0" /><INIT seed="4,3,0,5,0,100" ten="493,276,281,0" oya="0" hai0="97,47,114,101,120,72,99,89,112,102,36,96,92" hai1="130,70,73,62,78,42,94,124,49,45,84,48,52" hai2="69,118,43,71,39,90,63,40,66,3,58,115,106" hai3=""/><T57/><N who="0" m="30752" /><T56/><D72/><U50/><E130/><V117/><F106/><T81/><D81/><U74/><E124/><V0/><F90/><T135/><D135/><U111/><E111/><V132/><F0/><T87/><D47/><U93/><E93/><V95/><F95/><T127/><D36/><U83/><E94/><V64/><F3/><T60/><D127/><U133/><E133/><V37/><F132/><T85/><D57/><U121/><N who="1" m="31008" /><U33/><E33/><V107/><F107/><T1/><D1/><U38/><REACH who="1" step="1"/><E52/><REACH who="1" ten="493,266,281,0" step="2"/><V67/><F115/><T68/><D114/><U61/><E61/><V34/><F34/><T44/><D60/><U51/><N who="1" m="12288" /><DORA hai="75" /><U113/><E113/><V82/><F82/><T55/><D55/><U108/><E108/><V122/><N who="2" m="31264" /><V123/><N who="2" m="31520" /><V80/><F80/><T54/><D54/><U79/><E79/><V41/><F118/><T103/><D112/><U2/><E2/><V116/><F117/><T91/><D92/><U53/><E53/><V86/><F116/><T46/><D99/><U109/><E109/><V131/><F63/><T134/><D134/><U76/><E76/><V125/><F125/><T88/><D97/><U110/><E110/><RYUUKYOKU ba="3,1" sc="493,-10,266,20,281,-10,0,0" hai1="38,42,45,62,70,73,74,78,83,84" /><INIT seed="5,4,1,1,1,90" ten="483,286,271,0" oya="1" hai0="42,99,119,125,57,91,89,127,86,97,62,72,126" hai1="70,67,81,117,134,77,94,55,116,61,33,108,88" hai2="74,110,44,96,63,32,103,76,124,135,64,58,85" hai3=""/><U43/><E33/><V48/><F110/><T40/><D72/><U39/><E134/><V38/><F32/><T1/><D1/><U51/><E108/><V3/><F3/><T66/><D119/><U0/><E43/><N who="0" m="16425" /><D91/><U95/><E39/><V36/><F74/><T101/><D101/><U79/><E0/><V123/><N who="2" m="31520" /><V87/><F124/><T83/><AGARI ba="4,1" hai="57,62,66,83,86,89,97,99,125,126,127" m="16425" machi="83" ten="40,1100,0" yaku="18,1" doraHai="90" who="0" fromWho="0" sc="483,29,286,-11,271,-8,0,0" /><INIT seed="6,0,0,1,4,131" ten="512,275,263,0" oya="2" hai0="113,107,135,91,80,119,79,95,66,127,62,97,41" hai1="52,82,55,46,72,67,108,88,76,64,129,120,116" hai2="87,123,104,89,125,45,56,53,33,110,106,3,92" hai3=""/><V85/><N who="2" m="31520" /><V47/><F3/><T93/><D135/><U130/><N who="1" m="30752" /><U48/><E108/><V37/><F33/><T65/><D119/><U50/><E116/><V0/><F0/><T118/><D107/><U75/><E75/><V96/><F110/><T43/><D127/><U70/><E88/><V115/><F125/><T34/><D34/><U40/><E40/><V86/><F115/><T42/><D113/><U122/><N who="1" m="31264" /><U74/><E74/><V63/><REACH who="2" step="1"/><F37/><REACH who="2" ten="512,275,253,0" step="2"/><T114/><D114/><U32/><E32/><V111/><F111/><T121/><D118/><U126/><E126/><V90/><F90/><T102/><D121/><U103/><E103/><V35/><F35/><T94/><D91/><U83/><E83/><V1/><F1/><T109/><D109/><U132/><E132/><V84/><N who="2" m="21504" /><DORA hai="68" /><V100/><F100/><T133/><D133/><U57/><REACH who="1" step="1"/><E70/><REACH who="1" ten="512,265,253,0" step="2"/><V124/><F124/><T69/><D102/><U36/><E36/><V44/><AGARI ba="0,2" hai="44,45,47,53,56,63,89,92,96,104,106" m="21504,31520" machi="44" ten="50,6400,0" yaku="1,1,0,1,52,1,53,0" doraHai="131,68" doraHaiUra="98,61" who="2" fromWho="2" sc="512,-32,265,-32,253,84,0,0" /><INIT seed="6,1,0,1,0,3" ten="480,233,337,0" oya="2" hai0="0,126,57,34,127,119,82,114,120,1,79,71,73" hai1="51,89,111,74,62,92,98,110,90,115,37,107,78" hai2="39,113,112,122,40,32,66,133,123,95,75,130,83" hai3=""/><V80/><N who="2" m="31264" /><V124/><N who="2" m="31520" /><V129/><F133/><T100/><N who="0" m="30752" /><T87/><D34/><U134/><E51/><V36/><F124/><N who="0" m="47658" /><D71/><U104/><E62/><V125/><F125/><T131/><D119/><U59/><E59/><V54/><F32/><T70/><D70/><U102/><E37/><N who="2" m="14411" /><F40/><T96/><D131/><N who="2" m="50186" /><F66/><T135/><D135/><U44/><E44/><V45/><F95/><T109/><D109/><U47/><E47/><V65/><F65/><T41/><D41/><U116/><E134/><V76/><F80/><T97/><D0/><U48/><E48/><AGARI ba="1,0" hai="45,48,54,75,76,83,112,113" m="50186,14411,31520,31264" machi="48" ten="40,7700,0" yaku="19,1,52,2" doraHai="3" who="2" fromWho="1" sc="480,0,233,-79,337,79,0,0" /><INIT seed="6,2,0,2,1,113" ten="480,154,416,0" oya="2" hai0="62,3,90,77,61,37,106,68,46,55,83,97,41" hai1="48,79,119,124,63,40,0,42,102,70,105,34,116" hai2="67,66,135,99,86,130,49,1,75,126,96,120,133" hai3=""/><V103/><N who="2" m="30752" /><V44/><F1/><T110/><D110/><U85/><E85/><V54/><F75/><T53/><D3/><U104/><E102/><V109/><F109/><T64/><D61/><U81/><E81/><V71/><F126/><T84/><REACH who="0" step="1"/><D90/><REACH who="0" ten="470,154,416,0" step="2"/><U123/><N who="1" m="31520" /><U111/><E79/><V129/><F86/><T114/><D114/><U57/><E0/><V107/><F96/><T60/><D60/><U65/><E34/><V122/><N who="2" m="31264" /><V78/><F78/><T100/><AGARI ba="2,1" hai="37,41,46,53,55,62,64,68,77,83,84,97,100,106" machi="100" ten="30,1500,0" yaku="1,1,0,1,53,0" doraHai="113" doraHaiUra="128" who="0" fromWho="0" sc="470,29,154,-7,416,-12,0,0" owari="499,45.0,147,-45.0,404,0.0,0,0.0" /></mjloggm>