<mjloggm ver="2.3"><GO type="169" lobby="0"/><UN n0="%6E%6F%70%72%6F%70%73" n1="%E3%82%B7%E3%83%A9%E3%80%82" n2="%E5%87%BA%E3%82%8B%E3%83%94%E3%82%A8%E3%83%AD" n3="%E6%96%87%E5%9B%9B%E9%83%8E" dan="16,17,16,17" rate="2123.06,2215.20,2184.16,2149.11" sx="F,M,M,M"/><TAIKYOKU oya="0"/><INIT seed="0,0,0,3,3,120" ten="250,250,250,250" oya="0" hai0="131,38,47,82,15,70,26,88,66,116,29,73,57" hai1="40,111,71,118,75,0,100,18,35,127,2,113,107" hai2="56,93,17,95,6,115,49,37,134,105,16,108,24" hai3="61,25,3,83,42,52,36,14,5,48,45,51,44"/><T65/><D116/><U30/><RYUUKYOKU type="yao9" ba="0,0" sc="250,0,250,0,250,0,250,0" hai1="0,2,18,30,35,40,71,75,100,107,111,113,118,127" /><INIT seed="0,1,0,5,2,118" ten="250,250,250,250" oya="0" hai0="74,67,26,85,130,23,36,31,19,18,80,58,112" hai1="9,104,78,126,33,21,35,11,103,132,50,4,65" hai2="8,106,109,114,123,66,87,108,34,88,77,92,29" hai3="79,125,0,14,128,69,1,6,102,111,24,110,90"/><T105/><D112/><U22/><E78/><V82/><F114/><W98/><G69/><T121/><D74/><U117/><E65/><V61/><F8/><W70/><G70/><T51/><D36/><U122/><E50/><V93/><F29/><W44/><G79/><T59/><D105/><U39/><E39/><V68/><F34/><N who="1" m="12809" /><E103/><V48/><F48/><W2/><G24/><T37/><D37/><U83/><E83/><V72/><F93/><W115/><G115/><T71/><D71/><U116/><E104/><V25/><F25/><W13/><G90/><T45/><D130/><U32/><N who="1" m="12817" /><U56/><DORA hai="62" /><E56/><N who="0" m="21545" /><D121/><U15/><E132/><V131/><F131/><W16/><G128/><T75/><D75/><U94/><E94/><V46/><F46/><W96/><G44/><T27/><D67/><U63/><E63/><V7/><F7/><W86/><G6/><T133/><D27/><U30/><E126/><V3/><F3/><W124/><G14/><T40/><D133/><U49/><E49/><V119/><F119/><N who="1" m="45641" /><E30/><V28/><F28/><W84/><G125/><T135/><D135/><U53/><E53/><V20/><F20/><N who="1" m="7785" /><E11/><V101/><REACH who="2" step="1"/><F123/><AGARI ba="1,0" hai="4,9,15,122,123" m="7785,45641,12817" machi="123" ten="50,8000,1" yaku="34,2,52,2" doraHai="118,62" who="1" fromWho="2" sc="250,0,250,83,250,-83,250,0" /><INIT seed="1,0,0,0,2,27" ten="250,333,167,250" oya="1" hai0="70,80,95,25,62,130,78,7,26,1,23,10,18" hai1="35,132,15,99,127,50,52,133,20,84,119,115,17" hai2="113,53,49,34,111,117,38,108,4,82,118,40,100" hai3="22,60,91,87,42,36,74,71,58,110,46,124,69"/><U37/><E115/><V122/><F100/><W112/><G112/><T98/><D130/><U76/><E119/><N who="2" m="45579" /><F34/><W86/><G74/><T16/><D70/><U9/><E37/><V13/><F4/><W120/><G120/><T0/><D62/><U72/><E72/><V64/><F13/><W6/><G6/><T44/><D44/><U81/><E35/><V67/><F82/><W128/><G128/><T106/><D106/><U33/><E33/><V114/><F40/><W2/><G2/><T77/><D0/><U93/><E127/><V14/><F14/><W131/><G124/><T75/><D78/><U30/><E30/><V29/><F29/><W11/><G11/><T68/><D68/><U96/><E9/><V47/><F38/><W8/><G8/><T51/><D51/><U56/><REACH who="1" step="1"/><E93/><REACH who="1" ten="250,323,167,250" step="2"/><V121/><F67/><W63/><G131/><T48/><D95/><U31/><E31/><V89/><F64/><W116/><G116/><T135/><D75/><U125/><E125/><V19/><F19/><W109/><G36/><T102/><D18/><U103/><E103/><V94/><F94/><W32/><G32/><T39/><D102/><U41/><E41/><V92/><F92/><W57/><G42/><T134/><D39/><U3/><E3/><V5/><F5/><W83/><G22/><T85/><D23/><U88/><E88/><V65/><F65/><W97/><G91/><T79/><D1/><U107/><E107/><V101/><F89/><W59/><G97/><AGARI ba="0,1" hai="15,17,20,50,52,56,76,81,84,96,97,99,132,133" machi="97" ten="40,3900,0" yaku="1,1,54,1,53,0" doraHai="27" doraHaiUra="43" who="1" fromWho="3" sc="250,0,323,49,167,0,250,-39" /><INIT seed="1,1,0,3,3,57" ten="250,372,167,211" oya="1" hai0="98,79,31,83,42,16,22,114,119,25,120,111,7" hai1="39,100,127,47,73,10,97,94,103,48,29,91,36" hai2="113,84,21,74,122,24,46,85,50,105,131,56,81" hai3="8,65,128,80,18,90,71,64,1,9,102,58,66"/><U68/><E127/><V23/><F105/><W26/><G71/><T63/><D114/><U41/><E73/><V70/><F70/><W17/><G102/><T62/><D119/><U37/><E68/><V38/><F38/><W95/><G80/><T6/><D111/><U19/><REACH who="1" step="1"/><E29/><REACH who="1" ten="250,362,167,211" step="2"/><V59/><F113/><W104/><G128/><T32/><D120/><U101/><E101/><V54/><F131/><W30/><G104/><T115/><D115/><U43/><E43/><V44/><F122/><W87/><G1/><T51/><D42/><U134/><E134/><V108/><F108/><W125/><G125/><T11/><D31/><U33/><E33/><V130/><F130/><W53/><G30/><T135/><D32/><U49/><E49/><V0/><F74/><W40/><G40/><T96/><D51/><U55/><E55/><V67/><F0/><W118/><G118/><T13/><D135/><U109/><E109/><V61/><F23/><W15/><G8/><T14/><D11/><U72/><E72/><V78/><REACH who="2" step="1"/><F85/><REACH who="2" ten="250,362,157,211" step="2"/><W2/><G2/><T117/><D117/><U106/><E106/><V116/><F116/><W52/><G87/><T99/><D22/><U121/><E121/><V20/><F20/><W112/><G112/><T126/><D126/><U123/><E123/><V107/><F107/><W133/><G133/><T35/><D35/><U5/><E5/><V28/><AGARI ba="1,2" hai="21,24,28,44,46,50,54,56,59,61,67,78,81,84" machi="28" ten="20,8000,1" yaku="1,1,0,1,7,1,8,1,52,1,53,0" doraHai="57" doraHaiUra="93" who="2" fromWho="2" sc="250,-21,362,-41,157,103,211,-21" /><INIT seed="2,0,0,1,0,11" ten="229,321,260,190" oya="2" hai0="60,69,107,75,46,118,122,130,86,101,129,62,97" hai1="106,21,114,117,94,83,108,74,109,73,10,115,28" hai2="66,132,49,80,63,24,51,12,111,57,124,15,54" hai3="8,38,43,99,67,70,58,14,9,19,68,2,105"/><V126/><F132/><W82/><G82/><T42/><D122/><U1/><E106/><V112/><F112/><N who="1" m="43049" /><E94/><V119/><F119/><W125/><G125/><N who="2" m="48233" /><F111/><N who="1" m="42569" /><E83/><V103/><F103/><W45/><G58/><T127/><D75/><U55/><E55/><V29/><F80/><W121/><G121/><T13/><D127/><U93/><E93/><V18/><F18/><W23/><G67/><T59/><D118/><U102/><E102/><V50/><F66/><W76/><G76/><T25/><D107/><U72/><E117/><V98/><F98/><W0/><G99/><T135/><D97/><U39/><E39/><V84/><F84/><W5/><REACH who="3" step="1"/><G105/><REACH who="3" ten="229,321,260,180" step="2"/><T104/><D104/><U48/><E74/><V128/><F128/><W47/><G47/><T110/><D46/><U7/><E73/><V53/><F54/><W27/><G27/><T90/><D25/><N who="1" m="16431" /><E72/><V64/><F64/><W134/><G134/><T65/><D65/><U79/><E79/><V56/><F56/><W26/><G26/><T77/><D59/><U96/><E96/><V116/><F116/><W36/><G36/><T17/><D135/><U120/><E48/><V113/><F113/><W32/><G32/><AGARI ba="0,1" hai="12,15,24,29,32,49,50,51,53,57,63" m="48233" machi="32" ten="30,5800,0" yaku="18,1,52,2" doraHai="11" who="2" fromWho="3" sc="229,0,321,0,260,68,180,-58" /><INIT seed="2,1,0,5,4,54" ten="229,321,328,122" oya="2" hai0="130,65,134,109,83,91,28,104,93,79,112,43,129" hai1="78,82,58,66,96,53,81,36,118,89,92,72,116" hai2="48,68,5,62,86,132,4,42,11,14,88,17,27" hai3="56,49,128,59,76,19,16,121,25,108,133,77,39"/><V23/><F132/><W15/><G121/><T111/><D28/><U21/><E36/><V94/><F68/><W47/><G39/><T38/><D65/><U31/><E66/><V10/><F62/><W3/><G3/><T51/><D51/><U67/><E67/><V18/><REACH who="2" step="1"/><F11/><REACH who="2" ten="229,321,318,122" step="2"/><N who="3" m="6271" /><G133/><T34/><D134/><U102/><E118/><V26/><F26/><W33/><G128/><T35/><D130/><U100/><E116/><V20/><F20/><N who="3" m="13471" /><G33/><T95/><D34/><U12/><E31/><V69/><F69/><W30/><G30/><T106/><D35/><U113/><E113/><V117/><F117/><W101/><G108/><T90/><D112/><U52/><E21/><V57/><F57/><N who="3" m="22091" /><G101/><T80/><D129/><U7/><E58/><V127/><F127/><W97/><G97/><T40/><D109/><U73/><E102/><V9/><F9/><W45/><G45/><AGARI ba="1,1" hai="4,5,10,14,17,18,23,27,42,45,48,86,88,94" machi="45" ten="40,7700,0" yaku="1,1,8,1,54,1,53,0" doraHai="54" doraHaiUra="105" who="2" fromWho="3" sc="229,0,321,0,318,90,122,-80" /><INIT seed="2,2,0,2,1,101" ten="229,321,408,42" oya="2" hai0="97,49,27,13,61,135,9,48,109,91,1,115,6" hai1="119,70,32,122,16,73,98,10,20,74,114,50,30" hai2="124,35,110,52,8,54,88,84,29,130,134,125,36" hai3="28,95,67,127,46,108,96,66,94,41,23,39,131"/><V76/><F36/><W63/><G108/><T113/><D109/><U87/><E114/><V47/><F110/><W69/><G67/><T82/><D135/><U116/><E70/><V121/><F76/><W4/><G4/><T42/><D1/><U126/><E126/><N who="2" m="48747" /><F134/><W68/><G127/><T7/><D7/><U71/><E71/><V81/><F130/><W129/><G69/><T128/><D128/><N who="3" m="49225" /><G96/><T79/><D115/><U43/><E122/><V99/><F121/><W92/><G23/><T133/><D133/><U2/><E98/><V25/><F47/><W102/><G102/><T26/><D113/><U105/><E74/><V120/><F120/><W21/><G21/><T132/><D132/><U112/><E73/><V51/><F51/><W77/><G77/><T15/><D61/><U85/><E112/><V40/><F40/><W44/><G46/><N who="0" m="25687" /><D49/><U62/><E62/><V24/><F99/><W11/><G11/><N who="0" m="4343" /><D79/><U31/><E50/><V64/><F64/><W34/><G28/><N who="1" m="10794" /><E43/><V0/><F25/><W123/><G123/><T75/><D75/><U78/><E78/><V107/><F0/><W3/><G3/><T58/><D97/><U65/><E65/><V12/><F107/><W72/><G72/><T37/><D27/><N who="1" m="14727" /><E105/><V59/><F59/><W118/><G34/><T106/><D58/><U104/><E104/><V93/><F81/><W86/><G86/><N who="1" m="32778" /><E32/><V45/><F45/><W14/><G14/><T22/><D106/><U17/><E2/><V53/><F53/><W60/><G60/><T83/><D15/><N who="1" m="7415" /><E119/><AGARI ba="2,0" hai="39,41,44,63,66,68,92,94,95,118,119" m="49225" machi="119" ten="30,1000,0" yaku="19,1" doraHai="101" who="3" fromWho="1" sc="229,0,321,-16,408,0,42,16" /><INIT seed="3,0,0,2,5,24" ten="229,305,408,58" oya="3" hai0="88,50,110,38,35,13,68,89,4,122,83,43,117" hai1="76,12,2,31,108,64,57,103,90,40,127,30,54" hai2="42,99,8,26,96,109,44,34,100,132,58,121,80" hai3="55,14,105,0,134,53,69,104,15,28,29,120,72"/><W19/><G120/><T16/><D122/><U52/><E2/><V74/><F121/><W59/><G69/><T51/><D117/><U70/><E70/><V92/><F109/><W133/><G0/><T93/><D110/><U75/><E75/><V107/><F8/><W98/><G72/><T25/><D68/><U56/><E108/><V63/><F132/><N who="3" m="50795" /><G98/><T1/><D38/><U97/><E127/><V112/><F112/><W45/><G45/><T46/><D1/><U17/><E76/><V62/><F80/><W123/><G123/><T113/><D113/><U78/><E78/><V21/><F34/><W85/><G85/><N who="0" m="50367" /><D35/><U131/><E131/><V101/><F58/><W10/><G15/><T37/><D37/><U106/><E40/><V41/><F74/><W111/><G111/><T36/><D36/><U91/><E64/><V129/><F129/><W94/><G94/><T81/><D81/><U73/><E73/><V39/><REACH who="2" step="1"/><F42/><REACH who="2" ten="229,305,398,58" step="2"/><W66/><G66/><T27/><D43/><U22/><E57/><V82/><F82/><W124/><G124/><T23/><D46/><U115/><E115/><V126/><F126/><W5/><G5/><T87/><D4/><U67/><E67/><V60/><F60/><N who="3" m="35951" /><G55/><T116/><D116/><U65/><E65/><V86/><F86/><W118/><G118/><T32/><D87/><U95/><E54/><V47/><F47/><W84/><G84/><T48/><D93/><U3/><E95/><V6/><F6/><W77/><G77/><T49/><N who="0" m="12288" /><DORA hai="135" /><T130/><D130/><U9/><E52/><V128/><F128/><RYUUKYOKU ba="0,1" sc="229,-15,305,-15,398,15,58,15" hai2="21,26,39,41,44,62,63,92,96,99,100,101,107" hai3="10,14,19,28,29,104,105" /><INIT seed="3,1,1,2,2,14" ten="214,290,413,73" oya="3" hai0="114,119,3,53,27,124,1,109,67,30,91,38,100" hai1="94,79,26,29,130,68,116,46,135,84,15,35,83" hai2="34,57,62,10,22,76,2,59,104,64,126,56,117" hai3="7,113,16,92,127,82,75,60,18,89,20,77,93"/><W73/><G113/><T123/><D119/><U87/><E116/><V88/><F34/><W129/><G75/><T98/><D123/><U69/><E135/><V19/><F76/><W70/><G7/><T81/><D114/><U134/><E134/><V85/><F104/><W50/><G129/><T61/><D38/><U47/><E130/><V111/><F111/><W121/><G121/><T107/><D109/><U5/><E5/><V23/><F126/><W122/><G122/><T31/><D53/><U99/><E87/><V103/><F103/><W110/><G110/><T133/><D31/><U66/><E15/><N who="2" m="7671" /><F2/><W39/><G39/><T101/><D101/><U9/><E9/><V63/><F117/><W102/><G127/><T32/><D124/><U54/><E66/><N who="2" m="39239" /><F59/><W71/><G50/><T115/><D115/><U41/><E54/><V0/><F0/><W74/><G73/><T105/><D105/><U13/><E13/><V52/><F64/><W36/><G36/><T24/><D24/><U11/><E11/><V55/><F55/><W43/><G43/><T58/><REACH who="0" step="1"/><D133/><REACH who="0" ten="204,290,413,73" step="2"/><U37/><REACH who="1" step="1"/><E47/><REACH who="1" ten="204,280,413,73" step="2"/><V25/><F25/><W48/><G102/><AGARI ba="1,3" hai="26,29,35,37,41,46,68,69,79,83,84,94,99,102" machi="102" ten="30,3900,0" yaku="1,1,2,1,7,1,53,0" doraHai="14" doraHaiUra="51" who="1" fromWho="3" sc="204,0,280,72,413,0,73,-42" /><INIT seed="4,0,0,3,3,94" ten="204,352,413,31" oya="0" hai0="6,0,14,134,112,9,69,12,102,1,100,68,81" hai1="57,123,38,56,49,70,7,20,99,130,116,98,47" hai2="37,8,71,113,36,87,109,10,27,45,60,135,104" hai3="97,83,106,103,51,86,129,77,61,76,11,48,92"/><T4/><D81/><U53/><E116/><V19/><F109/><W43/><G129/><T2/><D112/><U132/><E123/><V127/><F104/><W84/><G61/><T3/><D134/><U111/><E111/><V39/><F113/><W29/><G29/><T13/><REACH who="0" step="1"/><D6/><REACH who="0" ten="194,352,413,31" step="2"/><U24/><E132/><V59/><F135/><W55/><G11/><T64/><D64/><U23/><E130/><V18/><F127/><W124/><G124/><T72/><D72/><U131/><E131/><V78/><F71/><AGARI ba="0,1" hai="0,1,2,3,4,9,12,13,14,68,69,71,100,102" machi="71" ten="50,2400,0" yaku="1,1,53,0" doraHai="94" doraHaiUra="21" who="0" fromWho="2" sc="194,34,352,0,413,-24,31,0" /><INIT seed="4,1,0,0,4,135" ten="228,352,389,31" oya="0" hai0="0,75,37,38,81,132,28,48,119,30,67,129,51" hai1="126,77,82,8,33,93,73,59,41,70,114,86,99" hai2="98,130,91,102,19,115,31,122,43,49,83,4,100" hai3="21,78,74,15,131,76,88,104,36,69,47,32,64"/><T68/><D119/><U12/><E70/><V26/><F122/><W20/><G32/><T84/><D0/><U35/><E114/><V40/><F4/><W17/><G104/><T34/><D75/><U133/><E133/><V118/><F118/><W14/><G131/><T11/><D132/><U22/><E126/><V125/><F125/><W42/><G74/><T66/><D11/><U24/><E41/><V97/><F115/><W6/><G64/><N who="0" m="24619" /><D34/><U5/><E59/><V111/><F111/><W123/><G69/><T124/><D124/><U54/><E54/><V10/><F130/><W3/><G123/><T121/><D121/><U96/><E96/><V79/><F31/><N who="0" m="11818" /><D68/><U107/><E107/><V80/><F91/><W23/><G3/><T94/><D129/><U58/><E58/><V29/><F29/><W50/><G36/><N who="0" m="13931" /><D94/><U61/><E73/><V106/><F10/><N who="3" m="4439" /><G88/><T71/><D71/><U112/><E112/><V65/><F65/><W27/><G27/><T1/><D1/><U85/><E35/><V134/><F134/><W87/><G87/><T53/><D53/><U2/><E33/><V62/><F26/><W16/><G17/><T44/><D44/><U101/><E2/><V116/><F19/><W25/><G25/><T72/><D72/><U56/><E86/><V110/><F116/><W108/><G108/><T13/><D13/><U45/><E45/><V18/><F110/><W120/><G120/><T9/><D9/><AGARI ba="1,0" hai="9,15,16,20,21,23,42,47,50,76,78" m="4439" machi="9" ten="30,2000,0" yaku="8,1,54,1" doraHai="135" who="3" fromWho="0" sc="228,-23,352,0,389,0,31,23" /><INIT seed="5,0,0,3,2,45" ten="205,352,389,54" oya="1" hai0="108,90,87,116,114,72,79,104,76,94,34,59,31" hai1="88,44,41,78,61,80,18,53,5,28,85,134,67" hai2="8,128,54,55,112,1,50,2,118,27,89,47,96" hai3="68,103,19,23,84,122,11,97,66,56,49,83,37"/><U102/><E134/><V127/><F118/><W69/><G122/><T129/><D34/><U43/><E28/><V22/><F128/><W3/><G37/><T0/><D0/><U60/><E5/><V13/><F127/><W36/><G36/><T15/><D31/><U91/><E102/><V106/><F112/><W39/><G39/><T123/><D15/><U113/><E113/><V26/><F106/><W30/><G30/><T42/><D42/><N who="1" m="15883" /><E18/><N who="2" m="10575" /><F2/><W117/><G117/><T46/><D46/><U17/><E17/><V120/><F8/><W75/><G75/><T121/><D59/><N who="1" m="37311" /><E60/><V107/><F107/><W38/><G38/><T92/><D114/><U86/><E85/><V132/><F132/><W58/><G11/><T62/><D62/><U73/><E73/><V64/><F64/><W77/><G3/><T65/><D65/><U52/><E44/><N who="2" m="27975" /><F1/><W125/><G125/><T115/><D115/><U124/><E124/><V130/><F130/><W105/><G66/><T24/><D129/><U48/><E48/><N who="2" m="29087" /><F120/><W101/><G103/><T32/><D116/><U81/><E81/><V10/><F10/><W21/><G68/><T20/><D72/><U6/><E6/><V126/><F126/><W100/><G69/><T135/><D135/><U12/><E12/><V70/><F70/><W29/><G101/><T93/><D123/><U95/><E95/><AGARI ba="0,0" hai="26,27,89,95,96" m="29087,27975,10575" machi="95" ten="30,3900,0" yaku="8,1,52,2" doraHai="45" who="2" fromWho="1" sc="205,0,352,-39,389,39,54,0" /><INIT seed="6,0,0,1,2,118" ten="205,313,428,54" oya="2" hai0="13,94,44,82,107,116,109,58,115,3,30,50,4" hai1="36,100,20,99,10,26,129,130,51,60,2,127,15" hai2="123,25,67,105,9,96,35,74,121,56,110,98,32" hai3="40,120,133,125,70,104,33,76,89,41,42,134,62"/><V83/><F110/><W72/><G33/><T114/><D109/><U68/><E36/><V135/><F135/><W84/><G104/><T18/><D107/><U108/><E108/><V92/><F105/><W53/><G125/><T79/><D116/><U85/><E2/><V132/><F98/><W21/><G76/><T95/><D30/><U5/><E127/><V39/><F39/><W17/><G72/><T117/><D117/><U29/><E51/><V111/><F132/><N who="3" m="50795" /><G70/><T23/><D58/><U48/><E48/><V77/><F111/><W69/><G53/><T131/><D131/><U59/><E85/><V66/><F9/><W57/><G57/><T64/><D64/><U75/><E75/><V124/><F67/><W49/><G49/><T90/><D50/><U38/><E68/><V12/><F12/><N who="3" m="9383" /><G69/><T19/><D44/><U80/><E80/><V113/><F124/><W119/><G119/><T88/><D79/><U0/><E0/><V102/><F35/><W43/><N who="3" m="10240" /><DORA hai="91" /><W126/><G62/><T45/><D45/><U128/><E38/><V28/><REACH who="2" step="1"/><F113/><REACH who="2" ten="205,313,418,54" step="2"/><W1/><G126/><T112/><D112/><U101/><REACH who="1" step="1"/><E99/><REACH who="1" ten="205,303,418,54" step="2"/><V81/><F81/><N who="3" m="49295" /><G1/><T65/><D3/><U52/><AGARI ba="0,2" hai="5,10,15,20,26,29,52,59,60,100,101,128,129,130" machi="52" ten="30,8000,1" yaku="1,1,0,1,19,1,54,1,53,1" doraHai="118,91" doraHaiUra="78,11" who="1" fromWho="1" sc="205,-20,303,100,418,-40,54,-20" /><INIT seed="7,0,0,2,2,51" ten="185,403,378,34" oya="3" hai0="99,10,104,39,89,83,11,76,17,128,135,29,19" hai1="52,23,131,2,110,57,28,95,55,120,107,40,97" hai2="90,108,56,26,71,112,79,91,116,100,62,117,37" hai3="134,0,74,22,101,105,125,12,41,18,31,21,94"/><W49/><G105/><T13/><D39/><U72/><E120/><V80/><F71/><W68/><G74/><T47/><D128/><U32/><E110/><V33/><F37/><W44/><G0/><T67/><D135/><U126/><E107/><V118/><F108/><W111/><G111/><T114/><D114/><U4/><E72/><V87/><F112/><W15/><G68/><T1/><D29/><U81/><E32/><V35/><F100/><W54/><G134/><T113/><D113/><U66/><E40/><V109/><F109/><W61/><G125/><T92/><D104/><U82/><E4/><V122/><F122/><W36/><G61/><T43/><D67/><U6/><E6/><V121/><F121/><W124/><G124/><T5/><D11/><U16/><E28/><V8/><F8/><W42/><G36/><N who="0" m="21991" /><D13/><N who="1" m="9615" /><E2/><V53/><REACH who="2" step="1"/><F26/><REACH who="2" ten="185,403,368,34" step="2"/><N who="3" m="16855" /><G15/><T132/><D132/><U46/><E131/><V93/><F93/><W60/><G60/><T30/><D30/><U63/><E126/><V77/><F77/><W7/><G7/><T9/><D99/><AGARI ba="0,1" hai="12,18,21,41,42,44,49,54,94,99,101" m="16855" machi="99" ten="30,2900,0" yaku="8,1,52,1" doraHai="51" who="3" fromWho="0" sc="185,-29,403,0,368,0,34,39" /><INIT seed="7,1,0,2,5,32" ten="156,403,368,73" oya="3" hai0="113,70,17,6,78,109,123,105,18,97,111,116,92" hai1="99,36,40,43,110,48,119,52,20,10,71,23,1" hai2="85,65,62,131,79,9,53,83,127,112,125,91,103" hai3="26,72,81,2,96,98,21,106,135,77,93,37,128"/><W107/><G37/><T45/><D123/><U7/><E110/><V14/><F131/><W42/><G42/><T80/><D116/><U49/><E71/><V54/><F103/><W68/><G68/><T4/><D105/><U39/><E119/><V86/><F112/><W87/><G128/><T38/><D70/><U55/><E99/><V64/><F64/><W58/><G135/><T114/><D45/><U129/><E129/><V102/><F102/><W115/><G115/><N who="0" m="44043" /><D38/><U76/><E76/><V73/><F73/><W44/><G44/><T8/><D6/><U132/><E7/><V88/><F79/><W12/><G2/><N who="0" m="23" /><D111/><U133/><E1/><V29/><F29/><W74/><G12/><T41/><D41/><U28/><E28/><V35/><F35/><W134/><G134/><T104/><D104/><U69/><E69/><V82/><F65/><W100/><G58/><T95/><D95/><U56/><E10/><V60/><F9/><W124/><G124/><T94/><D92/><U15/><E15/><AGARI ba="1,0" hai="14,15,53,54,60,62,82,83,85,86,88,91,125,127" machi="15" ten="25,3200,0" yaku="22,2,54,1" doraHai="32" who="2" fromWho="1" sc="156,0,403,-35,368,35,73,0" owari="156,-24.0,368,17.0,403,50.0,73,-43.0" /></mjloggm>