<mjloggm ver="2.3"><GO type="225" lobby="0"/><UN n0="%E3%81%AA%E3%82%81%E3%81%93%E9%9B%80%E5%A3%AB" n1="%E6%B4%BE%E9%81%A3%E3%81%AE%E3%82%B8%E3%83%A3%E3%83%83%E3%82%AF" n2="%E3%82%86%E3%81%8D%E3%81%97%E3%82%85" n3="%E3%83%A1%E3%82%AC%E3%83%87%E3%82%B8" dan="18,16,16,17" rate="2205.14,2159.71,2148.74,2196.39" sx="M,M,M,M"/><TAIKYOKU oya="0"/><INIT seed="0,0,0,3,3,45" ten="250,250,250,250" oya="0" hai0="60,99,84,6,106,117,81,41,49,21,36,55,43" hai1="50,131,53,128,109,10,7,29,132,72,35,9,95" hai2="115,51,39,85,2,59,112,64,116,66,118,94,44" hai3="27,47,48,110,40,121,123,101,62,22,37,25,14"/><T78/><D117/><N who="2" m="45162" /><F2/><W90/><G110/><T135/><D36/><U58/><E72/><V79/><F39/><W20/><G101/><T18/><D135/><U93/><E109/><V125/><F125/><W28/><G14/><N who="0" m="9431" /><D106/><U42/><E42/><N who="0" m="15881" /><D99/><U87/><E132/><V11/><F11/><W124/><G124/><T32/><D32/><U113/><E113/><V96/><F59/><W56/><G37/><T61/><D6/><U133/><E133/><V80/><F112/><W102/><G102/><T134/><D134/><U105/><E105/><V12/><F12/><W24/><G90/><T54/><D54/><U31/><E10/><V52/><F115/><W69/><G69/><T76/><D78/><U108/><E108/><V111/><F111/><W65/><REACH who="3" step="1"/><G25/><REACH who="3" ten="250,250,250,240" step="2"/><T34/><D34/><U3/><E35/><V97/><F97/><W26/><G26/><T33/><D33/><U63/><E3/><V4/><F4/><W88/><G88/><AGARI ba="0,1" hai="44,51,52,64,66,79,80,85,88,94,96" m="45162" machi="88" ten="30,7700,0" yaku="12,1,52,1,54,2" doraHai="45" who="2" fromWho="3" sc="250,0,250,0,250,87,240,-77" /><INIT seed="1,0,0,3,1,77" ten="250,250,337,163" oya="1" hai0="135,24,79,41,82,17,91,6,133,129,97,59,87" hai1="58,2,12,5,98,108,11,8,122,109,52,35,18" hai2="39,37,73,71,131,69,22,56,116,83,100,32,66" hai3="126,80,15,45,72,28,68,4,10,67,21,3,89"/><U61/><E35/><V81/><F32/><W48/><G126/><T36/><D6/><U78/><E122/><V112/><F116/><W74/><G68/><T42/><D129/><U125/><E125/><V27/><F131/><W16/><G67/><T104/><D36/><U1/><E1/><V96/><F112/><W128/><G128/><T85/><D59/><U43/><E43/><V62/><F39/><W107/><G107/><T86/><D17/><U92/><REACH who="1" step="1"/><E78/><REACH who="1" ten="250,240,337,163" step="2"/><V51/><F37/><W63/><G28/><T55/><D42/><U40/><E40/><V57/><F69/><W105/><G105/><T65/><D41/><U75/><E75/><V134/><F71/><W54/><REACH who="3" step="1"/><G63/><REACH who="3" ten="250,240,337,153" step="2"/><T120/><D104/><U70/><E70/><V47/><F62/><W26/><G26/><T130/><D24/><U30/><E30/><V121/><F27/><W95/><G95/><T33/><D130/><U50/><E50/><V9/><F51/><W115/><G115/><T103/><D120/><U49/><E49/><V114/><F121/><W123/><G123/><T117/><D117/><U25/><E25/><V93/><F114/><W64/><G64/><T29/><D65/><U76/><E76/><V88/><F66/><W94/><G94/><N who="0" m="58807" /><D79/><U34/><E34/><V53/><F93/><W106/><G106/><T102/><D33/><U113/><E113/><V132/><F53/><W14/><G14/><T19/><D55/><U124/><E124/><V84/><F73/><W119/><G119/><T127/><D127/><U13/><E13/><V111/><F134/><W20/><G20/><RYUUKYOKU ba="0,2" sc="250,-15,240,15,337,-15,153,15" hai1="2,5,8,11,12,18,52,58,61,92,98,108,109" hai3="3,4,10,15,16,21,45,48,54,72,74,80,89" /><INIT seed="1,1,2,5,4,87" ten="235,255,322,168" oya="1" hai0="72,53,43,15,20,42,10,66,104,37,4,82,59" hai1="21,115,135,81,17,5,96,36,91,63,133,1,28" hai2="75,130,2,67,102,48,114,34,18,38,24,132,64" hai3="58,26,51,94,14,92,108,120,32,25,110,101,65"/><U33/><E36/><V88/><F38/><W22/><G120/><T11/><D104/><U111/><E115/><V44/><F114/><W128/><G128/><T117/><D117/><U80/><E111/><N who="3" m="42538" /><G101/><T19/><D66/><U124/><E124/><V121/><F121/><W71/><G71/><T7/><D37/><U85/><E63/><V52/><F130/><W83/><G83/><T131/><D131/><U122/><E122/><V27/><F2/><W68/><G68/><T77/><D11/><N who="1" m="2479" /><E96/><V45/><F75/><W98/><G32/><T79/><D7/><U46/><E46/><V39/><F102/><N who="3" m="60743" /><G94/><T0/><D79/><U106/><E106/><V50/><F34/><W74/><G74/><T125/><D125/><U127/><E127/><V78/><F78/><W89/><G89/><T8/><D8/><U76/><E80/><V70/><F88/><W109/><G109/><T97/><D97/><U73/><E76/><V126/><F126/><W112/><G112/><T116/><D116/><U84/><E84/><V16/><F70/><W99/><G99/><T103/><D103/><U6/><E73/><V62/><F39/><W60/><G51/><AGARI ba="1,2" hai="0,4,10,15,19,20,42,43,51,53,59,72,77,82" machi="51" ten="30,1000,0" yaku="7,1" doraHai="87" who="0" fromWho="3" sc="235,33,255,0,322,0,168,-13" /><INIT seed="2,0,0,2,0,115" ten="268,255,322,155" oya="2" hai0="25,26,52,61,19,15,131,18,135,47,81,107,89" hai1="80,4,9,49,54,69,12,51,64,28,116,76,78" hai2="108,8,46,124,82,91,75,110,114,97,111,40,70" hai3="129,58,43,90,86,85,35,63,112,45,1,39,20"/><V29/><F114/><W55/><G129/><T57/><D107/><U38/><E38/><V48/><F124/><W77/><G112/><T102/><D102/><U100/><E116/><V13/><F70/><W74/><G35/><T27/><D135/><U98/><E28/><V120/><F120/><W44/><G1/><T60/><D131/><U105/><E51/><V32/><F75/><W31/><G74/><T23/><D47/><U121/><E121/><V113/><F113/><W34/><G77/><T122/><D122/><U33/><E33/><V50/><F50/><W41/><G34/><T118/><D118/><U130/><E130/><V71/><F71/><W104/><G104/><T128/><D128/><U10/><E80/><V42/><F29/><W59/><G59/><T88/><D81/><U30/><E30/><V73/><F32/><W119/><G90/><N who="0" m="34923" /><D60/><U2/><E64/><V5/><F73/><W53/><G53/><T132/><D132/><U99/><E99/><V103/><F91/><W133/><G133/><T6/><D6/><N who="1" m="3159" /><E69/><V125/><F82/><W109/><G109/><T0/><D0/><U101/><E101/><V16/><F125/><W87/><G119/><T93/><D93/><U106/><E106/><N who="2" m="63855" /><F5/><W17/><G31/><T65/><D65/><U92/><E92/><V37/><F37/><W7/><G7/><T127/><D127/><U134/><E134/><V66/><F66/><W24/><G39/><T79/><D79/><N who="1" m="30251" /><E49/><V3/><F3/><W83/><G83/><T96/><D96/><U117/><E117/><V14/><F110/><W123/><G123/><RYUUKYOKU ba="0,0" sc="268,10,255,10,322,-30,155,10" hai0="15,18,19,23,25,26,27,52,57,61" hai1="2,4,9,54,98,100,105" hai3="17,20,24,41,43,44,45,55,58,63,85,86,87" /><INIT seed="3,1,0,2,3,88" ten="278,265,292,165" oya="3" hai0="69,65,17,86,131,61,8,108,4,2,78,101,18" hai1="41,30,49,128,117,16,122,103,31,130,59,50,9" hai2="123,70,94,116,1,14,32,85,60,40,77,129,57" hai3="52,68,44,135,118,56,46,87,13,55,35,29,15"/><W111/><G118/><T114/><D108/><U99/><E122/><V26/><F116/><W24/><G68/><T95/><D131/><N who="1" m="50219" /><E117/><V19/><F129/><W34/><G135/><T133/><D133/><U42/><E50/><V125/><F123/><W79/><G111/><T107/><D107/><U58/><E31/><V54/><F1/><W39/><G35/><T93/><D114/><U27/><E30/><V124/><F40/><N who="1" m="15465" /><E49/><V23/><F32/><W126/><G39/><T102/><D78/><U74/><E74/><V3/><F3/><W134/><G134/><T104/><D104/><U113/><E113/><V72/><F72/><W62/><G126/><N who="2" m="48745" /><F70/><W127/><G127/><T83/><D83/><U33/><E33/><V96/><F77/><W91/><G79/><T21/><D86/><U67/><E67/><V92/><F85/><W36/><G36/><T22/><D102/><U76/><E76/><V20/><F96/><W11/><G55/><T5/><D101/><U6/><E6/><V80/><F80/><W110/><G110/><T119/><D4/><U75/><E75/><V38/><F38/><W132/><G132/><T105/><D105/><N who="1" m="63743" /><E9/><V43/><F43/><W100/><G100/><T7/><D7/><U64/><E64/><V71/><F71/><W81/><REACH who="3" step="1"/><G11/><REACH who="3" ten="278,265,292,155" step="2"/><T90/><D119/><U37/><E37/><V97/><F54/><W28/><G28/><T98/><D65/><U63/><E63/><V10/><F60/><W89/><G89/><N who="0" m="55599" /><D61/><U109/><E109/><V48/><F10/><W82/><G82/><T106/><D69/><U0/><E0/><RYUUKYOKU ba="1,1" sc="278,-15,265,15,292,-15,155,15" hai1="16,27,58,59" hai3="13,15,24,29,34,44,46,52,56,62,81,87,91" /><INIT seed="3,2,1,4,3,28" ten="263,280,277,170" oya="3" hai0="25,112,5,78,22,120,90,66,21,26,134,46,104" hai1="94,128,119,118,81,61,6,114,102,19,105,23,27" hai2="53,130,76,131,68,37,72,92,84,30,13,36,117" hai3="83,133,50,17,113,129,123,124,93,2,69,34,95"/><W44/><G113/><T40/><D120/><U110/><E110/><V3/><F3/><W85/><G123/><T75/><D104/><U15/><E114/><V80/><F117/><N who="1" m="44553" /><E128/><N who="2" m="49195" /><F68/><W77/><G129/><T125/><D112/><U41/><E41/><V11/><F30/><W74/><G69/><T98/><D66/><U86/><E61/><V65/><F53/><W57/><G124/><T49/><D134/><U106/><E94/><V8/><F65/><W47/><G133/><T82/><D5/><U116/><E102/><V56/><F56/><W0/><G34/><T97/><D90/><N who="1" m="51535" /><E116/><V121/><F11/><AGARI ba="2,1" hai="6,11,15,19,23,27,105,106" m="51535,44553" machi="11" ten="30,1000,0" yaku="12,1" doraHai="28" who="1" fromWho="2" sc="263,0,280,26,277,-16,170,0" owari="263,6.0,306,41.0,261,-14.0,170,-33.0" /></mjloggm>