<mjloggm ver="2.3"><GO type="169" lobby="0"/><UN n0="%48%49%42%49%4B%49%4E" n1="%EF%BC%81%E2%80%9D%EF%BC%83%EF%BC%84%EF%BC%85%EF%BC%86%E2%80%99%EF%BC%88" n2="%E4%BD%90%E3%80%85%E6%9C%A8%E5%AF%BF%E4%BA%BA%50" n3="%7A%65%52%6F" dan="17,17,16,17" rate="2177.64,2163.52,2188.13,2204.95" sx="M,M,M,M"/><TAIKYOKU oya="0"/><INIT seed="0,0,0,3,4,118" ten="250,250,250,250" oya="0" hai0="37,10,75,103,105,87,85,124,41,102,99,60,45" hai1="3,27,65,125,14,21,89,1,51,53,117,131,20" hai2="57,44,34,12,15,134,112,54,63,68,30,135,42" hai3="35,9,120,49,71,7,111,40,121,81,24,132,8"/><T108/><D75/><U110/><E117/><V55/><F112/><W26/><G71/><T47/><D124/><U88/><E125/><V128/><F128/><W69/><G69/><T83/><D108/><U6/><E110/><V123/><F123/><N who="3" m="47179" /><G111/><T48/><D103/><U17/><E65/><V107/><F107/><W80/><G132/><T91/><D60/><U23/><E131/><V32/><F30/><N who="3" m="19911" /><G26/><T92/><D10/><N who="3" m="4201" /><G7/><T2/><D2/><U126/><E1/><V109/><F109/><W25/><G25/><T113/><D113/><U90/><E3/><V36/><F68/><W96/><G96/><T84/><D105/><U94/><E126/><V0/><F0/><W76/><G76/><T77/><D77/><U18/><E6/><V5/><F5/><W116/><G116/><T43/><AGARI ba="0,0" hai="37,41,43,45,47,48,83,84,85,87,91,92,99,102" machi="43" ten="20,2100,0" yaku="0,1,7,1" doraHai="118" who="0" fromWho="0" sc="250,21,250,-7,250,-7,250,-7" /><INIT seed="0,1,0,5,5,109" ten="271,243,243,243" oya="0" hai0="90,59,113,47,134,95,51,22,118,55,91,100,27" hai1="72,130,64,82,71,18,111,116,30,88,33,128,107" hai2="124,103,78,110,108,102,74,98,31,85,57,76,93" hai3="11,13,1,68,15,63,83,94,92,89,52,126,32"/><T127/><D118/><U14/><E116/><V37/><F37/><W54/><G32/><T19/><D134/><U46/><E107/><V65/><F31/><W62/><G126/><T48/><D113/><U115/><E111/><N who="2" m="42539" /><F65/><W35/><G35/><T21/><D127/><U97/><E46/><V120/><F57/><W69/><G83/><T132/><D132/><U96/><E64/><V129/><F124/><W24/><G24/><T61/><D22/><U45/><E45/><V99/><F120/><W84/><G84/><T121/><D121/><U53/><E53/><V23/><F23/><W28/><G89/><T106/><D106/><U79/><E71/><V6/><F6/><W26/><G26/><T67/><REACH who="0" step="1"/><D51/><REACH who="0" ten="261,243,243,243" step="2"/><U36/><E115/><V86/><F129/><W101/><G28/><T87/><D87/><N who="2" m="33290" /><F74/><W112/><G112/><T49/><D49/><U9/><E130/><V16/><F99/><AGARI ba="1,1" hai="19,21,27,47,48,55,59,61,67,90,91,95,99,100" machi="99" ten="40,7700,0" yaku="1,1,8,1,53,1" doraHai="109" doraHaiUra="44" who="0" fromWho="2" sc="261,90,243,0,243,-80,243,0" /><INIT seed="0,2,0,4,3,24" ten="351,243,163,243" oya="0" hai0="64,17,128,133,85,55,51,52,87,49,34,2,86" hai1="50,66,35,124,116,65,67,28,89,20,83,123,6" hai2="21,23,12,132,61,4,25,76,72,59,37,118,53" hai3="19,44,104,125,57,58,69,79,88,68,32,47,127"/><T30/><D2/><U93/><E116/><V73/><F118/><W42/><G104/><T70/><D70/><U103/><E35/><V109/><F37/><W39/><G79/><T31/><D34/><U56/><E124/><N who="3" m="47690" /><G32/><T48/><D128/><U135/><E135/><V75/><F132/><W9/><G19/><T33/><D33/><U110/><E6/><V134/><F134/><W40/><G88/><T99/><D64/><U81/><E103/><V98/><F98/><W84/><G84/><T1/><D1/><U5/><E5/><V100/><F109/><W113/><G9/><T7/><D7/><U41/><E123/><V107/><F100/><W38/><G113/><T0/><D0/><U54/><E41/><V78/><F107/><W129/><G129/><T62/><D62/><U45/><E45/><V121/><F121/><W101/><G101/><T10/><D99/><N who="1" m="57775" /><E110/><V94/><F94/><W71/><AGARI ba="2,0" hai="38,39,40,42,44,47,57,58,68,69,71" m="47690" machi="71" ten="40,5200,0" yaku="18,1,34,2" doraHai="24" who="3" fromWho="3" sc="351,-28,243,-15,163,-15,243,58" /><INIT seed="1,0,0,5,2,21" ten="323,228,148,301" oya="1" hai0="123,111,51,26,68,55,5,63,79,58,31,49,110" hai1="82,118,95,122,19,35,2,128,37,29,89,10,33" hai2="47,115,74,15,36,11,56,59,131,103,52,124,46" hai3="22,6,16,105,92,72,66,20,18,45,3,32,7"/><U101/><E118/><V41/><F124/><W76/><G105/><T87/><D5/><U57/><E122/><V133/><F133/><W83/><G32/><T77/><D123/><U127/><E37/><V113/><F74/><W23/><G66/><T67/><D49/><U125/><E128/><V88/><F103/><W130/><G130/><T4/><D4/><U24/><E33/><V129/><F56/><W30/><G30/><T134/><D134/><U34/><E34/><V13/><F47/><W121/><G121/><T116/><D116/><U80/><E101/><V98/><F129/><W135/><G135/><T132/><D132/><U107/><E107/><V85/><F98/><W61/><G61/><T109/><REACH who="0" step="1"/><D87/><REACH who="0" ten="313,228,148,301" step="2"/><U90/><E127/><V64/><F131/><W48/><G6/><T27/><D27/><U44/><E24/><V39/><F39/><W40/><G7/><T106/><D106/><U25/><E25/><V43/><F43/><W86/><G3/><T60/><D60/><U0/><E125/><V75/><F75/><W8/><G72/><T114/><D114/><U120/><E120/><V78/><F113/><W99/><REACH who="3" step="1"/><G8/><REACH who="3" ten="313,228,148,291" step="2"/><T81/><D81/><U28/><E82/><V9/><F115/><W73/><G73/><T53/><D53/><U97/><E80/><N who="2" m="49191" /><F11/><W65/><G65/><T17/><D17/><U1/><E0/><V119/><F9/><W100/><AGARI ba="0,2" hai="16,18,20,22,23,40,45,48,76,83,86,92,99,100" machi="100" ten="30,8000,1" yaku="1,1,0,1,8,1,54,1,53,1" doraHai="21" doraHaiUra="38" who="3" fromWho="3" sc="313,-20,228,-40,148,-20,291,100" /><INIT seed="2,0,0,1,5,112" ten="293,188,128,391" oya="2" hai0="69,13,124,15,56,135,113,35,93,33,54,110,118" hai1="10,80,64,61,87,104,79,38,86,17,57,25,88" hai2="58,114,92,70,120,84,108,77,91,47,95,67,30" hai3="52,32,117,105,82,66,19,42,90,103,36,132,28"/><V6/><F114/><W18/><G66/><T46/><D69/><U21/><E104/><V89/><F120/><W62/><G132/><T20/><D113/><U24/><E38/><V96/><F70/><W81/><G42/><T63/><D124/><U9/><REACH who="1" step="1"/><E24/><REACH who="1" ten="293,178,128,391" step="2"/><V130/><F130/><W129/><G36/><T0/><D135/><U3/><E3/><V98/><F108/><W55/><G105/><T40/><D0/><U127/><E127/><V128/><F128/><W22/><G129/><T71/><D110/><U133/><E133/><V125/><F125/><W97/><G82/><AGARI ba="0,1" hai="9,10,17,21,25,57,61,64,79,80,82,86,87,88" machi="82" ten="30,7700,0" yaku="1,1,7,1,8,1,54,1,53,0" doraHai="112" doraHaiUra="49" who="1" fromWho="3" sc="293,0,178,87,128,0,391,-77" /><INIT seed="3,0,0,5,3,100" ten="293,265,128,314" oya="3" hai0="91,109,12,67,13,75,126,65,98,26,114,76,9" hai1="106,107,117,40,72,74,128,8,55,42,93,79,39" hai2="41,43,22,118,23,29,1,64,84,135,78,95,96" hai3="63,111,44,97,73,85,105,37,17,53,127,101,81"/><W82/><G127/><T59/><D109/><U20/><E20/><V94/><F135/><W31/><G111/><T10/><D75/><U115/><E115/><V57/><F118/><W47/><G31/><T87/><D76/><U5/><E55/><V2/><F2/><W124/><G124/><T83/><D26/><U132/><E93/><V35/><F35/><W7/><G7/><T90/><D114/><U3/><E132/><V61/><F1/><W0/><G0/><T133/><D133/><U121/><E121/><V108/><F108/><W120/><G120/><T18/><D59/><U89/><E89/><V103/><F22/><W27/><G73/><N who="1" m="28266" /><E79/><V49/><F49/><W69/><G81/><T19/><D126/><U119/><E128/><V14/><F14/><W123/><G123/><T6/><D6/><U62/><E62/><V116/><F116/><N who="1" m="44617" /><E39/><V131/><F131/><W16/><G37/><T24/><D24/><U34/><E34/><V104/><F104/><AGARI ba="0,0" hai="3,5,8,40,42,104,106,107" m="44617,28266" machi="104" ten="40,8000,1" yaku="12,1,52,3" doraHai="100" who="1" fromWho="2" sc="293,0,265,80,128,-80,314,0" /><INIT seed="4,0,0,2,4,100" ten="293,345,48,314" oya="0" hai0="61,115,53,131,96,66,128,88,14,36,125,41,120" hai1="117,126,16,27,106,65,87,122,15,93,130,30,94" hai2="108,99,109,73,0,47,40,50,33,25,80,56,46" hai3="64,10,49,31,121,28,67,75,57,6,77,78,134"/><T23/><D120/><U71/><E117/><V3/><F99/><W58/><G134/><T32/><D32/><U82/><E126/><V133/><F56/><W111/><G111/><T74/><D74/><U43/><E130/><N who="0" m="49705" /><D115/><U54/><E43/><V102/><F80/><W48/><G10/><T26/><D53/><U60/><E54/><V92/><F92/><W101/><G75/><T9/><D41/><U85/><E85/><V97/><F97/><W52/><G52/><T11/><D36/><U95/><E122/><V39/><F102/><W127/><G121/><T119/><D14/><U135/><E135/><V105/><F73/><W63/><G127/><T86/><D96/><U110/><E110/><V24/><F40/><W22/><G101/><T18/><D119/><U17/><E15/><V98/><F98/><W107/><G6/><T83/><D125/><U72/><E72/><V7/><F7/><W4/><G4/><T44/><D44/><U51/><E51/><V68/><F50/><W84/><G84/><T59/><AGARI ba="0,0" hai="9,11,18,23,26,59,61,66,83,86,88" m="49705" machi="59" ten="30,3000,0" yaku="19,1,54,1" doraHai="100" who="0" fromWho="0" sc="293,30,345,-10,48,-10,314,-10" /><INIT seed="4,1,0,2,2,117" ten="323,335,38,304" oya="0" hai0="100,58,32,131,83,82,107,106,7,27,111,84,12" hai1="31,95,16,3,22,120,74,135,118,23,80,72,66" hai2="36,94,105,28,6,69,115,89,102,91,4,29,64" hai3="70,71,122,56,43,57,130,113,24,10,88,5,47"/><T20/><D32/><U109/><E109/><V121/><F64/><W67/><G113/><T48/><D131/><U8/><E118/><V50/><F50/><W38/><G130/><T37/><D37/><U9/><E135/><V26/><F26/><W51/><G122/><T63/><D82/><U53/><E66/><V101/><F94/><W18/><G18/><T96/><D48/><U39/><E39/><V78/><F78/><W108/><G108/><T81/><D111/><U52/><E95/><V125/><F36/><W14/><G24/><T79/><D81/><U97/><E97/><V104/><F69/><W0/><G0/><T30/><D12/><U59/><E3/><V87/><F87/><W132/><G132/><T55/><D7/><U123/><E80/><V21/><F21/><W46/><G88/><T41/><REACH who="0" step="1"/><D41/><REACH who="0" ten="313,335,38,304" step="2"/><U133/><E133/><V134/><F134/><W68/><REACH who="3" step="1"/><G67/><REACH who="3" ten="313,335,38,294" step="2"/><T61/><D61/><U92/><E123/><V116/><F116/><W25/><G25/><T40/><D40/><AGARI ba="1,2" hai="5,10,14,38,40,43,46,47,51,56,57,68,70,71" machi="40" ten="40,1300,0" yaku="1,1,53,0" doraHai="117" doraHaiUra="129" who="3" fromWho="0" sc="313,-16,335,0,38,0,294,36" /><INIT seed="5,0,0,4,3,29" ten="297,335,38,330" oya="1" hai0="125,35,104,45,15,18,117,124,41,43,94,111,113" hai1="5,77,114,118,92,53,83,42,82,20,71,91,102" hai2="21,74,76,32,55,31,99,86,105,12,8,130,19" hai3="1,28,52,78,56,30,72,66,126,73,17,50,3"/><U39/><E118/><V101/><F130/><W79/><G126/><N who="0" m="48747" /><D104/><U69/><E114/><V100/><F74/><W22/><G73/><T128/><D111/><U132/><E132/><V6/><F101/><W27/><G72/><T106/><D106/><U97/><E5/><V87/><F76/><N who="3" m="29227" /><G1/><T51/><D117/><U49/><E39/><V7/><F7/><W23/><G3/><T110/><D110/><U61/><E42/><V37/><F37/><W70/><G70/><T115/><D94/><U36/><E36/><V0/><REACH who="2" step="1"/><F55/><REACH who="2" ten="297,335,28,330" step="2"/><W40/><G40/><T54/><D128/><U57/><E102/><V16/><F16/><N who="3" m="12743" /><G66/><T123/><D41/><U88/><E77/><V67/><F67/><W11/><G11/><N who="0" m="6527" /><D43/><U33/><E53/><V95/><F95/><W58/><G58/><T48/><D123/><U75/><E75/><V85/><F85/><W68/><G68/><T96/><D96/><U38/><E69/><V112/><F112/><W80/><G80/><T9/><D9/><U135/><E71/><V122/><F122/><W119/><G119/><T89/><D115/><U24/><E83/><V133/><F133/><W10/><G10/><T84/><D113/><U109/><E135/><V134/><F134/><W65/><G65/><T63/><D54/><U81/><E82/><V4/><F4/><W62/><G50/><T120/><D51/><U121/><E49/><V90/><F90/><W64/><G64/><T47/><D48/><U26/><E38/><V46/><F46/><N who="0" m="17418" /><D89/><U2/><E91/><V93/><F93/><W60/><G60/><T44/><D63/><RYUUKYOKU ba="0,1" sc="297,-15,335,-15,28,15,330,15" hai2="0,6,8,12,19,21,31,32,86,87,99,100,105" hai3="17,23,28,30,52,56,62" /><INIT seed="6,1,1,0,4,0" ten="282,320,43,345" oya="2" hai0="81,113,116,74,19,22,127,23,90,25,24,119,93" hai1="99,55,97,88,10,133,51,101,20,132,79,48,37" hai2="131,11,87,104,58,41,62,102,5,135,6,2,128" hai3="21,31,106,50,70,14,33,63,94,121,3,18,86"/><V125/><F125/><W68/><G121/><T29/><D113/><U76/><E37/><V60/><F135/><N who="1" m="51785" /><E20/><V124/><F124/><W65/><G106/><T85/><D127/><U98/><E101/><V78/><F41/><W129/><G129/><N who="2" m="49737" /><F102/><W1/><G70/><T80/><D74/><U91/><E10/><N who="2" m="2359" /><F104/><W71/><G71/><T120/><D120/><U28/><E28/><V13/><F58/><W110/><G110/><T36/><D36/><U54/><E48/><V95/><F95/><W111/><G111/><T61/><D61/><U7/><E7/><V43/><F43/><W114/><G114/><T66/><D119/><U64/><E64/><V49/><F49/><W59/><G31/><T72/><D66/><U38/><E38/><V67/><F67/><W12/><G50/><T52/><D116/><U126/><E126/><V108/><F108/><W82/><G68/><T105/><D105/><U122/><E122/><V40/><F40/><W123/><G123/><T117/><D117/><U118/><E118/><V89/><F78/><N who="1" m="29737" /><E51/><V34/><F34/><W27/><G33/><T69/><D69/><U92/><E92/><V107/><F107/><W77/><G94/><T96/><D96/><U53/><AGARI ba="1,1" hai="53,54,55,88,91,97,98,99" m="29737,51785" machi="53" ten="40,8000,1" yaku="28,2,20,1,54,1" doraHai="0" who="1" fromWho="1" sc="282,-21,320,93,43,-41,345,-21" /><INIT seed="7,0,0,4,2,113" ten="261,413,2,324" oya="3" hai0="112,130,24,46,76,60,88,83,25,124,51,17,125" hai1="32,69,31,134,75,131,61,135,16,127,84,50,98" hai2="72,90,57,100,47,43,122,54,86,102,106,129,67" hai3="128,42,77,95,3,58,8,70,49,94,27,0,12"/><W1/><G70/><T104/><D104/><U68/><E75/><V38/><F86/><W73/><G128/><T14/><D130/><U36/><E36/><V45/><F90/><W121/><G121/><T40/><D112/><U81/><E127/><V108/><F100/><W80/><G27/><T23/><D60/><U7/><E7/><V97/><F97/><W120/><G120/><T66/><D66/><U103/><E31/><V5/><F102/><W29/><G29/><T39/><D39/><U28/><E28/><V132/><F5/><W41/><G58/><T48/><D48/><U78/><E32/><V99/><F99/><W44/><REACH who="3" step="1"/><G42/><REACH who="3" ten="261,413,2,314" step="2"/><T13/><D25/><U65/><E68/><V79/><F57/><W19/><AGARI ba="0,1" hai="0,1,3,8,12,19,41,44,49,73,77,80,94,95" machi="19" ten="30,6000,0" yaku="1,1,2,1,0,1,53,0" doraHai="113" doraHaiUra="114" who="3" fromWho="3" sc="261,-20,413,-20,2,-20,314,70" owari="241,-16.0,393,50.0,-18,-52.0,384,18.0" /></mjloggm>