<mjloggm ver="2.3"><GO type="169" lobby="0"/><UN n0="%6B%6F%6B%6F%72%6F%6E%69" n1="%E6%9D%8F%E9%9B%A8" n2="%E5%B7%A1%E5%9B%9E" n3="%73%79%75%6E%40%E5%BC%8C" dan="16,16,17,16" rate="2153.29,2095.28,2277.52,2165.91" sx="M,F,M,M"/><TAIKYOKU oya="0"/><INIT seed="0,0,0,0,3,131" ten="250,250,250,250" oya="0" hai0="112,117,69,16,49,57,107,53,34,71,84,95,65" hai1="103,62,10,90,132,118,105,114,29,121,85,64,7" hai2="92,120,81,56,20,134,48,12,75,94,98,45,77" hai3="22,80,38,13,2,96,70,50,67,44,123,46,86"/><T128/><D117/><U35/><E118/><V55/><F120/><W78/><G2/><T83/><D107/><U41/><E121/><V25/><F12/><W59/><G70/><T102/><D34/><U31/><E41/><V6/><F6/><W87/><G38/><T19/><D112/><U36/><E36/><V63/><F98/><W52/><G123/><T58/><D128/><U119/><E119/><V4/><F4/><W54/><G67/><T73/><D73/><U27/><E31/><V88/><F88/><W37/><G37/><T40/><D40/><U42/><E42/><V89/><F89/><W14/><G96/><N who="0" m="59679" /><D71/><U11/><E114/><V122/><F122/><W21/><G86/><T61/><D69/><U23/><E35/><V66/><REACH who="2" step="1"/><F134/><REACH who="2" ten="250,250,240,250" step="2"/><W101/><G101/><T26/><D26/><U30/><E132/><V97/><F97/><W39/><G39/><T9/><D9/><U79/><E103/><V8/><F8/><W113/><G113/><T129/><D129/><U93/><E7/><V99/><F99/><W110/><G14/><T130/><D130/><U33/><E105/><V68/><F68/><W125/><G13/><T1/><D1/><U133/><E133/><V109/><F109/><W91/><G91/><AGARI ba="0,1" hai="16,19,49,53,57,58,61,65,83,84,91" m="59679" machi="91" ten="30,2900,0" yaku="8,1,54,1" doraHai="131" who="0" fromWho="3" sc="250,39,250,0,240,0,250,-29" /><INIT seed="0,1,0,2,4,127" ten="289,250,240,221" oya="0" hai0="59,102,97,134,5,29,43,77,70,91,53,133,101" hai1="132,34,12,32,33,4,112,39,2,106,71,44,109" hai2="73,35,110,125,38,26,8,9,67,130,52,41,50" hai3="46,40,90,58,103,74,14,93,60,72,89,15,6"/><T10/><D70/><U47/><E71/><V82/><F125/><W95/><G103/><T122/><D122/><U83/><E106/><V124/><F124/><W105/><G105/><T123/><D77/><U85/><E109/><V128/><F67/><W45/><G6/><T84/><D43/><U31/><E132/><V66/><F66/><W118/><G118/><T107/><D29/><U55/><E2/><V64/><F64/><W48/><G60/><T18/><D18/><U65/><E65/><V86/><F73/><W7/><G58/><T135/><D102/><U113/><E31/><N who="2" m="19959" /><F41/><W69/><G7/><T19/><D19/><U54/><E39/><V28/><F38/><W99/><G69/><T75/><D75/><U23/><E44/><N who="2" m="27719" /><F28/><W24/><G40/><T21/><D21/><U111/><E47/><V88/><F110/><W56/><G56/><T27/><D27/><U120/><E111/><V0/><F0/><W115/><G24/><T22/><D22/><U42/><E42/><V51/><F51/><W13/><G48/><N who="0" m="31143" /><D123/><U94/><E120/><V76/><F76/><W49/><G49/><T96/><D96/><U20/><E34/><V116/><F116/><W92/><G99/><T87/><D91/><N who="3" m="34825" /><G115/><N who="1" m="44106" /><E33/><V25/><F25/><W104/><G104/><T126/><D126/><U16/><E32/><V129/><AGARI ba="1,0" hai="8,9,82,86,88,128,129,130" m="27719,19959" machi="129" ten="30,12000,2" yaku="19,1,52,3,54,2" doraHai="127" who="2" fromWho="2" sc="289,-61,250,-31,240,123,221,-31" /><INIT seed="1,0,0,5,4,23" ten="228,219,363,190" oya="1" hai0="109,40,65,116,46,1,17,28,120,78,83,115,11" hai1="133,113,123,75,80,55,59,108,6,81,94,64,68" hai2="22,98,79,13,12,95,102,129,117,121,72,41,71" hai3="131,132,107,7,106,91,56,47,110,33,43,128,31"/><U30/><E113/><V9/><F117/><W36/><G110/><T34/><D115/><U19/><E123/><V88/><F121/><W84/><G132/><T39/><D116/><U57/><E108/><V45/><F71/><W130/><G7/><T60/><D120/><U42/><E133/><V135/><F135/><W24/><REACH who="3" step="1"/><G56/><REACH who="3" ten="228,219,363,180" step="2"/><T35/><D109/><U62/><E6/><V26/><F129/><W87/><G87/><T37/><D46/><U76/><E59/><V14/><F72/><W54/><G54/><T124/><D124/><U126/><E126/><V127/><F127/><W105/><G105/><T74/><D40/><U100/><E42/><V73/><F73/><W0/><G0/><T38/><D1/><U97/><E57/><V114/><F114/><W99/><G99/><T48/><D39/><U3/><E3/><V90/><F9/><W134/><G134/><T77/><D38/><U63/><E55/><V32/><F45/><W92/><AGARI ba="0,1" hai="24,31,33,36,43,47,84,91,92,106,107,128,130,131" machi="92" ten="30,7900,0" yaku="1,1,0,1,19,1,52,1,53,0" doraHai="23" doraHaiUra="119" who="3" fromWho="3" sc="228,-20,219,-39,363,-20,180,89" /><INIT seed="2,0,0,1,2,104" ten="208,180,343,269" oya="2" hai0="20,22,60,18,63,61,109,102,26,54,82,33,124" hai1="92,125,36,31,16,51,32,74,126,131,87,135,130" hai2="116,44,65,27,0,96,64,97,10,47,39,84,114" hai3="49,48,19,50,132,23,29,57,45,100,3,34,28"/><V120/><F114/><W35/><G3/><T121/><D121/><U83/><E36/><V69/><F120/><W38/><G132/><T123/><D123/><U70/><E70/><V52/><F116/><W94/><G38/><T88/><D124/><N who="1" m="47723" /><E51/><V133/><F133/><W129/><G129/><N who="1" m="49162" /><E135/><V76/><F69/><W117/><G49/><T41/><D109/><U134/><E134/><V67/><F39/><W9/><G45/><T93/><D41/><U98/><E31/><V111/><F27/><W113/><G29/><T122/><D33/><U40/><E32/><V56/><F111/><W37/><G28/><T119/><D119/><U72/><E16/><V118/><F118/><W4/><G48/><T85/><D122/><U68/><E68/><V112/><F112/><W8/><G35/><T95/><D54/><U5/><E5/><V71/><F71/><W12/><G34/><T30/><REACH who="0" step="1"/><D102/><REACH who="0" ten="198,180,343,269" step="2"/><N who="1" m="60743" /><E40/><V86/><F52/><W106/><G113/><T66/><D66/><U81/><E81/><V80/><F65/><W24/><G117/><T127/><D127/><U103/><E103/><V53/><F64/><W21/><G100/><T55/><D55/><U62/><E62/><V77/><F67/><W2/><G37/><T90/><D90/><AGARI ba="0,1" hai="72,74,83,87,90" m="60743,49162,47723" machi="90" ten="30,12000,2" yaku="18,1,19,1,34,2,52,2" doraHai="104" who="1" fromWho="0" sc="198,-120,180,130,343,0,269,0" /><INIT seed="3,0,0,3,3,20" ten="78,310,343,269" oya="3" hai0="39,31,43,29,40,87,89,68,47,51,4,21,76" hai1="82,124,11,72,1,36,116,6,60,111,59,132,65" hai2="125,133,70,42,97,64,99,44,126,23,0,9,83" hai3="16,24,129,37,107,53,71,102,120,95,77,13,130"/><W3/><G3/><T63/><D4/><U17/><E36/><V38/><F133/><W75/><G107/><T122/><D122/><U128/><E132/><V12/><F0/><W73/><G71/><T10/><D10/><U121/><E121/><V55/><F23/><N who="3" m="13415" /><G37/><T100/><D100/><U92/><E111/><V33/><F33/><W81/><G75/><T106/><D106/><U7/><E7/><V118/><F118/><W119/><G119/><T98/><D98/><U108/><E108/><V105/><F105/><W88/><G102/><T32/><D32/><U115/><E115/><V14/><F70/><W46/><G13/><T22/><D76/><U50/><E116/><V103/><F12/><W117/><G117/><T113/><D113/><U54/><E72/><V18/><F103/><W79/><G79/><T104/><D104/><U91/><E1/><V25/><F14/><W62/><G120/><T96/><D96/><U112/><E6/><V110/><F110/><W114/><G114/><T134/><D134/><U15/><E15/><V86/><F38/><W57/><G46/><T58/><D68/><U74/><E11/><V131/><F44/><W94/><G95/><N who="0" m="54719" /><D39/><U2/><E92/><V45/><F9/><W66/><G66/><N who="0" m="39287" /><D40/><U101/><E2/><V28/><F45/><W8/><G8/><T52/><D43/><U93/><E112/><V27/><F64/><W61/><G62/><T41/><D41/><U80/><E65/><V78/><F78/><W135/><G135/><T85/><D85/><U90/><E74/><V69/><F69/><W49/><G61/><RYUUKYOKU ba="0,0" sc="78,15,310,-15,343,-15,269,15" hai0="21,22,29,31,47,51,52" hai3="49,53,57,73,77,81,88,94,129,130" /><INIT seed="3,1,0,3,2,4" ten="93,295,328,284" oya="3" hai0="7,23,30,105,45,63,60,3,36,5,94,16,14" hai1="17,40,119,98,101,37,50,49,77,67,88,58,121" hai2="132,82,0,26,123,111,70,133,124,130,33,106,65" hai3="78,74,9,42,80,75,29,66,72,69,113,55,112"/><W39/><G55/><T95/><D105/><U99/><E121/><V118/><RYUUKYOKU type="yao9" ba="1,0" sc="93,0,295,0,328,0,284,0" hai2="0,26,33,65,70,82,106,111,118,123,124,130,132,133" /><INIT seed="3,2,0,4,2,71" ten="93,295,328,284" oya="3" hai0="67,17,57,31,135,38,127,59,49,56,34,115,60" hai1="117,53,128,36,119,118,81,28,89,18,52,27,106" hai2="47,10,116,33,79,9,96,35,99,92,39,121,50" hai3="51,98,55,69,66,132,61,29,30,25,104,85,54"/><W44/><G132/><T48/><D17/><U77/><E106/><V107/><F116/><W65/><G66/><T6/><D6/><U86/><E128/><V131/><F131/><W102/><G85/><T110/><D31/><U7/><E7/><V82/><F121/><W3/><G3/><T1/><D1/><U70/><E70/><V97/><F107/><W123/><G123/><T4/><D4/><U113/><E113/><V22/><F92/><W13/><G13/><T45/><D34/><N who="1" m="20767" /><E36/><V19/><F39/><W114/><G114/><T84/><D84/><N who="1" m="48175" /><E18/><V5/><F5/><W129/><G129/><T23/><D23/><U62/><E62/><V42/><F35/><N who="3" m="20911" /><G30/><T105/><D105/><U12/><E12/><V14/><REACH who="2" step="1"/><F33/><REACH who="2" ten="93,295,318,284" step="2"/><W124/><G124/><T75/><D127/><U88/><E89/><V130/><F130/><W43/><AGARI ba="2,1" hai="43,44,51,54,55,61,65,69,98,102,104" m="20911" machi="43" ten="30,1500,0" yaku="25,1" doraHai="71" who="3" fromWho="3" sc="93,-7,295,-7,318,-7,284,31" /><INIT seed="3,3,0,2,4,49" ten="86,288,311,315" oya="3" hai0="131,56,79,47,112,125,20,33,97,53,46,17,86" hai1="38,77,116,94,4,128,11,19,21,16,68,5,95" hai2="126,25,134,82,74,18,40,110,127,76,91,122,50" hai3="23,107,24,48,12,29,103,120,100,85,43,10,66"/><W6/><G120/><T123/><D33/><U36/><E21/><V132/><F25/><W15/><G107/><T89/><D131/><U32/><E11/><V75/><F18/><W7/><G66/><T45/><D125/><N who="2" m="47626" /><F40/><W87/><G43/><T54/><D123/><U35/><E77/><V34/><F34/><W106/><G106/><T31/><D31/><U111/><E68/><V3/><F3/><W109/><G109/><T65/><D112/><U93/><E93/><V101/><F50/><W64/><G64/><T42/><D42/><U133/><E133/><N who="2" m="51307" /><F122/><W1/><G1/><T73/><D73/><N who="2" m="27658" /><F101/><N who="3" m="38987" /><G48/><T57/><D65/><U58/><E32/><V69/><F69/><W2/><G2/><T61/><D79/><U102/><E35/><V62/><F62/><W51/><G51/><T129/><D97/><U55/><E36/><V108/><F91/><W124/><G124/><T70/><D70/><U63/><E38/><V113/><F113/><W90/><G90/><T9/><D9/><AGARI ba="3,0" hai="6,7,9,10,12,15,23,24,29,85,87" m="38987" machi="9" ten="30,1500,0" yaku="8,1" doraHai="49" who="3" fromWho="0" sc="86,-24,288,0,311,0,315,24" /><INIT seed="3,4,0,5,4,44" ten="62,288,311,339" oya="3" hai0="56,23,37,55,17,30,53,35,79,100,132,40,119" hai1="59,104,113,69,21,111,33,122,125,85,54,82,45" hai2="126,90,120,96,31,16,22,11,77,64,25,109,4" hai3="115,131,24,67,93,108,26,10,81,0,117,66,7"/><W74/><G117/><T43/><D119/><U12/><E122/><V58/><F120/><W94/><G115/><T8/><D132/><U32/><E113/><V41/><F109/><W49/><G108/><T112/><D112/><U57/><E69/><V135/><F126/><W15/><G0/><T97/><D79/><U61/><E111/><V123/><F123/><W116/><G116/><T62/><D37/><U89/><E104/><V50/><F77/><W130/><G74/><T51/><D30/><U114/><E114/><V9/><F135/><W103/><G81/><T128/><D8/><U127/><E45/><N who="2" m="25903" /><F4/><W36/><G36/><T110/><D35/><U99/><E99/><V118/><F31/><W91/><G103/><T106/><D128/><U121/><E121/><V92/><F118/><W39/><G39/><T60/><D110/><U34/><E21/><V52/><F64/><N who="3" m="24619" /><G94/><T102/><D62/><AGARI ba="4,0" hai="9,11,16,22,25,52,58,62,90,92,96" m="25903" machi="62" ten="30,8000,1" yaku="25,1,8,1,52,1,54,2" doraHai="44" who="2" fromWho="0" sc="62,-92,288,0,311,92,339,0" owari="-30,-53.0,288,-11.0,403,50.0,339,14.0" /></mjloggm>