<mjloggm ver="2.3"><GO type="169" lobby="0"/><UN n0="%E3%81%AE%E3%82%93%E3%81%B4" n1="%E8%A3%8F%E3%83%89%E3%83%A9%E3%81%AF%E6%81%8B%E4%BA%BA" n2="%E9%BB%92%E8%A1%A3%E3%81%AE%E3%82%A4%E3%83%8A%E3%82%B8%E3%82%A7%E3%82%A4" n3="%E4%B8%83%E3%83%84%E6%98%9F%E3%83%9B%E3%82%AF%E3%82%B5%E3%82%A4" dan="16,16,16,17" rate="2077.56,2148.17,2134.70,2163.65" sx="M,F,M,M"/><TAIKYOKU oya="0"/><INIT seed="0,0,0,3,5,26" ten="250,250,250,250" oya="0" hai0="102,122,106,93,59,108,100,80,72,57,87,67,89" hai1="69,127,131,133,63,86,85,70,98,38,91,25,32" hai2="71,128,114,35,29,134,34,92,76,110,8,90,22" hai3="119,36,33,15,0,41,96,14,101,5,104,88,112"/><T3/><D3/><U109/><E38/><V130/><F114/><W125/><G112/><T17/><D17/><U16/><E109/><V61/><F110/><W31/><G119/><T44/><D108/><U19/><E98/><V53/><F134/><W74/><G125/><T103/><D122/><U118/><E118/><V105/><F105/><W42/><G74/><T113/><D113/><U56/><E127/><V116/><F76/><W4/><G0/><T64/><D44/><U55/><E133/><V47/><F8/><W43/><G36/><T2/><D2/><U40/><E40/><V30/><F22/><W117/><G117/><T81/><D59/><U132/><E131/><N who="2" m="50219" /><F47/><W10/><G88/><N who="0" m="51303" /><D57/><U129/><E129/><V121/><F121/><W46/><G46/><T82/><D67/><U23/><E32/><N who="2" m="12331" /><F116/><W94/><G104/><T49/><D49/><U97/><E132/><V45/><F71/><W75/><G75/><T39/><D39/><U54/><E70/><V135/><F135/><W9/><G33/><T48/><D48/><U11/><E69/><V79/><F79/><W123/><REACH who="3" step="1"/><G123/><REACH who="3" ten="250,250,250,240" step="2"/><T12/><D12/><N who="1" m="7199" /><E55/><V52/><F53/><W73/><G73/><T27/><D72/><U115/><E115/><V7/><F45/><W51/><G51/><T20/><D64/><U37/><E37/><V78/><F78/><W68/><G68/><T18/><D106/><U24/><E54/><V84/><F7/><W13/><G13/><T126/><D126/><U28/><E25/><V99/><F84/><AGARI ba="0,1" hai="18,20,27,81,82,84,89,93,100,102,103" m="51303" machi="84" ten="30,2900,0" yaku="8,1,54,1" doraHai="26" who="0" fromWho="2" sc="250,39,250,0,250,-29,240,0" /><INIT seed="0,1,0,1,2,125" ten="289,250,221,240" oya="0" hai0="30,46,23,49,31,16,92,50,4,114,104,77,84" hai1="95,2,103,91,64,127,53,58,54,15,25,129,22" hai2="28,128,123,47,12,85,57,124,99,102,109,37,44" hai3="48,79,83,41,78,115,19,135,111,71,82,72,80"/><T35/><D114/><U87/><E127/><V27/><F124/><W88/><G115/><T5/><D104/><U6/><E2/><V13/><F109/><W70/><G111/><T52/><D35/><U110/><E110/><V43/><F123/><W69/><G135/><T55/><D77/><U51/><E64/><V67/><F128/><W100/><G100/><T11/><D84/><U126/><E126/><V63/><F47/><W94/><G19/><T40/><D92/><U117/><E117/><V60/><F60/><W122/><G122/><T106/><D106/><U96/><E129/><V116/><F85/><W17/><G17/><T86/><D86/><U18/><E53/><N who="0" m="20553" /><D49/><U62/><E62/><V98/><F98/><W65/><G65/><T89/><D89/><U132/><E132/><V112/><F116/><W107/><G107/><T101/><D101/><U3/><E3/><V121/><F121/><W93/><G88/><T113/><D113/><U26/><REACH who="1" step="1"/><E6/><REACH who="1" ten="289,240,221,240" step="2"/><N who="0" m="2665" /><D11/><U119/><E119/><V68/><F112/><W118/><G118/><T120/><D120/><U59/><E59/><V81/><F57/><W75/><G41/><T73/><D73/><N who="3" m="28233" /><G48/><T66/><D66/><U14/><E14/><AGARI ba="1,1" hai="14,16,23,30,31,40,46,50" m="2665,20553" machi="14" ten="30,5800,0" yaku="8,1,54,2" doraHai="125" who="0" fromWho="1" sc="289,71,240,-61,221,0,240,0" /><INIT seed="0,2,0,3,0,63" ten="360,179,221,240" oya="0" hai0="53,49,96,126,0,23,98,25,46,124,135,44,15" hai1="52,92,73,26,20,47,77,85,61,75,121,12,113" hai2="16,9,68,38,45,36,22,100,30,65,88,106,116" hai3="8,71,78,118,117,80,87,90,10,14,119,33,81"/><T103/><D0/><U108/><E121/><V131/><F131/><W128/><G33/><T110/><D15/><U70/><E113/><V115/><F115/><W104/><G128/><T24/><D135/><U122/><E122/><V40/><F116/><W13/><G104/><T72/><D72/><U82/><E12/><V114/><F114/><W133/><G133/><T66/><D66/><U99/><E108/><V3/><F30/><W7/><G71/><T130/><D130/><U79/><E77/><V64/><F68/><W76/><REACH who="3" step="1"/><G81/><REACH who="3" ten="360,179,221,230" step="2"/><T111/><D44/><U41/><E70/><V18/><F106/><W39/><G39/><T21/><D21/><U43/><E47/><V28/><F38/><W51/><G51/><T54/><D54/><U55/><E55/><V102/><F36/><W95/><G95/><T35/><D35/><U42/><E52/><V19/><F40/><W109/><G109/><N who="0" m="41483" /><D23/><U11/><E20/><V129/><F45/><W94/><G94/><T84/><D24/><U86/><E26/><V37/><F37/><W31/><G31/><T125/><D25/><U5/><E82/><V74/><F28/><W29/><G29/><T105/><D98/><U6/><E43/><V32/><F32/><W1/><G1/><T107/><D107/><U62/><E99/><V2/><F129/><W69/><G69/><T48/><D49/><U58/><E92/><V4/><F22/><W97/><G97/><T101/><D101/><U27/><E27/><V60/><F102/><W67/><G67/><T120/><D120/><U134/><E134/><V127/><F100/><RYUUKYOKU ba="2,1" sc="360,15,179,-15,221,-15,230,15" hai0="46,48,53,84,96,103,105,124,125,126" hai3="7,8,10,13,14,76,78,80,87,90,117,118,119" /><INIT seed="0,3,1,3,1,111" ten="375,164,206,245" oya="0" hai0="120,119,10,31,19,30,58,97,27,68,14,81,76" hai1="134,117,9,8,15,56,102,42,125,49,133,84,132" hai2="87,46,107,54,78,51,123,34,79,66,41,93,109" hai3="32,101,16,75,99,47,57,129,131,44,128,80,104"/><T74/><D119/><U61/><E117/><V113/><F123/><W126/><G32/><T21/><D120/><U86/><E125/><V95/><F107/><W37/><G126/><T83/><D68/><U122/><E122/><V105/><F105/><W35/><G35/><T7/><D58/><U108/><E108/><V106/><F106/><W69/><G69/><T38/><D38/><U40/><E102/><V0/><F0/><W5/><G5/><T52/><D97/><U88/><E86/><V18/><F34/><W130/><N who="3" m="32768" /><DORA hai="55" /><W53/><G37/><T135/><D135/><U124/><E124/><V70/><F95/><W92/><G104/><T118/><D118/><U115/><E115/><V17/><F79/><N who="3" m="44159" /><G16/><T73/><D52/><N who="1" m="33927" /><E49/><AGARI ba="3,1" hai="44,47,49,53,57,92,99,101" m="44159,32768" machi="49" ten="60,3900,0" yaku="19,1,52,1" doraHai="111,55" who="3" fromWho="1" sc="375,0,164,-48,206,0,245,58" /><INIT seed="1,0,0,2,2,110" ten="375,116,206,303" oya="1" hai0="127,86,91,94,99,124,93,77,59,39,0,33,98" hai1="73,130,16,80,132,41,133,31,26,65,67,29,75" hai2="66,44,123,121,11,24,97,36,22,70,92,87,82" hai3="95,61,57,102,64,1,19,53,7,107,52,8,12"/><U68/><E130/><V135/><F135/><W14/><G107/><T131/><D33/><U74/><E41/><V83/><F44/><W5/><G1/><T23/><D0/><U101/><E101/><V116/><F36/><W50/><G53/><T51/><D39/><U128/><E128/><V37/><F37/><W106/><G106/><T120/><D131/><U46/><E46/><V18/><F66/><N who="1" m="25097" /><E80/><V79/><F70/><W129/><G129/><T28/><D120/><U63/><E63/><V62/><F62/><W30/><G30/><N who="1" m="11274" /><E26/><V49/><F49/><W10/><G102/><N who="0" m="60751" /><D23/><U32/><E32/><V108/><F108/><W114/><G114/><T122/><D28/><U40/><E40/><V43/><F43/><W13/><G95/><T56/><D51/><U42/><E42/><V34/><F34/><W113/><G113/><T54/><D122/><U115/><E115/><V20/><F20/><W45/><REACH who="3" step="1"/><G14/><REACH who="3" ten="375,116,206,293" step="2"/><T48/><D54/><U89/><E68/><V27/><F123/><W134/><G134/><N who="1" m="51818" /><E89/><V3/><F121/><W118/><G118/><T38/><D91/><U15/><E15/><V58/><F83/><W17/><AGARI ba="0,1" hai="5,7,8,10,12,13,17,19,45,50,52,57,61,64" machi="17" ten="20,12000,2" yaku="1,1,0,1,7,1,9,1,8,1,54,1,53,0" doraHai="110" doraHaiUra="117" who="3" fromWho="3" sc="375,-30,116,-60,206,-30,293,130" /><INIT seed="2,0,0,0,4,12" ten="345,56,176,423" oya="2" hai0="69,93,40,56,46,106,132,110,90,13,57,22,14" hai1="4,6,133,98,80,86,20,31,113,15,0,89,84" hai2="118,58,35,43,121,119,21,47,63,34,60,105,75" hai3="130,70,101,91,1,120,128,38,81,32,114,23,8"/><V67/><F121/><W48/><G120/><T107/><D69/><U50/><E113/><V65/><F105/><W109/><G32/><T126/><D110/><U76/><E133/><V41/><F75/><W87/><G114/><T55/><D132/><U61/><E0/><V26/><F21/><W104/><G38/><T9/><D126/><U33/><E33/><V49/><F26/><W29/><G70/><T123/><D123/><U112/><E112/><V100/><F100/><W66/><G66/><T10/><D106/><U27/><E98/><V111/><F34/><W16/><G109/><T7/><D107/><U64/><E50/><V11/><F11/><W102/><G29/><T37/><D22/><U30/><E15/><V68/><F35/><W3/><G48/><T79/><D79/><U131/><E131/><N who="3" m="50218" /><G104/><T59/><D55/><U134/><E134/><V73/><F73/><W92/><G81/><T62/><D62/><U78/><E31/><V97/><F97/><W19/><G1/><T122/><D122/><U77/><REACH who="1" step="1"/><E86/><REACH who="1" ten="345,46,176,423" step="2"/><V95/><F111/><W103/><G23/><T94/><D13/><U129/><E129/><V45/><F95/><W44/><G44/><T115/><D115/><U17/><E17/><N who="3" m="6730" /><G3/><T99/><D94/><U83/><E83/><V117/><F49/><W28/><G28/><T88/><REACH who="0" step="1"/><D10/><AGARI ba="0,1" hai="8,10,87,91,92,101,102,103" m="6730,50218" machi="10" ten="40,8000,1" yaku="19,1,52,3,54,1" doraHai="12" who="3" fromWho="0" sc="345,-80,46,0,176,0,423,90" /><INIT seed="3,0,0,0,0,124" ten="265,46,176,513" oya="3" hai0="85,90,95,67,66,110,89,115,128,60,22,17,107" hai1="4,114,63,42,127,93,122,81,39,94,14,52,19" hai2="28,105,15,91,131,68,40,77,102,23,37,6,132" hai3="10,118,45,61,9,2,33,5,111,47,18,35,100"/><W50/><G118/><T27/><D107/><U96/><E122/><V44/><F68/><W79/><G111/><T84/><D110/><U65/><E114/><V57/><F132/><W46/><G100/><T58/><D115/><U8/><E127/><V83/><F91/><W134/><G134/><T75/><D75/><U51/><E81/><V69/><F69/><W62/><G79/><T48/><D48/><U104/><E42/><V24/><F57/><W32/><G50/><T73/><D73/><U97/><E39/><V92/><F92/><W120/><G120/><T0/><D0/><U74/><E74/><V116/><F6/><W87/><G87/><T101/><D101/><U26/><E104/><V34/><F15/><W36/><G36/><T25/><D128/><U106/><E106/><V133/><F23/><W1/><G18/><T129/><D129/><U82/><E82/><V43/><F43/><W121/><G121/><T98/><D27/><U108/><E108/><V41/><F41/><W123/><G123/><T59/><D89/><U125/><E125/><V7/><F7/><AGARI ba="0,0" hai="1,2,5,7,9,10,32,33,35,45,46,47,61,62" machi="7" ten="50,2400,0" yaku="9,1" doraHai="124" who="3" fromWho="2" sc="265,0,46,0,176,-24,513,24" /><INIT seed="3,1,0,3,0,39" ten="265,46,152,537" oya="3" hai0="86,95,33,63,11,105,29,3,60,51,120,19,132" hai1="64,106,98,113,135,24,55,130,58,131,127,4,75" hai2="57,123,77,83,20,43,128,96,16,85,94,49,116" hai3="15,44,28,100,129,93,117,65,6,101,30,48,119"/><W0/><G0/><T66/><D105/><U18/><E75/><V27/><F128/><W82/><G129/><N who="1" m="49162" /><E113/><V126/><F126/><W103/><G65/><T42/><D60/><U34/><E4/><V72/><F116/><W90/><G82/><T54/><D11/><U32/><E64/><V91/><F123/><W73/><G73/><T47/><D42/><U22/><E135/><V102/><F57/><W21/><G119/><T1/><D86/><U61/><E127/><V70/><F70/><W69/><G69/><T2/><D51/><U78/><E78/><V40/><REACH who="2" step="1"/><F49/><REACH who="2" ten="265,46,142,537" step="2"/><W111/><G117/><T9/><D120/><U52/><E55/><V97/><F97/><W89/><G111/><T50/><D132/><U17/><E17/><V112/><F112/><W118/><G118/><T41/><D54/><U46/><E46/><V12/><F12/><W71/><G71/><T92/><D2/><U104/><E98/><V87/><F87/><W121/><G121/><T80/><D1/><U59/><E59/><V68/><F68/><W8/><G93/><AGARI ba="1,1" hai="16,20,27,40,43,72,77,83,85,91,93,94,96,102" machi="93" ten="30,12000,2" yaku="1,1,7,1,52,2,54,1,53,2" doraHai="39" doraHaiUra="38" who="2" fromWho="3" sc="265,0,46,0,142,133,537,-123" /><INIT seed="4,0,0,2,0,113" ten="265,46,275,414" oya="0" hai0="63,114,76,90,26,100,4,36,125,51,42,74,19" hai1="70,97,13,24,126,81,21,15,44,35,62,112,54" hai2="99,80,27,116,69,50,47,94,38,52,134,120,115" hai3="123,119,84,7,110,128,73,55,22,91,103,108,56"/><T43/><D114/><U14/><E112/><V133/><F115/><W107/><G73/><T20/><D125/><U57/><E126/><V9/><F120/><W101/><G7/><T48/><D36/><U75/><E35/><V77/><F69/><W32/><G32/><T118/><D118/><U39/><E70/><V106/><F106/><W96/><G128/><T29/><D100/><U92/><E39/><V135/><F27/><W5/><G123/><T3/><D74/><U8/><E44/><V1/><F38/><W87/><G103/><T93/><D76/><U25/><E25/><V83/><F116/><W78/><G5/><T95/><D3/><U58/><E58/><V72/><F83/><W41/><G41/><N who="0" m="15371" /><D4/><U33/><E81/><V10/><REACH who="2" step="1"/><F1/><REACH who="2" ten="265,46,265,414" step="2"/><W53/><G119/><T124/><D124/><U37/><E37/><V102/><AGARI ba="0,1" hai="9,10,47,50,52,72,77,80,94,99,102,133,134,135" machi="102" ten="30,8000,1" yaku="1,1,2,1,0,1,20,1,54,1,53,0" doraHai="113" doraHaiUra="71" who="2" fromWho="2" sc="265,-40,46,-20,265,90,414,-20" /><INIT seed="5,0,0,1,4,95" ten="225,26,355,394" oya="1" hai0="31,5,111,108,106,81,12,119,47,126,124,57,45" hai1="90,109,15,72,53,3,8,38,41,60,67,94,49" hai2="44,9,133,96,69,65,24,22,91,84,32,115,102" hai3="36,56,134,43,88,83,87,25,121,71,107,129,17"/><U103/><E72/><V58/><F69/><W28/><G71/><T79/><D119/><U63/><E109/><N who="0" m="42057" /><D31/><U131/><E131/><V70/><F70/><W125/><G121/><T120/><D57/><U97/><E3/><V54/><F133/><W59/><G134/><T51/><D106/><U132/><E132/><V99/><F32/><W2/><G2/><T116/><D116/><U117/><E117/><V112/><F65/><W40/><G129/><T98/><D98/><U14/><E38/><V92/><F9/><W114/><G114/><N who="2" m="43561" /><F44/><W74/><G74/><N who="0" m="43255" /><D120/><U19/><E41/><V27/><F102/><W135/><G135/><T18/><D5/><U1/><E1/><V127/><F127/><N who="0" m="48682" /><D51/><U50/><E50/><N who="2" m="31063" /><F27/><W10/><G125/><T11/><AGARI ba="0,0" hai="11,12,18,45,47" m="48682,43255,42057" machi="11" ten="30,1100,0" yaku="18,1" doraHai="95" who="0" fromWho="0" sc="225,11,26,-5,355,-3,394,-3" /><INIT seed="6,0,0,1,5,55" ten="236,21,352,391" oya="2" hai0="120,76,124,83,116,81,85,5,109,23,46,29,2" hai1="87,51,134,48,1,35,115,36,93,91,95,6,112" hai2="99,15,78,105,128,126,9,16,42,80,20,127,58" hai3="33,28,53,96,104,108,84,121,119,133,65,7,60"/><V123/><F128/><W75/><G108/><T18/><D109/><U49/><E134/><V11/><F123/><W66/><G75/><T3/><D120/><U67/><E36/><V0/><F42/><W103/><G121/><T82/><D124/><N who="2" m="47658" /><F0/><W14/><G119/><T41/><D116/><U90/><E35/><V88/><F105/><W125/><G133/><T52/><D29/><U72/><E67/><V110/><F110/><W92/><G125/><T50/><D2/><U40/><E1/><V22/><F9/><N who="3" m="4415" /><G33/><T13/><D3/><U32/><E32/><V62/><F99/><W10/><G104/><T106/><D106/><U79/><E6/><V70/><F70/><W12/><G28/><T63/><D5/><U56/><E40/><V97/><F97/><W122/><G84/><T47/><REACH who="0" step="1"/><D63/><REACH who="0" ten="226,21,352,391" step="2"/><U26/><E26/><V132/><F132/><W114/><G122/><T64/><D64/><U135/><E135/><V111/><F111/><W73/><G65/><T31/><D31/><U19/><E19/><V130/><F130/><W131/><G66/><T59/><D59/><U100/><E100/><V44/><F44/><W39/><G60/><T86/><D86/><U61/><E72/><N who="2" m="43079" /><F88/><W45/><G45/><T101/><D101/><U24/><E79/><V8/><F8/><W54/><G10/><T69/><D69/><U37/><E24/><V113/><F113/><W57/><G114/><T17/><D17/><U89/><E89/><V38/><F38/><AGARI ba="0,1" hai="13,18,23,38,41,46,47,50,52,76,81,82,83,85" machi="38" ten="30,3900,0" yaku="1,1,7,1,54,1,53,0" doraHai="55" doraHaiUra="94" who="0" fromWho="2" sc="226,49,21,0,352,-39,391,0" /><INIT seed="7,0,0,4,5,8" ten="275,21,313,391" oya="3" hai0="117,27,22,112,59,24,65,61,39,73,83,52,33" hai1="50,133,25,48,88,134,106,131,6,79,124,116,54" hai2="9,12,86,123,42,20,94,89,47,64,95,126,92" hai3="121,70,100,75,99,18,96,10,37,77,80,46,67"/><W102/><G121/><T71/><D117/><U125/><E106/><V32/><F126/><N who="1" m="48745" /><E79/><V105/><F32/><W114/><G114/><T44/><D112/><U132/><E116/><V31/><F105/><W62/><G37/><T5/><D5/><U55/><E6/><V28/><F64/><W7/><G46/><T98/><D98/><U1/><E1/><V76/><F76/><W120/><G120/><T66/><D66/><U113/><E113/><V36/><F123/><W109/><G109/><T115/><D115/><U51/><E88/><V45/><F45/><W38/><G38/><T43/><D33/><U90/><E90/><V35/><F35/><W82/><G82/><T122/><D122/><U16/><E16/><V91/><F20/><W93/><G18/><T104/><D104/><U130/><E25/><V97/><REACH who="2" step="1"/><F95/><REACH who="2" ten="275,21,303,391" step="2"/><W119/><G119/><T108/><D108/><U56/><E56/><V129/><F129/><AGARI ba="0,1" hai="48,50,51,54,55,129,130,131,132,133,134" m="48745" machi="129" ten="40,32000,5" yakuman="39" doraHai="8" who="1" fromWho="2" sc="275,0,21,330,303,-320,391,0" owari="275,-12.0,351,15.0,-17,-52.0,391,49.0" /></mjloggm>