<mjloggm ver="2.3"><GO type="185" lobby="0"/><UN n0="%E8%B5%A4%E8%A3%8F%E3%83%9B%E3%82%B7%E3%83%BC%E3%83%8E" n1="%E3%82%A2%E3%83%AA%E3%82%A2%E3%83%AA%E5%90%9B" n2="%62%75%73%79" n3="" dan="16,16,16,0" rate="2150.98,2208.00,2033.99,1500.00" sx="M,M,M,C"/><TAIKYOKU oya="0"/><INIT seed="0,0,0,5,1,40" ten="350,350,350,0" oya="0" hai0="101,95,58,110,117,74,47,126,63,42,62,35,84" hai1="57,125,122,90,44,41,72,50,51,39,64,112,43" hai2="128,33,55,3,66,97,131,130,52,1,54,68,134" hai3=""/><T94/><D35/><U76/><N who="1" m="31264" /><U34/><E34/><V132/><F33/><T116/><D74/><U37/><E125/><V105/><F68/><T48/><D126/><U67/><E112/><V0/><F66/><T106/><D106/><U115/><E115/><V60/><F60/><T53/><D110/><U2/><E2/><V59/><F59/><T127/><D127/><U113/><E113/><V92/><F105/><T56/><D95/><U49/><E76/><V114/><F114/><T120/><N who="0" m="30752" /><T104/><D104/><U96/><E72/><V78/><F78/><T102/><D117/><U108/><E108/><V75/><F75/><T71/><D71/><U83/><E57/><V100/><AGARI ba="0,0" hai="0,1,3,52,54,55,92,97,100,128,130,131,132,134" machi="100" ten="50,6000,1" yaku="0,1,29,2,19,1,54,1" doraHai="40" who="2" fromWho="2" sc="350,-40,350,-20,350,60,0,0" /><INIT seed="1,0,0,2,0,126" ten="310,330,410,0" oya="1" hai0="41,64,95,71,91,105,63,127,43,72,113,116,88" hai1="33,76,114,65,100,115,93,66,57,122,74,55,38" hai2="131,132,42,75,87,1,45,59,89,85,79,78,130" hai3=""/><U67/><N who="1" m="31264" /><U36/><E33/><V50/><F1/><T96/><D127/><U53/><E76/><V39/><F132/><T125/><D125/><U70/><E70/><V109/><F109/><T73/><D113/><U120/><N who="1" m="30752" /><U97/><E74/><V110/><F110/><T37/><D105/><U2/><E2/><V111/><F111/><T119/><D91/><U106/><E106/><V123/><N who="2" m="31520" /><V69/><F69/><T108/><D108/><U51/><REACH who="1" step="1"/><E53/><REACH who="1" ten="310,320,410,0" step="2"/><V49/><F75/><T134/><D73/><U47/><E47/><V135/><F135/><T44/><D72/><U52/><E52/><V104/><F104/><T92/><D134/><U35/><E35/><V80/><F79/><T90/><D43/><U3/><E3/><V56/><F56/><T118/><D118/><U107/><E107/><V99/><F99/><AGARI ba="0,1" hai="37,41,44,63,64,71,88,90,92,95,96,99,116,119" machi="99" ten="40,2600,0" yaku="9,1,54,1" doraHai="126" who="0" fromWho="2" sc="310,36,320,0,410,-26,0,0" /><INIT seed="2,0,0,5,1,46" ten="346,320,384,0" oya="2" hai0="63,101,115,3,68,41,37,73,36,66,61,114,125" hai1="88,104,55,133,108,76,75,93,122,48,74,102,80" hai2="54,62,124,87,95,99,84,85,70,1,82,90,110" hai3=""/><V71/><F124/><T89/><D3/><U128/><N who="1" m="31264" /><U81/><E108/><V56/><F1/><T79/><D125/><U103/><E128/><V134/><F134/><T67/><D101/><U96/><E133/><V65/><F110/><T126/><D89/><U45/><E104/><V72/><F72/><T78/><D126/><U59/><E59/><V58/><F71/><T43/><D73/><U100/><E81/><V0/><F0/><T98/><D98/><U117/><E117/><V47/><F47/><T52/><D52/><U123/><N who="1" m="31520" /><U2/><E2/><V40/><F40/><T83/><D83/><U135/><E135/><V94/><F94/><T77/><D77/><U51/><E51/><V132/><F132/><T32/><D32/><U119/><E119/><V44/><REACH who="2" step="1"/><F82/><REACH who="2" ten="346,320,374,0" step="2"/><T97/><D68/><U121/><N who="1" m="31008" /><U69/><E69/><V109/><F109/><T106/><D43/><U116/><E116/><V38/><F38/><T92/><D41/><U105/><E74/><V129/><F129/><T86/><D36/><U107/><AGARI ba="0,1" hai="45,48,55,75,76,80,88,93,96,100,102,103,105,107" m="31008,31520,31264" machi="107" ten="30,9000,2" yaku="0,1,52,4,54,1" doraHai="46" who="1" fromWho="1" sc="346,-30,320,100,374,-60,0,0" /><INIT seed="4,0,0,3,1,127" ten="316,420,314,0" oya="0" hai0="104,46,0,92,96,118,2,119,41,67,58,86,84" hai1="72,101,73,48,54,88,68,105,62,66,45,57,133" hai2="109,53,128,34,115,97,107,52,98,114,135,76,108" hai3=""/><T1/><D104/><U116/><E116/><V42/><F34/><T47/><D67/><U93/><E133/><V51/><F135/><T33/><D33/><U61/><E101/><V120/><N who="2" m="30752" /><V49/><F107/><T131/><D58/><U100/><E100/><V123/><N who="2" m="31520" /><V59/><F76/><T99/><D92/><U36/><E105/><V125/><F125/><T82/><D2/><U121/><N who="1" m="31008" /><U40/><E62/><V32/><F42/><T35/><D35/><U122/><N who="1" m="31264" /><U55/><E54/><V129/><F32/><T63/><D63/><U77/><E77/><V39/><REACH who="2" step="1"/><F59/><REACH who="2" ten="316,420,304,0" step="2"/><T50/><D41/><U3/><E3/><V37/><AGARI ba="0,1" hai="37,39,49,51,52,53,97,98,108,109,114,115,128,129" m="31520,30752" machi="37" ten="25,12000,3" yaku="1,1,2,1,0,1,22,2,52,4,54,1,53,0" doraHai="127" doraHaiUra="74" who="2" fromWho="2" sc="316,-80,420,-40,304,130,0,0" /><INIT seed="5,0,0,1,2,105" ten="236,380,434,0" oya="1" hai0="68,102,114,48,107,43,2,85,92,60,126,132,78" hai1="115,42,112,70,72,61,0,52,127,98,90,64,120" hai2="131,117,82,65,75,47,110,55,88,53,62,79,135" hai3=""/><U108/><N who="1" m="30752" /><U44/><E0/><V54/><F110/><T86/><D2/><U38/><E108/><V41/><F131/><T91/><D68/><U49/><E72/><V66/><F135/><T97/><D60/><U124/><E98/><V125/><F125/><N who="1" m="48201" /><E90/><V83/><F117/><T103/><D48/><U77/><E77/><V1/><F1/><T32/><D43/><U99/><E99/><V39/><F66/><T113/><D32/><U80/><E80/><V76/><F88/><T73/><D126/><U89/><E89/><V129/><F129/><T50/><D50/><U133/><E133/><V128/><F128/><T101/><D132/><U51/><E51/><V87/><REACH who="2" step="1"/><F65/><REACH who="2" ten="236,380,424,0" step="2"/><T59/><D86/><U74/><E74/><V121/><N who="2" m="31008" /><V3/><F3/><T93/><D93/><U118/><E118/><V134/><F134/><T84/><D84/><U122/><N who="1" m="31264" /><U35/><E35/><V34/><F34/><T100/><REACH who="0" step="1"/><D59/><AGARI ba="0,1" hai="38,42,44,49,52,59,61,64,70,112,115" m="31264,48201,30752" machi="59" ten="30,18000,2" yaku="24,1,18,1,34,2,52,2,54,1" doraHai="105" who="1" fromWho="0" sc="236,-180,380,190,424,0,0,0" /><AGARI ba="0,0" hai="39,41,47,53,54,55,59,62,75,76,79,82,83,87" m="31008" machi="59" ten="40,5200,0" yaku="1,1,52,2,53,0" doraHai="105" doraHaiUra="46" who="2" fromWho="0" sc="56,-52,570,0,424,52,0,0" /><INIT seed="5,1,0,3,0,96" ten="4,570,476,0" oya="1" hai0="131,74,133,89,78,63,125,42,60,99,77,85,64" hai1="97,103,100,122,37,112,120,47,118,36,92,135,76" hai2="55,35,66,68,105,124,113,98,91,45,70,44,0" hai3=""/><U72/><N who="1" m="30752" /><U102/><N who="1" m="31264" /><U57/><E118/><V132/><F0/><T86/><D86/><U128/><E128/><V32/><F113/><T108/><D108/><U110/><E110/><V2/><F2/><T39/><D39/><U58/><E112/><V107/><F124/><T61/><D61/><U81/><E135/><V80/><F132/><T90/><D90/><U126/><E126/><V73/><F55/><T75/><D75/><U115/><E115/><V34/><F91/><T50/><D50/><U1/><E1/><V79/><F98/><T33/><D33/><U88/><REACH who="1" step="1"/><E36/><REACH who="1" ten="4,560,476,0" step="2"/><V41/><F45/><T56/><D56/><U93/><E93/><V121/><N who="2" m="31008" /><V83/><F83/><T59/><D59/><U109/><E109/><V3/><F3/><T40/><D40/><AGARI ba="1,1" hai="37,40,47,57,58,72,76,81,88,92,97,100,102,103" m="31264,30752" machi="40" ten="40,18000,2" yaku="1,1,52,5,54,1,53,0" doraHai="96" doraHaiUra="129" who="1" fromWho="0" sc="4,-182,560,192,476,0,0,0" owari="-178,-78.0,752,70.0,476,8.0,0,0.0" /></mjloggm>