<mjloggm ver="2.3"><GO type="169" lobby="0"/><UN n0="%E6%84%9A%E5%BE%B9" n1="%64%72%61%65%74%63" n2="%E6%80%92%E3%82%8A%E3%81%AE%E3%81%97%E3%81%B0%E3%82%84%E3%82%93" n3="%E3%81%BE%E3%82%8B%E3%81%A8%E3%83%BC" dan="16,17,17,17" rate="2082.46,2151.77,2162.88,2103.64" sx="M,M,M,M"/><TAIKYOKU oya="0"/><INIT seed="0,0,0,4,2,66" ten="250,250,250,250" oya="0" hai0="98,8,71,5,13,61,107,112,125,81,33,12,22" hai1="72,76,87,100,51,40,6,32,20,93,82,19,21" hai2="38,46,111,23,27,43,77,121,105,0,17,7,31" hai3="62,67,110,4,94,60,3,42,103,96,120,80,130"/><T25/><D112/><U117/><E32/><V123/><F105/><W69/><G110/><T59/><D125/><U127/><E117/><V39/><F39/><W102/><G130/><T54/><D33/><U115/><E6/><V10/><F111/><W75/><G120/><T70/><D81/><U11/><E127/><V104/><F104/><W53/><G42/><T131/><D131/><U133/><E72/><V89/><F89/><W9/><G75/><T45/><D13/><N who="1" m="7615" /><E133/><V35/><REACH who="2" step="1"/><F77/><REACH who="2" ten="250,250,240,250" step="2"/><W68/><G102/><T56/><D45/><N who="1" m="26023" /><E115/><V74/><F74/><W92/><G80/><T97/><D59/><U18/><E76/><V16/><F16/><W57/><G92/><T83/><D83/><U28/><E18/><V26/><AGARI ba="0,1" hai="0,7,10,17,23,26,27,31,35,38,43,46,121,123" machi="26" ten="20,2700,0" yaku="1,1,0,1,7,1,53,0" doraHai="66" doraHaiUra="44" who="2" fromWho="2" sc="250,-13,250,-7,240,37,250,-7" /><INIT seed="1,0,0,5,3,129" ten="237,243,277,243" oya="1" hai0="31,83,80,52,85,73,98,40,45,56,99,67,104" hai1="70,101,72,35,131,81,87,26,75,37,22,25,94" hai2="11,39,2,100,79,6,30,50,134,130,49,74,16" hai3="71,23,119,77,127,7,97,27,78,116,36,46,20"/><U17/><E37/><V121/><F39/><W135/><G71/><T29/><D67/><U47/><E70/><V32/><F121/><W60/><G60/><T133/><D73/><U91/><E131/><V48/><F130/><W55/><G36/><T42/><D104/><U58/><E47/><V12/><F100/><W15/><G46/><T65/><D65/><U115/><E115/><V89/><F89/><W43/><G43/><N who="0" m="16427" /><D83/><U86/><E58/><V41/><F41/><W3/><G55/><T125/><D125/><U21/><E35/><V24/><F79/><W13/><G97/><N who="0" m="36875" /><D133/><U103/><E75/><V88/><F74/><W8/><G127/><T14/><D14/><N who="3" m="5129" /><G135/><T57/><D57/><U59/><E59/><V63/><F63/><W102/><G102/><T62/><D45/><U90/><REACH who="1" step="1"/><E72/><REACH who="1" ten="237,233,277,243" step="2"/><V4/><F134/><W44/><G44/><T51/><D62/><U18/><AGARI ba="0,1" hai="17,18,21,22,25,26,81,86,87,90,91,94,101,103" machi="18" ten="20,18000,2" yaku="1,1,2,1,0,1,7,1,9,1,8,1,53,0" doraHai="129" doraHaiUra="105" who="1" fromWho="1" sc="237,-60,233,190,277,-60,243,-60" /><INIT seed="1,1,0,5,3,52" ten="177,423,217,183" oya="1" hai0="49,128,5,85,89,51,97,76,53,110,63,6,91" hai1="1,29,113,43,15,12,93,62,65,88,7,102,27" hai2="123,3,132,92,61,60,21,108,9,106,117,35,129" hai3="48,109,95,116,14,94,22,119,8,130,111,107,0"/><U134/><E113/><V44/><F106/><W84/><G107/><T101/><D110/><N who="3" m="41993" /><G0/><T38/><D38/><U56/><E134/><V31/><F108/><W47/><G22/><T112/><D112/><U124/><E124/><V45/><F123/><W71/><G71/><T64/><D76/><U28/><E102/><V26/><F117/><N who="3" m="45131" /><G84/><T67/><D128/><U131/><E131/><V4/><F129/><W70/><G70/><T57/><D51/><U135/><E135/><V133/><F92/><W18/><G130/><T2/><D67/><U36/><E1/><V77/><F77/><W30/><G30/><T81/><D91/><U86/><E29/><V80/><F80/><W54/><AGARI ba="1,0" hai="8,14,18,47,48,54,94,95" m="45131,41993" machi="54" ten="30,2000,0" yaku="14,1,12,1" doraHai="52" who="3" fromWho="3" sc="177,-6,423,-11,217,-6,183,23" /><INIT seed="2,0,0,0,3,15" ten="171,412,211,206" oya="2" hai0="128,72,49,110,6,21,129,81,98,126,123,102,132" hai1="133,124,39,53,46,61,130,119,26,9,79,35,101" hai2="114,88,54,43,106,109,118,37,67,32,92,111,95" hai3="20,57,33,135,108,52,42,11,90,70,24,62,103"/><V127/><F106/><W44/><G108/><N who="2" m="41545" /><F118/><W91/><G135/><T48/><D110/><U27/><E35/><V96/><F114/><W122/><G33/><T28/><D6/><U83/><E39/><V1/><F127/><W131/><G131/><N who="0" m="50251" /><D123/><U77/><E101/><V45/><F32/><W85/><G122/><T117/><D117/><U86/><E79/><V13/><F1/><W23/><G70/><T112/><D112/><U107/><E77/><V125/><F125/><W76/><G103/><T113/><D113/><U18/><E107/><V16/><F67/><W94/><G11/><T25/><D126/><U75/><E75/><V115/><F115/><W71/><G20/><T50/><D132/><U40/><E133/><V68/><F68/><W63/><G71/><T69/><D69/><U10/><E119/><V3/><F3/><W22/><G22/><T47/><D81/><U87/><E83/><V120/><F95/><W74/><G74/><T8/><D8/><U59/><E9/><N who="2" m="6191" /><F54/><W73/><G94/><N who="0" m="58711" /><D72/><U19/><E124/><V65/><F65/><W78/><G73/><T121/><D121/><AGARI ba="0,0" hai="37,43,45,88,92,96,120,121" m="6191,41545" machi="121" ten="30,12000,1" yaku="14,1,10,1,52,1,54,2" doraHai="15" who="2" fromWho="0" sc="171,-120,412,0,211,120,206,0" /><INIT seed="2,1,0,3,1,26" ten="51,412,331,206" oya="2" hai0="91,106,123,84,15,49,57,3,78,9,56,43,101" hai1="124,83,129,18,126,103,95,6,132,12,11,131,50" hai2="115,40,73,5,53,117,63,128,121,60,68,81,105" hai3="86,99,42,55,110,30,21,97,67,47,120,38,77"/><V37/><F105/><W102/><G120/><T122/><D3/><U62/><E83/><V100/><F100/><W70/><G110/><T54/><D106/><U116/><E116/><V4/><F117/><W36/><G36/><T20/><D101/><U66/><E50/><V104/><F104/><W32/><G21/><T107/><D107/><U31/><E31/><V35/><F115/><W133/><G133/><T23/><D122/><U46/><E46/><V52/><F121/><W127/><G127/><N who="1" m="48682" /><E6/><V74/><F35/><W7/><G7/><T69/><D69/><N who="1" m="42199" /><E132/><V79/><F128/><W1/><G1/><T48/><D123/><U92/><E103/><V0/><F68/><W134/><G134/><T14/><D78/><U64/><E64/><V88/><F0/><W28/><G32/><T112/><D112/><U90/><E95/><V108/><F79/><W45/><G102/><T59/><D43/><U118/><E118/><V61/><F61/><W29/><G67/><T111/><D111/><U85/><AGARI ba="1,0" hai="11,12,18,85,90,92,129,131" m="42199,48682" machi="85" ten="30,1100,0" yaku="18,1" doraHai="26" who="1" fromWho="1" sc="51,-4,412,14,331,-6,206,-4" /><INIT seed="3,0,0,4,0,74" ten="47,426,325,202" oya="3" hai0="99,11,12,91,133,45,1,117,105,62,110,61,108" hai1="85,114,60,35,8,111,52,23,93,65,47,48,31" hai2="95,34,15,20,82,49,112,132,125,39,84,76,78" hai3="68,27,122,44,43,54,24,69,59,115,73,0,3"/><W13/><G73/><T72/><D117/><U123/><E111/><N who="0" m="42537" /><D1/><U56/><E35/><V107/><F39/><W42/><G115/><T103/><D133/><U17/><E123/><V118/><F107/><W4/><G122/><T41/><D91/><N who="1" m="53487" /><E114/><V30/><F112/><W121/><G121/><T119/><D72/><U5/><E31/><V51/><F118/><W83/><G3/><T16/><D119/><U28/><E28/><V75/><F132/><W127/><G0/><T66/><D66/><U86/><E86/><V64/><F64/><W90/><G68/><T101/><D103/><U9/><E5/><V10/><F34/><W89/><G69/><T63/><D63/><U97/><E97/><V29/><F95/><W109/><G109/><T96/><D96/><U116/><E116/><V87/><F75/><W40/><G44/><T70/><D70/><U120/><E120/><V113/><F125/><W36/><G127/><T94/><D105/><U79/><E79/><N who="2" m="30251" /><F113/><W104/><G104/><T131/><D131/><U80/><E80/><V88/><F87/><N who="3" m="50431" /><G36/><AGARI ba="0,0" hai="11,12,16,36,41,45,61,62,94,99,101" m="42537" machi="36" ten="30,2000,0" yaku="14,1,54,1" doraHai="74" who="0" fromWho="3" sc="47,20,426,0,325,0,202,-20" /><INIT seed="4,0,0,1,1,34" ten="67,426,325,182" oya="0" hai0="126,28,27,97,13,48,63,88,92,115,125,129,37" hai1="105,120,5,60,4,114,20,64,58,118,40,93,43" hai2="38,29,66,119,134,78,6,62,70,17,16,59,133" hai3="87,110,107,26,73,53,96,123,69,99,85,82,75"/><T9/><D37/><U104/><E118/><V10/><F38/><W95/><G69/><T79/><D115/><U116/><E116/><V131/><F119/><W57/><G110/><T65/><D79/><U45/><E120/><V128/><F29/><W94/><G123/><T14/><D48/><U71/><E43/><V22/><F78/><W7/><G7/><T41/><D41/><U84/><E105/><V106/><F106/><W35/><G26/><T39/><D39/><U74/><E104/><V25/><F17/><W101/><G35/><T47/><D47/><U2/><E2/><N who="2" m="343" /><F70/><W111/><G111/><T33/><D129/><AGARI ba="0,0" hai="16,22,25,59,62,66,128,129,131,133,134" m="343" machi="129" ten="30,3900,0" yaku="19,1,52,1,54,1" doraHai="34" who="2" fromWho="0" sc="67,-39,426,0,325,39,182,0" /><INIT seed="5,0,0,5,2,5" ten="28,426,364,182" oya="1" hai0="17,102,38,134,54,23,75,103,135,94,48,85,35" hai1="78,126,64,29,113,22,81,118,127,53,71,101,14" hai2="125,1,83,128,12,50,55,10,19,133,21,97,63" hai3="44,56,77,129,119,130,112,11,86,98,15,0,60"/><U65/><E113/><V46/><F125/><N who="1" m="47625" /><E71/><V37/><F128/><N who="3" m="49259" /><G0/><T76/><D38/><U3/><E3/><V52/><F133/><W131/><G112/><T16/><D35/><U89/><E89/><V90/><F37/><W43/><G98/><T4/><D75/><U122/><E101/><V92/><F83/><N who="3" m="47471" /><G131/><T2/><D76/><U91/><E91/><V45/><F1/><W47/><G43/><T31/><D85/><U95/><E95/><V40/><F63/><W121/><G121/><T109/><D109/><U107/><E107/><V68/><F68/><W106/><G106/><T116/><D116/><U82/><E118/><V36/><REACH who="2" step="1"/><F55/><REACH who="2" ten="28,426,354,182" step="2"/><N who="3" m="33823" /><G119/><T72/><D135/><U110/><E82/><V51/><F51/><W111/><G111/><T41/><D134/><U117/><E81/><V99/><F99/><W33/><G33/><T49/><D49/><U42/><E53/><V34/><F34/><W87/><G87/><T59/><D41/><U30/><E42/><V61/><F61/><W132/><G132/><T62/><D62/><U120/><E117/><V84/><F84/><W25/><G47/><T57/><D72/><U69/><E69/><V13/><F13/><W124/><G124/><T58/><D48/><U93/><E78/><V96/><F96/><W70/><G70/><T114/><D54/><U115/><E110/><V80/><F80/><W123/><G44/><T27/><D114/><U6/><E115/><V66/><F66/><W67/><G67/><T20/><D59/><U104/><E65/><V100/><F100/><W108/><G108/><T105/><D103/><RYUUKYOKU ba="0,1" sc="28,-10,426,-10,354,30,182,-10" hai2="10,12,19,21,36,40,45,46,50,52,90,92,97" /><INIT seed="6,1,1,1,5,121" ten="18,416,384,172" oya="2" hai0="5,88,131,110,18,68,97,60,86,102,122,98,76" hai1="95,91,116,20,135,40,7,6,105,84,93,74,92" hai2="71,82,57,14,41,113,64,23,58,1,9,22,81" hai3="134,27,47,89,24,129,124,16,99,63,61,43,69"/><V72/><F1/><W114/><G124/><T126/><D122/><U36/><E105/><V44/><F113/><W34/><G129/><T8/><D131/><U103/><E74/><V100/><F100/><W111/><G111/><T46/><D126/><U3/><E116/><V15/><F71/><W29/><G134/><T133/><D133/><U83/><E135/><V120/><F120/><W109/><G109/><T94/><D110/><U52/><E36/><V13/><F9/><W31/><G114/><T117/><D117/><U107/><E40/><V130/><F130/><W85/><G99/><T50/><D68/><U119/><E119/><V42/><F72/><W12/><G69/><T21/><D60/><U66/><E66/><V106/><F106/><W104/><G104/><T32/><D32/><U87/><E3/><V56/><F64/><W49/><G27/><T55/><D76/><U78/><E6/><V75/><F75/><W39/><G31/><T0/><REACH who="0" step="1"/><D102/><REACH who="0" ten="8,416,384,172" step="2"/><U11/><E78/><V112/><F112/><W101/><G101/><T17/><D17/><U26/><E103/><V35/><F35/><W4/><G4/><T127/><D127/><U30/><E7/><V128/><F128/><W65/><G61/><T53/><D53/><U59/><E52/><V79/><F79/><W67/><G63/><T25/><AGARI ba="1,2" hai="0,5,8,18,21,25,46,50,55,86,88,94,97,98" machi="25" ten="20,5200,0" yaku="1,1,0,1,7,1,54,1,53,0" doraHai="121" doraHaiUra="73" who="0" fromWho="0" sc="8,75,416,-14,384,-27,172,-14" /><INIT seed="7,0,0,1,2,84" ten="83,402,357,158" oya="3" hai0="44,39,50,28,131,118,5,90,92,9,95,17,37" hai1="18,80,10,127,16,108,49,85,29,8,122,121,81" hai2="62,130,119,48,51,15,93,35,3,6,106,68,107" hai3="132,31,33,69,11,63,52,104,79,0,72,134,117"/><W58/><G117/><T88/><D118/><U42/><E108/><V43/><F119/><W101/><G69/><T96/><D28/><U75/><E29/><V98/><F35/><W36/><G36/><T65/><D65/><U77/><E127/><V123/><F3/><W66/><G79/><T60/><D60/><U73/><E85/><V22/><F123/><W12/><G72/><T25/><D131/><U128/><E49/><V78/><F78/><W34/><G0/><T21/><D9/><U112/><E42/><V67/><F130/><W53/><G101/><T109/><D5/><U41/><E41/><V102/><F51/><W129/><G104/><T74/><D74/><U61/><E61/><V76/><F76/><W115/><G129/><T111/><D111/><U1/><E77/><V38/><F38/><W30/><G33/><T40/><D109/><U2/><E128/><V133/><F133/><W20/><G34/><T120/><D120/><U23/><E23/><V4/><F4/><W124/><G20/><T125/><D125/><U27/><E27/><V32/><F32/><W99/><G124/><T87/><AGARI ba="0,0" hai="17,21,25,37,39,40,44,50,87,88,90,92,95,96" machi="87" ten="20,8000,1" yaku="0,1,7,1,52,2,54,1" doraHai="84" who="0" fromWho="0" sc="83,80,402,-20,357,-20,158,-40" owari="163,-24.0,382,48.0,337,14.0,118,-38.0" /></mjloggm>