<mjloggm ver="2.3"><GO type="169" lobby="0"/><UN n0="%E5%AE%88%E6%9D%91%E6%A1%9C%E5%BC%A5" n1="%74%61%6D%69%74%61%6D%69" n2="%E3%83%8A%E3%82%B4%E3%83%A0" n3="%E6%A1%83%E4%B8%B8%E3%81%AD%E3%81%8F%E3%81%A8" dan="17,16,16,16" rate="2156.13,2095.63,2157.25,2143.14" sx="M,M,M,F"/><TAIKYOKU oya="0"/><INIT seed="0,0,0,1,5,40" ten="250,250,250,250" oya="0" hai0="50,42,49,87,15,22,35,122,12,73,132,45,98" hai1="99,4,65,26,36,107,63,24,118,31,104,9,76" hai2="34,106,74,70,79,134,108,105,91,67,8,113,37" hai3="68,129,13,6,116,60,100,58,28,117,126,46,111"/><T71/><D122/><U124/><E118/><V55/><F55/><W81/><G68/><T85/><D35/><U23/><E36/><V127/><F91/><W32/><G111/><T131/><D131/><U19/><E76/><V59/><F59/><W47/><G100/><T86/><D132/><U83/><E83/><V5/><F8/><W27/><G129/><T92/><D73/><U30/><E124/><V78/><F5/><W1/><G1/><T57/><D71/><U41/><E41/><V120/><F67/><W88/><G126/><T64/><D22/><U52/><E19/><V80/><F80/><W2/><G2/><T17/><D17/><U48/><E99/><V102/><F102/><W21/><G116/><T25/><D25/><U39/><E39/><V72/><F79/><W90/><G117/><T29/><D29/><U33/><E63/><V96/><F96/><W11/><G32/><T82/><D82/><U10/><E65/><V51/><F51/><W62/><G62/><N who="0" m="37967" /><D50/><U125/><E125/><V130/><F78/><W77/><G77/><T18/><D18/><U0/><REACH who="1" step="1"/><E10/><REACH who="1" ten="250,240,250,250" step="2"/><V115/><F74/><W94/><G81/><T133/><D133/><U43/><E43/><V109/><F108/><W103/><G103/><AGARI ba="0,1" hai="12,15,42,45,49,85,86,87,92,98,103" m="37967" machi="103" ten="30,2900,0" yaku="8,1,52,1" doraHai="40" who="0" fromWho="3" sc="250,39,240,0,250,0,250,-29" /><INIT seed="0,1,0,1,5,72" ten="289,240,250,221" oya="0" hai0="4,55,75,12,120,13,108,32,26,113,35,22,36" hai1="47,57,17,39,131,74,20,64,33,97,46,43,81" hai2="48,7,41,9,130,0,127,56,125,34,38,44,54" hai3="82,18,51,28,24,45,134,80,60,124,87,69,93"/><T65/><D36/><U21/><E33/><V76/><F34/><W133/><G124/><T31/><D65/><U119/><E119/><V126/><REACH who="2" step="1"/><F76/><REACH who="2" ten="289,240,240,221" step="2"/><W49/><G133/><T84/><D35/><U61/><E131/><AGARI ba="1,1" hai="0,7,9,38,41,44,48,54,56,125,126,127,130,131" machi="131" ten="50,6400,0" yaku="1,1,2,1,18,1,53,0" doraHai="72" doraHaiUra="99" who="2" fromWho="1" sc="289,0,240,-67,240,77,221,0" /><INIT seed="1,0,0,3,3,100" ten="289,173,317,221" oya="1" hai0="77,37,108,40,11,63,52,25,41,134,130,98,35" hai1="4,135,30,15,59,14,97,45,122,36,23,86,112" hai2="82,56,58,70,61,79,2,71,126,6,110,42,90" hai3="117,7,43,106,113,65,73,5,34,26,16,119,93"/><U121/><E112/><V131/><F110/><W32/><G113/><T55/><D108/><U107/><E135/><V124/><F131/><W19/><G73/><T84/><D134/><U80/><E59/><V62/><F90/><W49/><G65/><T102/><D37/><U53/><E30/><V125/><F42/><W133/><G93/><T105/><D130/><U48/><E36/><V67/><F6/><N who="3" m="2059" /><G133/><T57/><D11/><U95/><E107/><V27/><F27/><W9/><G43/><T74/><D74/><U21/><E121/><V76/><F2/><W0/><G49/><T24/><D24/><U17/><E122/><V66/><REACH who="2" step="1"/><F79/><REACH who="2" ten="289,173,307,221" step="2"/><W72/><G0/><T99/><D41/><U96/><E4/><V111/><F111/><W64/><G26/><T54/><D40/><U18/><E95/><V81/><F81/><W60/><G117/><T75/><D105/><U104/><E104/><V46/><F46/><W109/><G119/><T28/><D28/><U44/><E44/><V69/><F69/><W94/><G94/><T92/><D92/><U13/><E13/><V3/><F3/><W78/><G78/><AGARI ba="0,1" hai="14,15,17,18,21,23,45,48,53,78,80,86,96,97" machi="78" ten="30,5800,0" yaku="7,1,9,1,8,1" doraHai="100" who="1" fromWho="3" sc="289,0,173,68,307,0,221,-58" /><INIT seed="1,1,0,0,2,106" ten="289,241,307,163" oya="1" hai0="10,114,131,126,102,1,25,27,18,40,61,46,112" hai1="74,30,13,56,20,68,6,121,127,31,78,81,29" hai2="45,0,120,49,115,55,60,135,58,4,36,98,75" hai3="124,41,38,109,63,57,26,53,42,15,34,37,73"/><U47/><E68/><V28/><F120/><W71/><G34/><T129/><D102/><U108/><E121/><V97/><F135/><W134/><G26/><N who="0" m="9739" /><D61/><U2/><E127/><V48/><F28/><W89/><G89/><T17/><D40/><N who="3" m="15465" /><G15/><N who="0" m="7415" /><D46/><U62/><E47/><V33/><F33/><W116/><G73/><T118/><D118/><U128/><E2/><V3/><F36/><W90/><G90/><T5/><D126/><U123/><E123/><V100/><F115/><N who="0" m="44074" /><D18/><U44/><E44/><V125/><F125/><W93/><G63/><T95/><D95/><U70/><E70/><V86/><F86/><W51/><G93/><T32/><D32/><U110/><E56/><V119/><F75/><W113/><G57/><T23/><D23/><U9/><E62/><V111/><F98/><W77/><G71/><T91/><D91/><U122/><E122/><V12/><F60/><W66/><G37/><T103/><D103/><U39/><E20/><V14/><F97/><W11/><G116/><T16/><D16/><U117/><E39/><V107/><F100/><W67/><G38/><T50/><D50/><U133/><E117/><V59/><F45/><W79/><G51/><T8/><AGARI ba="1,0" hai="1,5,8,129,131" m="44074,7415,9739" machi="8" ten="40,2700,0" yaku="34,2" doraHai="106" who="0" fromWho="0" sc="289,30,241,-14,307,-8,163,-8" /><INIT seed="2,0,0,2,3,73" ten="319,227,299,155" oya="2" hai0="115,105,100,25,114,91,123,83,50,128,111,78,38" hai1="9,30,116,65,14,70,4,107,99,42,24,127,76" hai2="11,63,44,96,6,131,113,122,117,92,0,1,59" hai3="129,60,56,22,118,29,94,45,130,32,2,48,103"/><V134/><F113/><W33/><G2/><T135/><D38/><U15/><E116/><V10/><F134/><W124/><G118/><T49/><D123/><U18/><E42/><V126/><F131/><W110/><G110/><T120/><D120/><U89/><E127/><V68/><F126/><W20/><G124/><T87/><D128/><N who="3" m="49257" /><G103/><T82/><D135/><U13/><E65/><V37/><F68/><W34/><G29/><T7/><D111/><U104/><E70/><V125/><F125/><W106/><G106/><T64/><D7/><U47/><E47/><V52/><F122/><W67/><G94/><T93/><D64/><U109/><E109/><V17/><F17/><W54/><AGARI ba="0,0" hai="20,22,32,33,34,45,48,54,56,60,67" m="49257" machi="54" ten="40,1500,0" yaku="19,1" doraHai="73" who="3" fromWho="3" sc="319,-4,227,-4,299,-7,155,15" /><INIT seed="3,0,0,5,0,109" ten="315,223,292,170" oya="3" hai0="129,80,5,57,96,42,88,33,29,127,49,51,101" hai1="9,48,40,13,14,113,15,47,91,53,58,112,43" hai2="52,75,98,120,23,110,41,121,1,38,10,2,8" hai3="0,65,44,21,19,116,25,56,31,81,87,103,117"/><W55/><G0/><T68/><D68/><U83/><E9/><V72/><F110/><W50/><G103/><T130/><D127/><U30/><E30/><V63/><F23/><W124/><G124/><T133/><D133/><U73/><E40/><V27/><F27/><W128/><G128/><N who="0" m="49259" /><D5/><U45/><E45/><V60/><F98/><W32/><G65/><T84/><D42/><U67/><E67/><V54/><REACH who="2" step="1"/><F41/><REACH who="2" ten="315,223,282,170" step="2"/><W79/><REACH who="3" step="1"/><G44/><REACH who="3" ten="315,223,282,160" step="2"/><T62/><D101/><U108/><E108/><V94/><F94/><W78/><G78/><T70/><D70/><U134/><E134/><V97/><F97/><W69/><G69/><T122/><D96/><U26/><E47/><V125/><F125/><W135/><G135/><T95/><D95/><U22/><E83/><V92/><F92/><W132/><G132/><T118/><D118/><U82/><E82/><V4/><F4/><W106/><G106/><T102/><D102/><U123/><E123/><V107/><F107/><W99/><G99/><T131/><D122/><U85/><E91/><V104/><F104/><W74/><G74/><T71/><D71/><U39/><E73/><V46/><F46/><W105/><G105/><T111/><D131/><U86/><E86/><V16/><F16/><W6/><G6/><T20/><D111/><U3/><E85/><V66/><F66/><W59/><G59/><T24/><D80/><U12/><E58/><V35/><F35/><W115/><G115/><T17/><D84/><U18/><E112/><V93/><F93/><W37/><G37/><AGARI ba="0,2" hai="1,2,8,10,37,38,52,54,60,63,72,75,120,121" machi="37" ten="25,6400,0" yaku="1,1,22,2,54,1,53,0" doraHai="109" doraHaiUra="11" who="2" fromWho="3" sc="315,0,223,0,282,84,160,-64" /><INIT seed="4,0,0,4,3,16" ten="315,223,366,96" oya="0" hai0="56,57,78,31,55,32,131,17,23,61,59,122,128" hai1="75,7,132,84,130,127,29,25,49,86,43,97,105" hai2="129,30,14,3,79,24,110,76,46,45,4,103,64" hai3="111,70,73,126,12,118,119,42,77,113,80,94,81"/><T72/><D122/><U83/><E75/><V107/><F110/><W48/><G70/><T91/><D91/><U28/><E127/><V40/><F3/><W108/><G42/><T67/><D32/><U100/><E7/><V53/><F53/><W34/><G34/><T0/><D0/><U44/><E130/><N who="0" m="49705" /><D31/><U35/><E132/><V121/><F46/><W52/><G126/><T26/><D67/><U51/><E29/><V60/><F121/><W117/><G113/><T68/><D68/><U41/><E83/><AGARI ba="0,0" hai="17,23,26,55,56,57,59,61,72,78,83" m="49705" machi="83" ten="30,2900,0" yaku="19,1,52,1" doraHai="16" who="0" fromWho="1" sc="315,29,223,-29,366,0,96,0" /><INIT seed="4,1,0,3,0,69" ten="344,194,366,96" oya="0" hai0="133,24,102,27,129,108,60,14,0,15,105,17,70" hai1="112,22,83,111,23,113,26,45,8,81,90,16,100" hai2="10,67,126,19,71,107,101,5,50,110,118,87,40" hai3="7,84,55,54,117,94,74,66,31,127,130,30,103"/><T124/><D105/><U96/><E111/><V98/><F110/><W36/><G117/><T132/><D102/><U39/><E8/><V59/><F126/><W72/><G66/><T28/><D70/><U85/><E23/><V135/><F135/><N who="0" m="51786" /><D60/><U120/><E120/><V97/><F71/><W35/><G7/><T92/><D92/><U43/><REACH who="1" step="1"/><E81/><REACH who="1" ten="344,184,366,96" step="2"/><V18/><F10/><W104/><G35/><T123/><D108/><U61/><E61/><V119/><F118/><W56/><G127/><T38/><D123/><U44/><E44/><V47/><F119/><W114/><G31/><T20/><D124/><U42/><E42/><V115/><F40/><W11/><G30/><T128/><D0/><U89/><E89/><V21/><F47/><W37/><G103/><T91/><D91/><U86/><E86/><V93/><F87/><W33/><G84/><T51/><D20/><U25/><E25/><V131/><F21/><W109/><G109/><T88/><D88/><U46/><E46/><V79/><F101/><W48/><G33/><T58/><D27/><U41/><E41/><V53/><F5/><W122/><G122/><T77/><D24/><U3/><E3/><V52/><F19/><W29/><G29/><T1/><D17/><U32/><E32/><V73/><F18/><W121/><G121/><T125/><D1/><U106/><AGARI ba="1,1" hai="16,22,26,39,43,45,83,85,90,96,100,106,112,113" machi="106" ten="30,8000,1" yaku="1,1,0,1,52,1,54,1,53,1" doraHai="69" doraHaiUra="12" who="1" fromWho="1" sc="344,-41,184,93,366,-21,96,-21" /><INIT seed="5,0,0,3,2,103" ten="303,277,345,75" oya="1" hai0="78,88,57,129,47,13,100,121,55,20,131,106,127" hai1="12,72,46,39,26,102,7,58,132,67,43,60,32" hai2="69,108,28,63,75,41,4,128,42,123,0,77,62" hai3="87,17,105,80,90,23,81,71,45,112,101,68,25"/><U65/><E132/><V84/><F108/><W120/><G112/><T3/><D3/><U31/><E72/><V14/><F123/><W66/><G120/><T107/><D100/><U110/><E110/><V8/><F75/><W6/><G6/><T83/><D121/><U59/><E7/><V130/><F0/><W125/><G125/><T111/><D111/><U98/><E12/><V9/><F9/><W85/><G45/><T16/><D47/><U109/><E109/><V33/><F28/><W37/><G37/><T115/><D88/><U96/><E96/><V79/><F63/><W64/><G64/><T52/><D52/><U34/><E34/><V73/><F73/><W22/><G66/><T27/><D13/><U38/><E65/><N who="2" m="41143" /><F33/><W92/><G92/><T74/><D115/><U82/><E82/><N who="2" m="47183" /><F79/><W18/><G101/><T50/><REACH who="0" step="1"/><D127/><REACH who="0" ten="293,277,345,75" step="2"/><U114/><E114/><V134/><F134/><W19/><G105/><AGARI ba="0,1" hai="16,20,27,50,55,57,74,78,83,105,106,107,129,131" machi="105" ten="40,16000,3" yaku="1,1,2,1,52,3,54,1,53,2" doraHai="103" doraHaiUra="124" who="0" fromWho="3" sc="293,170,277,0,345,0,75,-160" owari="463,56.0,277,-12.0,345,15.0,-85,-59.0" /></mjloggm>