<mjloggm ver="2.3"><GO type="169" lobby="0"/><UN n0="%E3%81%AB%E3%81%A3%E3%81%A1%E3%82%87" n1="%E4%BD%90%E3%80%85%E6%9C%A8%E5%AF%BF%E4%BA%BA%50" n2="%55%74%61%6D%61%78" n3="%E3%81%AA%E3%82%8B%E3%81%9B%E3%81%A7%E3%81%99" dan="17,16,16,16" rate="2190.18,2176.51,2095.94,2124.63" sx="M,M,M,M"/><TAIKYOKU oya="0"/><INIT seed="0,0,0,3,4,57" ten="250,250,250,250" oya="0" hai0="106,39,27,130,75,22,122,59,12,15,1,71,29" hai1="0,96,135,20,110,7,46,93,100,104,128,5,24" hai2="38,35,14,101,99,109,105,26,123,51,119,79,53" hai3="8,90,33,95,42,92,48,50,6,121,45,131,25"/><T31/><D71/><U4/><E110/><V83/><F123/><W115/><G115/><T134/><D39/><U118/><E118/><V2/><F109/><W84/><G131/><T81/><D106/><U52/><E135/><V126/><F2/><W49/><G121/><T133/><D122/><U78/><E128/><V40/><F126/><W63/><G33/><T66/><D1/><U114/><E114/><V37/><F40/><W117/><G117/><T85/><D75/><U86/><E0/><V132/><F132/><N who="0" m="50794" /><D31/><U116/><E116/><V73/><F119/><W47/><G25/><T36/><D36/><U54/><E46/><V103/><F103/><W111/><G111/><T56/><D56/><U11/><E11/><V44/><REACH who="2" step="1"/><F14/><REACH who="2" ten="250,250,240,250" step="2"/><W21/><G42/><T72/><D130/><U112/><E112/><V113/><F113/><W65/><G45/><T89/><D72/><U23/><E104/><V91/><F91/><W64/><G47/><T68/><D68/><U82/><REACH who="1" step="1"/><E23/><REACH who="1" ten="250,240,240,250" step="2"/><V60/><F60/><AGARI ba="0,2" hai="12,15,22,27,29,59,60,66,81,85,89" m="50794" machi="60" ten="30,2900,0" yaku="20,1,52,1" doraHai="57" who="0" fromWho="2" sc="250,49,240,0,240,-29,250,0" /><INIT seed="0,1,0,4,0,24" ten="299,240,211,250" oya="0" hai0="50,58,107,119,114,16,110,133,1,40,96,11,93" hai1="47,84,112,53,22,128,19,15,44,18,106,6,10" hai2="94,88,125,41,42,28,12,68,102,95,67,33,120" hai3="20,92,52,124,111,21,91,49,9,90,89,73,123"/><T14/><D114/><U54/><E112/><V130/><F120/><W46/><G73/><T80/><D119/><U77/><E128/><V98/><F130/><W36/><G123/><T60/><D133/><U113/><E113/><V132/><F132/><W79/><G124/><T39/><D39/><U118/><E106/><V51/><F51/><W71/><G71/><T65/><D107/><U103/><E103/><V131/><F12/><W76/><G36/><T121/><D121/><U3/><E118/><V109/><F131/><W7/><G111/><T64/><D1/><U69/><E69/><V31/><F109/><W83/><G92/><T34/><D34/><U61/><E61/><V70/><F33/><W17/><G83/><T13/><D13/><U29/><E19/><V30/><F125/><W26/><REACH who="3" step="1"/><G21/><REACH who="3" ten="299,240,211,240" step="2"/><T116/><D110/><U63/><E22/><V129/><F129/><W78/><G78/><T48/><D116/><U38/><E77/><V122/><F122/><W55/><G55/><N who="0" m="33887" /><D80/><U5/><E38/><V25/><F70/><W57/><G57/><T86/><D40/><N who="2" m="15466" /><F68/><W2/><AGARI ba="1,1" hai="2,7,9,17,20,26,46,49,52,76,79,89,90,91" machi="2" ten="30,4000,0" yaku="1,1,0,1,54,1,53,0" doraHai="24" doraHaiUra="99" who="3" fromWho="3" sc="299,-21,240,-11,211,-11,240,53" /><INIT seed="1,0,0,4,2,87" ten="278,229,200,293" oya="1" hai0="41,73,13,96,60,17,22,53,97,24,91,38,89" hai1="130,121,21,35,30,68,128,92,72,76,67,7,131" hai2="45,29,47,44,52,9,94,5,103,77,70,135,19" hai3="48,105,108,119,109,20,84,27,107,125,6,1,56"/><U55/><E121/><V110/><F70/><W78/><G119/><T26/><D73/><U37/><E37/><V124/><F135/><W63/><G125/><T8/><D38/><U80/><E21/><V104/><F104/><W15/><G48/><T98/><D41/><U123/><E123/><V25/><F124/><W115/><G115/><T49/><D60/><N who="1" m="40039" /><E55/><V23/><F77/><W64/><G1/><T106/><D106/><U42/><E42/><V132/><F132/><W71/><G71/><T99/><N who="0" m="24576" /><DORA hai="116" /><T59/><REACH who="0" step="1"/><D26/><REACH who="0" ten="268,229,200,293" step="2"/><N who="1" m="18903" /><E7/><AGARI ba="0,1" hai="7,8,13,17,22,24,49,53,59,89,91" m="24576" machi="7" ten="50,12000,2" yaku="1,1,8,1,52,2,53,3" doraHai="87,116" doraHaiUra="85,14" who="0" fromWho="1" sc="268,130,229,-120,200,0,293,0" /><INIT seed="2,0,0,1,3,76" ten="398,109,200,293" oya="2" hai0="60,106,89,20,3,45,19,37,94,93,18,132,44" hai1="46,99,40,75,17,64,32,95,12,81,0,69,129" hai2="124,101,119,88,7,98,111,123,110,22,25,38,107" hai3="84,26,36,113,28,70,35,1,77,66,135,13,27"/><V73/><F38/><W122/><G1/><T4/><D132/><U15/><E0/><V72/><F7/><W39/><G135/><T63/><D106/><U23/><E129/><V133/><F123/><W56/><G122/><T10/><D94/><U87/><E32/><V34/><F34/><W134/><G70/><T49/><D37/><U59/><E75/><V74/><F133/><W6/><G134/><T5/><D5/><U127/><E127/><V109/><F124/><W82/><G113/><T16/><D20/><U112/><E112/><V47/><F47/><W97/><G26/><T105/><D105/><U114/><E114/><V121/><F121/><W42/><G42/><T118/><D45/><U108/><E108/><V2/><F2/><W131/><G131/><T126/><D118/><U102/><E69/><V41/><F41/><W128/><G128/><T8/><D8/><U85/><E85/><V96/><F22/><W115/><G115/><T125/><D125/><U103/><E103/><N who="2" m="62951" /><F25/><W71/><G71/><T52/><REACH who="0" step="1"/><D126/><REACH who="0" ten="388,109,200,293" step="2"/><U57/><E15/><V33/><F119/><W55/><G6/><T43/><D43/><U31/><E31/><V61/><F33/><W130/><G35/><T80/><D80/><U90/><REACH who="1" step="1"/><E64/><REACH who="1" ten="388,99,200,293" step="2"/><V79/><F111/><W14/><G66/><T29/><D29/><U104/><E104/><V116/><F116/><W48/><G130/><T62/><D62/><U92/><E92/><N who="2" m="58567" /><F61/><W83/><G28/><T53/><D53/><U78/><E78/><V21/><F79/><W24/><G77/><T117/><D117/><U51/><AGARI ba="0,2" hai="12,17,23,40,46,51,57,59,81,87,90,95,99,102" machi="51" ten="20,12000,2" yaku="1,1,5,1,0,1,7,1,8,1,52,1,53,0" doraHai="76" doraHaiUra="67" who="1" fromWho="1" sc="388,-30,99,140,200,-60,293,-30" /><INIT seed="3,0,0,3,2,54" ten="358,239,140,263" oya="3" hai0="93,112,97,67,79,64,55,98,131,23,65,5,124" hai1="32,86,94,25,51,33,24,107,0,48,117,66,16" hai2="74,91,40,36,103,75,106,20,77,9,102,17,108" hai3="81,110,45,56,53,47,37,109,119,46,28,41,84"/><W49/><G119/><T115/><D5/><U90/><E117/><V125/><F125/><W89/><G28/><T30/><D79/><U134/><E107/><V6/><F108/><AGARI ba="0,0" hai="37,41,45,46,47,49,53,56,81,84,89,108,109,110" machi="108" ten="40,7700,0" yaku="14,1,10,1,52,1" doraHai="54" who="3" fromWho="2" sc="358,0,239,0,140,-77,263,77" /><INIT seed="3,1,0,4,4,63" ten="358,239,63,340" oya="3" hai0="99,34,8,47,28,20,127,38,29,49,83,51,45" hai1="54,91,3,130,15,53,105,90,128,6,10,103,27" hai2="134,109,77,102,88,113,22,37,13,118,97,73,5" hai3="67,62,14,12,131,87,89,64,80,40,135,56,106"/><W132/><G106/><T43/><D127/><U9/><E103/><V78/><F37/><W121/><G121/><T108/><D108/><U129/><E105/><V95/><F22/><W66/><G40/><T48/><D34/><U85/><E27/><V86/><F13/><N who="3" m="5227" /><G131/><T116/><D116/><U70/><E70/><V24/><F24/><W4/><G4/><T1/><D47/><U25/><E25/><V74/><F5/><W11/><G11/><T0/><D20/><U2/><E91/><V30/><F30/><W17/><G17/><T76/><D99/><U32/><E32/><V59/><F59/><W107/><G107/><T71/><D71/><U111/><E111/><V93/><F118/><W84/><G84/><T41/><D41/><U44/><E44/><V39/><F109/><W81/><G81/><T31/><REACH who="0" step="1"/><D8/><REACH who="0" ten="348,239,63,340" step="2"/><U79/><E10/><V96/><F39/><W123/><G123/><T119/><D119/><U117/><E117/><V72/><F113/><W7/><G7/><T52/><D52/><N who="1" m="20075" /><E79/><N who="2" m="30219" /><F134/><W60/><G56/><T133/><D133/><AGARI ba="1,1" hai="60,62,64,66,67,80,87,89,132,133,135" m="5227" machi="133" ten="30,11600,0" yaku="20,1,52,3" doraHai="63" who="3" fromWho="0" sc="348,-119,239,0,63,0,340,129" /><INIT seed="3,2,0,4,5,70" ten="229,239,63,469" oya="3" hai0="45,22,62,64,58,48,90,15,17,77,29,0,47" hai1="42,83,4,121,13,56,60,81,10,108,101,97,3" hai2="128,71,107,73,28,79,12,116,105,133,132,66,111" hai3="89,125,78,19,69,1,135,92,68,123,114,46,9"/><W7/><G123/><T119/><D119/><U50/><E121/><V5/><F116/><W55/><G114/><T82/><D0/><U117/><E117/><V96/><F111/><W115/><G115/><T103/><D103/><U91/><E108/><V34/><F128/><W23/><G78/><T59/><D29/><U63/><E3/><V18/><F5/><W124/><G135/><N who="2" m="51785" /><F96/><W31/><G31/><T100/><D100/><U85/><E83/><N who="2" m="45551" /><F18/><W24/><G55/><N who="0" m="32103" /><D77/><U104/><E56/><V35/><F12/><W74/><G74/><T130/><D130/><U38/><REACH who="1" step="1"/><E50/><REACH who="1" ten="229,229,63,469" step="2"/><V110/><F110/><W131/><G131/><T122/><D122/><U80/><E80/><V30/><F30/><W6/><G68/><T99/><D82/><U36/><E36/><V86/><F28/><W33/><G69/><T67/><D67/><U113/><E113/><V106/><F66/><W11/><G1/><T93/><AGARI ba="2,1" hai="15,17,22,45,47,59,62,64,90,93,99" m="32103" machi="93" ten="30,1100,0" yaku="8,1" doraHai="70" who="0" fromWho="0" sc="229,27,229,-5,63,-5,469,-7" /><INIT seed="4,0,0,1,2,52" ten="256,224,58,462" oya="0" hai0="113,43,47,36,77,99,120,65,1,84,124,119,129" hai1="41,74,30,102,56,108,5,76,37,88,110,134,13" hai2="42,73,60,104,3,78,96,38,27,40,54,8,123" hai3="49,58,25,0,98,121,44,20,105,117,116,100,22"/><T80/><D119/><U114/><E134/><V59/><F123/><W118/><G121/><T103/><D120/><U29/><E102/><V26/><F42/><W2/><G58/><T21/><D113/><U85/><E76/><V81/><F96/><W46/><G46/><T32/><D32/><U53/><E74/><V39/><F104/><W24/><G22/><T62/><D129/><U45/><E114/><V132/><F132/><W126/><G126/><T19/><D1/><U94/><E110/><V4/><REACH who="2" step="1"/><F39/><REACH who="2" ten="256,224,48,462" step="2"/><W101/><G100/><T79/><D124/><U57/><E108/><V66/><F66/><W86/><G98/><T67/><D67/><U11/><E53/><V61/><F61/><W69/><G105/><T71/><D99/><U28/><AGARI ba="0,1" hai="5,11,13,28,29,30,37,41,45,56,57,85,88,94" machi="28" ten="30,7900,0" yaku="0,1,52,2,54,1" doraHai="52" who="1" fromWho="1" sc="256,-39,224,89,48,-20,462,-20" /><INIT seed="5,0,0,3,0,2" ten="217,313,28,442" oya="1" hai0="102,13,20,129,19,65,96,12,15,82,39,107,75" hai1="60,99,45,36,52,113,115,4,103,24,116,109,81" hai2="34,17,63,64,92,21,126,117,53,44,74,37,30" hai3="90,86,104,48,93,59,100,105,110,69,135,58,101"/><U83/><E116/><V50/><F74/><W43/><G69/><T132/><D129/><U88/><E109/><V18/><F117/><W123/><G123/><T121/><D121/><U79/><E24/><V29/><F34/><W25/><G110/><T111/><D111/><U11/><E36/><V57/><F126/><W125/><G125/><T47/><D132/><U95/><E103/><N who="3" m="39498" /><G105/><T23/><D65/><U27/><E27/><V106/><F106/><W131/><G104/><T28/><D28/><U41/><E41/><V7/><F37/><W67/><G67/><T89/><D23/><U54/><E60/><V14/><F92/><W38/><G38/><T35/><D35/><U130/><E130/><V10/><REACH who="2" step="1"/><F18/><REACH who="2" ten="217,313,18,442" step="2"/><W108/><G108/><T98/><D75/><U134/><E134/><V32/><F32/><W120/><G135/><T118/><D118/><U80/><E115/><V73/><F73/><W77/><G131/><T8/><D39/><U78/><E113/><V122/><F122/><W76/><G120/><T71/><D19/><U9/><E95/><V94/><F94/><W33/><G33/><T51/><D107/><U49/><E83/><V16/><F16/><W84/><G93/><T46/><D82/><U124/><E81/><V66/><F66/><W85/><G25/><AGARI ba="0,1" hai="7,10,14,17,21,25,29,30,44,50,53,57,63,64" machi="25" ten="30,7700,0" yaku="1,1,7,1,8,1,52,1,53,0" doraHai="2" doraHaiUra="119" who="2" fromWho="3" sc="217,0,313,0,18,87,442,-77" /><INIT seed="6,0,0,4,0,23" ten="217,313,105,365" oya="2" hai0="33,110,128,9,95,51,46,61,32,38,29,93,107" hai1="20,64,88,134,45,40,124,63,0,58,75,94,105" hai2="85,22,78,16,102,103,69,71,59,8,17,98,12" hai3="62,117,53,90,7,13,35,97,48,104,44,108,26"/><V86/><F103/><W99/><G117/><T119/><D110/><U77/><E134/><V57/><F69/><W52/><G108/><T49/><D38/><U14/><E124/><V91/><F78/><W80/><G104/><T67/><D119/><U127/><E127/><V100/><F71/><W19/><G7/><T21/><D107/><U41/><E0/><V1/><F1/><W42/><G26/><T82/><D51/><U116/><E105/><V31/><F31/><W109/><G35/><T79/><D9/><U96/><E116/><V131/><F86/><N who="3" m="50503" /><G109/><T123/><D33/><U30/><E75/><V84/><F84/><W113/><G113/><T81/><D32/><U133/><E133/><V24/><F131/><W68/><G68/><T70/><D82/><U27/><E77/><V129/><F129/><W101/><G101/><N who="2" m="39017" /><F98/><N who="3" m="37387" /><G62/><T50/><D128/><U65/><E65/><V118/><F118/><W87/><G87/><T6/><D67/><U39/><E39/><V132/><F132/><W122/><G122/><T106/><D70/><U74/><E74/><V130/><F130/><W83/><G83/><AGARI ba="0,0" hai="8,12,16,17,22,24,57,59,83,85,91" m="39017" machi="83" ten="30,5800,0" yaku="8,1,52,1,54,1" doraHai="23" who="2" fromWho="3" sc="217,0,313,0,105,58,365,-58" /><INIT seed="6,1,0,3,5,67" ten="217,313,163,307" oya="2" hai0="133,135,66,104,102,55,88,25,13,124,24,4,0" hai1="22,107,123,87,72,50,130,120,14,19,17,117,101" hai2="61,36,27,89,45,91,122,32,18,100,84,73,113" hai3="38,97,48,60,53,116,49,11,56,118,51,3,47"/><V127/><F122/><N who="1" m="46633" /><E72/><V12/><F73/><W103/><G3/><T58/><D0/><U83/><E130/><V46/><F127/><W129/><G11/><N who="0" m="4327" /><D66/><U63/><E117/><V90/><F113/><W43/><REACH who="3" step="1"/><G129/><REACH who="3" ten="217,313,163,297" step="2"/><T37/><D133/><U68/><E107/><AGARI ba="1,1" hai="38,43,47,48,49,51,53,56,60,97,103,107,116,118" machi="107" ten="40,2600,0" yaku="1,1,2,1,53,0" doraHai="67" doraHaiUra="106" who="3" fromWho="1" sc="217,0,313,-29,163,0,297,39" /><INIT seed="7,0,0,2,3,31" ten="217,284,163,336" oya="3" hai0="87,69,59,98,23,19,61,1,64,128,0,88,95" hai1="20,35,47,124,7,39,3,129,104,78,73,57,30" hai2="135,17,90,132,28,112,94,12,76,40,63,116,36" hai3="89,71,109,45,52,74,125,8,65,110,22,25,82"/><W11/><G125/><T62/><D128/><U5/><E104/><V70/><F116/><W133/><G133/><T120/><D120/><U14/><E78/><V24/><F76/><W84/><G74/><T41/><D41/><U51/><E73/><V2/><F2/><W46/><G71/><T67/><REACH who="0" step="1"/><D98/><REACH who="0" ten="207,284,163,336" step="2"/><U72/><E129/><V42/><F112/><W131/><G131/><T121/><D121/><U118/><E118/><V130/><F130/><W126/><G110/><T80/><D80/><U48/><E124/><V44/><F42/><W107/><G82/><T16/><D16/><N who="1" m="10263" /><E7/><V103/><F103/><W18/><G109/><T53/><D53/><N who="1" m="31935" /><E39/><V79/><F79/><W29/><G18/><T55/><D55/><N who="1" m="30111" /><E3/><V32/><F70/><W10/><G126/><T13/><AGARI ba="0,1" hai="0,1,13,19,23,59,61,62,64,67,69,87,88,95" machi="13" ten="20,5200,0" yaku="1,1,0,1,7,1,54,1,53,0" doraHai="31" doraHaiUra="101" who="0" fromWho="0" sc="207,62,284,-13,163,-13,336,-26" owari="269,-13.0,271,7.0,150,-35.0,310,41.0" /></mjloggm>