<mjloggm ver="2.3"><GO type="169" lobby="0"/><UN n0="%E6%84%9A%E5%BE%B9" n1="%E7%AF%A0%E4%B9%8B%E4%B9%8B%E7%AE%92" n2="%E3%81%BF%E3%83%BC%E3%81%94%E3%81%BE" n3="%E4%BB%8A%E6%9B%B4" dan="16,17,18,16" rate="2070.15,2153.49,2194.71,2092.99" sx="M,F,F,M"/><TAIKYOKU oya="0"/><INIT seed="0,0,0,0,4,126" ten="250,250,250,250" oya="0" hai0="128,133,106,87,57,108,69,83,97,76,114,51,50" hai1="60,94,77,102,95,101,121,5,93,122,112,12,65" hai2="131,18,88,71,25,119,91,34,55,52,85,4,63" hai3="40,17,115,20,124,29,56,74,130,30,81,58,118"/><T38/><D114/><U86/><E112/><V111/><F111/><W2/><G124/><T13/><D69/><U33/><E33/><V22/><F119/><W8/><G40/><T92/><D38/><U107/><E107/><V109/><F109/><W26/><G118/><T35/><D108/><U31/><E31/><V28/><F4/><W70/><G70/><T47/><D133/><U117/><E117/><V134/><F134/><W82/><G74/><T42/><D35/><U132/><E132/><V61/><F91/><W10/><G2/><T7/><D106/><U80/><E122/><V49/><F71/><W66/><G66/><T68/><D68/><U99/><E121/><V120/><F120/><W125/><G125/><T59/><D51/><U11/><REACH who="1" step="1"/><E102/><REACH who="1" ten="250,240,250,250" step="2"/><V129/><F34/><W116/><G116/><T16/><D7/><U67/><E67/><V15/><F28/><W9/><G115/><T103/><REACH who="0" step="1"/><D128/><REACH who="0" ten="240,240,250,250" step="2"/><U64/><E64/><V1/><F131/><W113/><G130/><T75/><D75/><U89/><E89/><V100/><F129/><W37/><G113/><T36/><D36/><U41/><E41/><V39/><F39/><W44/><G37/><T84/><D84/><U43/><E43/><V0/><F85/><W19/><G30/><T98/><D98/><U27/><E27/><V54/><F88/><W48/><G29/><T62/><D62/><U45/><E45/><N who="2" m="27951" /><F25/><W105/><G105/><T123/><D123/><U23/><E23/><AGARI ba="0,2" hai="13,16,23,42,47,50,57,59,76,83,87,92,97,103" machi="23" ten="30,12000,1" yaku="1,1,7,1,8,1,54,1,53,1" doraHai="126" doraHaiUra="14" who="0" fromWho="1" sc="240,140,240,-120,250,0,250,0" /><INIT seed="0,1,0,4,0,111" ten="380,120,250,250" oya="0" hai0="64,109,105,58,83,66,119,34,16,38,62,19,94" hai1="79,6,22,29,116,86,84,59,72,134,114,74,32" hai2="14,33,73,99,60,112,46,81,24,78,70,93,5" hai3="56,121,104,130,49,135,69,2,128,89,0,17,80"/><T7/><D105/><U10/><E116/><V85/><F46/><W90/><G69/><T122/><D122/><U103/><E32/><V124/><F124/><W129/><G104/><T45/><D119/><U30/><E134/><V13/><F73/><W118/><G118/><T26/><D109/><U77/><E103/><V9/><F112/><W48/><G135/><T110/><D110/><U107/><E107/><V44/><F44/><W36/><G36/><T102/><D7/><U15/><E72/><V71/><F60/><W63/><G17/><T92/><D66/><U1/><E74/><V65/><F65/><W100/><G100/><T18/><D83/><U106/><E106/><V88/><REACH who="2" step="1"/><F14/><REACH who="2" ten="380,120,240,250" step="2"/><W37/><G121/><T76/><D76/><U55/><E77/><V97/><F97/><W133/><G133/><T50/><D38/><U25/><E79/><V4/><F4/><W42/><G37/><T101/><D101/><U3/><E3/><V11/><F11/><W108/><G108/><T91/><D102/><U40/><E1/><V54/><F54/><W123/><G123/><T132/><D132/><U21/><E40/><V12/><F12/><W61/><G42/><N who="0" m="24887" /><D91/><U41/><E41/><V98/><F98/><W75/><G0/><T115/><D115/><U95/><E114/><V68/><F68/><W120/><G2/><T47/><D47/><U27/><REACH who="1" step="1"/><E95/><REACH who="1" ten="380,110,240,250" step="2"/><V96/><F96/><W31/><G120/><T20/><D94/><U87/><E87/><V126/><F126/><W43/><G75/><T52/><D92/><U28/><E28/><AGARI ba="1,2" hai="5,9,13,24,28,33,70,71,78,81,85,88,93,99" machi="28" ten="40,5200,0" yaku="1,1,54,1,53,1" doraHai="111" doraHaiUra="8" who="2" fromWho="1" sc="380,0,110,-55,240,75,250,0" /><INIT seed="1,0,0,4,3,40" ten="380,55,315,250" oya="1" hai0="43,33,69,16,109,102,14,135,50,12,5,32,92" hai1="66,131,95,65,42,120,134,126,49,103,8,18,11" hai2="104,79,133,31,127,44,106,118,96,63,83,89,111" hai3="20,46,60,38,10,30,88,121,114,59,48,97,29"/><U94/><E120/><V22/><F118/><W98/><G38/><T90/><D69/><U78/><E126/><V26/><F127/><W112/><G121/><T6/><D102/><U17/><E131/><V58/><F111/><W0/><G98/><T108/><D135/><U129/><E129/><V87/><F133/><W28/><G20/><T99/><D14/><U123/><E123/><V72/><F96/><W37/><G37/><T84/><D99/><U73/><E73/><V25/><F25/><W35/><G35/><N who="0" m="13387" /><D50/><U53/><E42/><V101/><F101/><W15/><G0/><T19/><D19/><U76/><E103/><V70/><F70/><W124/><G124/><T93/><D93/><U82/><E82/><V52/><REACH who="2" step="1"/><F44/><REACH who="2" ten="380,55,305,250" step="2"/><W91/><G114/><T128/><D128/><U4/><E134/><V39/><F39/><W125/><G112/><T119/><D119/><U64/><E76/><V2/><F2/><W86/><G97/><T105/><D105/><U75/><E78/><V51/><F51/><W77/><G125/><T3/><D3/><U24/><E24/><V1/><F1/><W74/><G77/><T81/><D109/><U41/><E75/><V47/><F47/><W55/><G74/><T61/><D108/><U130/><E130/><V45/><F45/><W13/><G86/><T57/><D84/><U23/><E41/><V7/><F7/><N who="3" m="3295" /><G15/><T107/><D43/><AGARI ba="0,1" hai="28,29,30,43,46,48,55,59,60,88,91" m="3295" machi="43" ten="30,3900,0" yaku="8,1,52,1,54,1" doraHai="40" who="3" fromWho="0" sc="380,-39,55,0,305,0,250,49" /><INIT seed="2,0,0,2,5,107" ten="341,55,305,299" oya="2" hai0="67,113,45,105,42,32,64,51,28,102,88,27,134" hai1="16,31,98,90,50,65,131,5,70,121,123,21,106" hai2="24,114,91,76,49,10,95,92,46,62,97,8,135" hai3="79,57,103,13,36,44,122,26,75,2,22,96,19"/><V41/><F135/><W47/><G2/><T23/><D113/><U58/><E131/><V77/><F114/><W17/><G122/><T18/><D134/><U119/><E119/><V81/><F62/><W115/><G115/><T30/><D105/><U111/><E5/><V133/><F133/><W12/><G36/><T94/><D102/><U48/><E111/><V39/><F39/><W60/><G79/><T68/><D68/><U84/><E31/><N who="0" m="11817" /><D32/><U69/><E69/><V132/><F132/><W0/><G75/><T74/><D74/><U54/><E70/><V127/><F127/><W80/><G80/><T63/><D63/><U3/><E3/><V129/><F129/><W9/><G0/><T101/><D101/><U109/><E109/><V14/><F24/><W120/><G26/><T43/><D43/><U56/><E65/><V89/><F81/><W7/><G7/><T125/><D125/><U87/><E106/><V128/><F128/><W73/><G73/><T33/><D33/><U83/><E98/><AGARI ba="0,0" hai="18,23,27,42,45,51,64,67,88,94,98" m="11817" machi="98" ten="30,2000,0" yaku="8,1,54,1" doraHai="107" who="0" fromWho="1" sc="341,20,55,-20,305,0,299,0" /><INIT seed="3,0,0,4,2,26" ten="361,35,305,299" oya="3" hai0="17,42,128,30,46,7,29,75,1,60,21,27,54" hai1="99,12,19,40,23,114,20,11,83,50,25,77,100" hai2="36,37,48,129,41,93,65,57,56,89,68,35,55" hai3="123,81,122,135,130,80,98,126,118,66,49,47,116"/><W113/><G113/><T64/><D75/><U43/><E114/><V105/><F105/><W70/><G126/><T59/><D128/><U111/><E111/><V110/><F35/><W3/><G3/><T2/><D2/><U120/><E120/><V0/><F0/><W92/><G70/><T28/><D1/><U88/><E50/><N who="2" m="30839" /><F93/><W117/><G66/><T73/><D73/><U97/><E23/><V108/><F89/><W18/><G18/><T86/><D7/><U104/><E77/><V5/><F5/><W72/><G130/><T112/><D112/><U13/><E13/><V87/><F87/><W84/><G135/><T32/><D86/><U76/><E76/><V9/><F9/><W31/><G31/><T44/><D64/><U63/><E63/><N who="2" m="39999" /><F129/><W127/><G127/><T101/><D101/><U106/><E106/><V38/><F41/><W33/><G33/><T34/><D42/><U16/><REACH who="1" step="1"/><E83/><REACH who="1" ten="361,25,305,299" step="2"/><V22/><F22/><W119/><G80/><T85/><D34/><U115/><E115/><V125/><F125/><W131/><G72/><T52/><D32/><U90/><E90/><V82/><F82/><W45/><G131/><T24/><D24/><U132/><E132/><V134/><F134/><W74/><G74/><T69/><D69/><U94/><AGARI ba="0,1" hai="11,12,16,19,20,25,40,43,88,94,97,99,100,104" machi="94" ten="30,7900,0" yaku="1,1,0,1,54,2,53,0" doraHai="26" doraHaiUra="78" who="1" fromWho="1" sc="361,-20,25,89,305,-20,299,-39" /><INIT seed="4,0,0,2,0,61" ten="341,114,285,260" oya="0" hai0="128,107,114,88,41,2,82,119,53,48,26,102,15" hai1="125,90,56,108,13,78,37,17,109,74,35,57,95" hai2="96,58,106,46,31,6,73,104,112,87,14,38,131" hai3="77,42,124,103,85,12,110,98,118,70,45,111,115"/><T83/><D2/><U59/><E37/><V55/><F73/><W133/><G118/><T126/><D119/><U93/><E35/><V64/><F131/><W1/><G1/><T44/><D114/><U47/><E125/><V94/><F112/><W97/><G124/><T22/><D126/><U7/><E7/><V123/><F123/><W52/><G115/><T60/><D128/><U72/><E47/><V129/><F129/><W132/><G70/><T81/><D107/><U28/><E28/><V113/><F113/><W62/><G12/><T127/><D102/><U105/><E105/><V11/><F87/><W120/><G120/><T32/><D32/><U116/><E116/><V92/><F31/><W43/><G77/><T135/><D135/><N who="3" m="51785" /><G85/><N who="0" m="50223" /><D15/><U80/><E74/><V36/><F36/><W122/><G122/><T51/><D60/><U69/><E69/><V66/><F106/><W8/><G8/><T30/><D127/><U9/><REACH who="1" step="1"/><E93/><REACH who="1" ten="341,104,285,260" step="2"/><V75/><F75/><W99/><G103/><T121/><D121/><U16/><E16/><V39/><F104/><W24/><G111/><T5/><D5/><U34/><E34/><V84/><F94/><W101/><G101/><T49/><D41/><U63/><E63/><V67/><F46/><W19/><G110/><T91/><D83/><U76/><E76/><V3/><F3/><W4/><G4/><T89/><D82/><U20/><E20/><V100/><REACH who="2" step="1"/><F84/><AGARI ba="0,1" hai="9,13,17,56,57,59,72,78,80,84,90,95,108,109" machi="84" ten="40,1300,0" yaku="1,1,53,0" doraHai="61" doraHaiUra="0" who="1" fromWho="2" sc="341,0,104,23,285,-13,260,0" /><INIT seed="5,0,0,5,5,9" ten="341,127,272,260" oya="1" hai0="70,122,51,85,15,125,89,98,59,127,49,126,67" hai1="57,55,105,71,123,61,124,97,37,83,93,128,35" hai2="94,6,106,45,120,68,116,36,17,129,90,133,14" hai3="20,64,43,11,44,117,25,110,96,41,3,22,18"/><U95/><E35/><V75/><F120/><W73/><G110/><T132/><D98/><U47/><E123/><V134/><F116/><W62/><G73/><T7/><D70/><U13/><E124/><V31/><F106/><W26/><G3/><T119/><D119/><U103/><E128/><V4/><F75/><W121/><G121/><T2/><D2/><U104/><E104/><V77/><F77/><W81/><G11/><N who="0" m="4607" /><D132/><N who="2" m="50794" /><F31/><W40/><G81/><N who="0" m="49327" /><D122/><U46/><E71/><V48/><F36/><W72/><G72/><T101/><D101/><U24/><E24/><V60/><F60/><AGARI ba="0,0" hai="49,51,59,60,67,125,126,127" m="49327,4607" machi="60" ten="30,2000,0" yaku="18,1,52,1" doraHai="9" who="0" fromWho="2" sc="341,20,127,0,272,-20,260,0" /><INIT seed="6,0,0,0,4,29" ten="361,127,252,260" oya="2" hai0="72,89,84,32,134,68,81,12,70,60,6,50,110" hai1="92,40,119,46,56,106,108,79,135,96,59,45,128" hai2="52,105,31,7,97,0,82,122,5,43,53,35,71" hai3="65,4,103,41,93,54,22,114,20,15,94,1,38"/><V66/><F122/><W27/><G65/><T75/><D110/><U101/><E119/><V63/><F43/><W73/><G73/><T130/><D130/><U17/><E108/><V49/><F82/><W120/><G120/><T118/><D134/><U64/><E128/><V69/><F69/><W91/><G1/><T133/><D133/><U11/><E135/><V123/><F123/><W48/><G41/><T85/><D32/><U109/><E109/><V129/><F0/><W111/><G114/><T86/><D118/><U87/><E64/><V104/><F104/><W76/><G38/><T18/><D6/><U33/><E33/><V90/><F53/><W16/><G76/><T8/><D60/><U44/><E40/><V30/><F30/><W132/><G111/><T61/><D61/><U37/><E37/><V24/><F129/><W36/><G36/><T125/><D125/><U100/><E100/><N who="2" m="62607" /><F90/><W121/><G121/><T42/><D75/><U10/><E106/><V47/><AGARI ba="0,0" hai="5,7,24,31,35,47,49,52,63,66,71" m="62607" machi="47" ten="30,6000,0" yaku="25,1,52,1,54,1" doraHai="29" who="2" fromWho="2" sc="361,-20,127,-20,252,60,260,-20" /><INIT seed="6,1,0,0,0,135" ten="341,107,312,240" oya="2" hai0="11,104,57,70,94,64,6,47,91,31,87,81,126" hai1="65,35,42,60,96,105,71,113,18,130,53,86,99" hai2="17,23,16,85,117,20,43,32,58,66,78,52,69" hai3="27,72,29,48,98,22,111,44,2,59,61,123,7"/><V121/><F121/><W13/><G111/><T131/><D131/><U89/><E130/><V92/><F117/><W63/><G72/><T74/><D70/><U49/><E42/><V114/><F114/><W73/><G73/><T0/><D31/><U109/><E109/><V41/><F32/><W54/><G2/><T46/><D104/><U128/><E128/><V1/><F1/><W83/><G123/><T40/><D126/><U75/><E75/><V55/><F69/><W82/><G98/><T107/><D107/><U26/><E113/><V38/><F66/><W84/><G63/><T108/><D108/><U129/><E129/><V37/><F78/><W80/><G13/><T9/><D9/><U8/><E8/><V62/><F37/><W90/><REACH who="3" step="1"/><G7/><REACH who="3" ten="341,107,312,230" step="2"/><T115/><D115/><U134/><E99/><V101/><F62/><W24/><G24/><T10/><D6/><U77/><E96/><V125/><F85/><W100/><G100/><T12/><D12/><U51/><E105/><V106/><F101/><W124/><G124/><T79/><D0/><U76/><E26/><V132/><F106/><W133/><G133/><T50/><D74/><U88/><E86/><V122/><F132/><W33/><G33/><T15/><D15/><U45/><E134/><V4/><F125/><W19/><G19/><T118/><D87/><U5/><E18/><V119/><F4/><W21/><G21/><T93/><D11/><U95/><E5/><V30/><F122/><W14/><G14/><T68/><D10/><U127/><E127/><V67/><F17/><W56/><G56/><RYUUKYOKU ba="1,1" sc="341,-10,107,-10,312,-10,230,30" hai3="22,27,29,44,48,54,59,61,80,82,83,84,90" /><INIT seed="7,2,1,2,1,95" ten="331,97,302,260" oya="3" hai0="121,25,27,54,76,119,66,79,93,80,5,112,51" hai1="0,82,44,87,97,29,131,129,114,41,24,128,40" hai2="28,2,12,78,88,39,118,77,64,89,53,90,70" hai3="130,14,125,65,83,67,81,45,106,98,71,36,34"/><W84/><G125/><T19/><D119/><U72/><E0/><V103/><F118/><W47/><G130/><T61/><D121/><U104/><E114/><V69/><F2/><W127/><G127/><T1/><D112/><U100/><E72/><V62/><F39/><W52/><G34/><T99/><D5/><U26/><E41/><V74/><F74/><W32/><G32/><T4/><D4/><U15/><E15/><V35/><F70/><W120/><G120/><T60/><D1/><U9/><E9/><V57/><F12/><W123/><G123/><T8/><D8/><U55/><E55/><V46/><F103/><W96/><G106/><T68/><D61/><U108/><E108/><V124/><F46/><N who="3" m="17419" /><G71/><T113/><D19/><U17/><E17/><V135/><F124/><W10/><G36/><T48/><D79/><U38/><REACH who="1" step="1"/><E29/><REACH who="1" ten="331,87,302,260" step="2"/><V3/><F3/><W110/><G52/><T43/><D54/><U85/><E85/><V7/><F7/><W115/><G110/><T132/><D43/><U73/><E73/><V42/><F42/><W117/><G115/><T22/><D113/><U116/><E116/><V94/><F94/><W109/><G109/><T111/><D111/><U30/><E30/><V75/><F75/><W16/><G117/><T134/><D134/><U13/><E13/><V107/><F135/><W18/><G18/><N who="0" m="12503" /><D132/><U33/><E33/><V133/><F133/><W20/><G10/><T105/><D27/><U63/><E63/><N who="2" m="36271" /><F107/><W92/><G92/><T91/><D105/><U21/><E21/><V101/><F101/><W50/><G84/><AGARI ba="2,2" hai="48,51,60,66,68,76,80,84,91,93,99" m="12503" machi="84" ten="30,2000,0" yaku="6,1,52,1" doraHai="95" who="0" fromWho="3" sc="331,46,87,0,302,0,260,-26" owari="377,48.0,87,-41.0,302,10.0,234,-17.0" /></mjloggm>