<mjloggm ver="2.3"><GO type="169" lobby="0"/><UN n0="%4E%41%4F%59%41%31%30%35" n1="%E3%82%AC%E3%83%AB%E3%81%8A%E3%81%98%E3%83%9F%E3%82%AD" n2="%73%7A%2E%64%31" n3="%E3%83%8A%E3%82%B4%E3%83%A0" dan="18,16,16,16" rate="2206.08,2063.59,2086.19,2161.25" sx="M,M,M,M"/><TAIKYOKU oya="0"/><INIT seed="0,0,0,3,1,43" ten="250,250,250,250" oya="0" hai0="85,25,18,59,11,83,33,104,37,20,87,57,42" hai1="55,94,96,32,21,72,89,22,24,12,15,80,134" hai2="66,48,133,28,10,46,39,30,93,78,99,2,97" hai3="53,60,126,71,34,29,1,45,26,9,40,67,111"/><T0/><D104/><U16/><E134/><V75/><F39/><W58/><G111/><T5/><D87/><U119/><E119/><V14/><F66/><W62/><G126/><T106/><D106/><U36/><E36/><V52/><F2/><W129/><G129/><T124/><D124/><U73/><E32/><V76/><F133/><W135/><G135/><T113/><D113/><U69/><E69/><V81/><F99/><W107/><G107/><T123/><D123/><U31/><E80/><V49/><F48/><W121/><G121/><T79/><REACH who="0" step="1"/><D33/><REACH who="0" ten="240,250,250,250" step="2"/><U23/><REACH who="1" step="1"/><E55/><REACH who="1" ten="240,240,250,250" step="2"/><V6/><F76/><W109/><G109/><T112/><D112/><U114/><E114/><V38/><F38/><W65/><G34/><T41/><D41/><U4/><E4/><V120/><F120/><W3/><G53/><T115/><D115/><U27/><E27/><V95/><F95/><W117/><G26/><T13/><D13/><U98/><E98/><V7/><F7/><W122/><G3/><T105/><D105/><U74/><E74/><V47/><F93/><W116/><G1/><T54/><D54/><U70/><E70/><V128/><F97/><W100/><G122/><T125/><D125/><U130/><E130/><V61/><F128/><W35/><G35/><T103/><D103/><U19/><AGARI ba="0,2" hai="12,15,16,19,21,22,23,24,31,72,73,89,94,96" machi="19" ten="30,7900,0" yaku="1,1,0,1,9,1,54,1,53,0" doraHai="43" doraHaiUra="77" who="1" fromWho="1" sc="240,-39,240,99,250,-20,250,-20" /><INIT seed="1,0,0,2,5,25" ten="201,339,230,230" oya="1" hai0="126,94,24,113,52,18,80,29,135,55,51,56,104" hai1="6,97,43,119,114,62,90,111,102,54,17,100,5" hai2="70,87,22,107,23,14,129,123,116,37,11,13,86" hai3="81,7,108,65,98,53,21,61,10,68,39,109,71"/><U3/><E119/><V83/><F116/><W105/><G71/><T122/><D113/><U15/><E114/><V60/><F123/><W96/><G39/><T131/><D122/><U63/><E43/><V84/><F129/><W127/><G127/><T125/><D131/><U20/><E111/><N who="3" m="42570" /><G105/><T41/><D135/><U133/><E3/><V134/><F107/><W31/><G53/><T49/><D104/><U8/><E133/><V74/><F37/><W34/><G21/><T72/><D41/><U66/><E54/><V44/><F44/><W30/><G81/><T1/><D1/><U110/><E110/><V2/><F74/><W85/><G85/><T128/><D94/><N who="1" m="56535" /><E66/><V89/><F2/><N who="3" m="375" /><G34/><T47/><D128/><U112/><E112/><V73/><F73/><W4/><G4/><N who="1" m="1642" /><E20/><V57/><F134/><W130/><G130/><T33/><REACH who="0" step="1"/><D18/><REACH who="0" ten="191,339,230,230" step="2"/><U132/><E132/><V35/><F83/><W99/><AGARI ba="0,1" hai="30,31,61,65,68,96,98,99" m="375,42570" machi="99" ten="30,4000,0" yaku="14,1,52,2" doraHai="25" who="3" fromWho="3" sc="191,-10,339,-20,230,-10,230,50" /><INIT seed="2,0,0,4,2,55" ten="181,319,220,280" oya="2" hai0="73,32,129,69,75,92,104,6,57,54,108,36,103" hai1="81,109,70,111,2,43,90,47,86,8,16,121,9" hai2="94,1,102,39,27,59,58,53,44,135,60,134,105" hai3="115,63,131,83,88,117,130,107,50,96,11,48,62"/><V12/><F1/><W78/><G117/><T15/><D108/><N who="1" m="41547" /><E70/><V49/><F105/><W87/><G115/><T84/><D129/><N who="3" m="49161" /><G11/><T5/><D69/><U56/><E2/><V14/><F27/><W97/><G97/><T46/><D32/><U29/><E29/><V52/><F102/><N who="3" m="62919" /><G78/><T65/><D104/><U17/><E121/><V76/><F76/><W99/><G99/><T28/><D103/><U89/><E89/><V79/><F79/><W133/><G133/><N who="2" m="50697" /><F94/><W120/><G120/><T35/><D92/><U82/><E82/><V19/><F19/><W128/><N who="3" m="49169" /><W98/><DORA hai="34" /><G98/><T26/><D84/><U127/><E127/><V45/><F39/><W124/><G124/><T125/><D125/><U68/><E9/><V119/><F119/><W51/><AGARI ba="0,0" hai="48,50,51,62,63,83,87,88" m="62919,49169" machi="51" ten="50,3200,0" yaku="19,1,54,1" doraHai="55,34" who="3" fromWho="3" sc="181,-8,319,-8,220,-16,280,32" /><INIT seed="3,0,0,2,4,59" ten="173,311,204,312" oya="3" hai0="80,28,99,77,71,79,101,116,95,12,14,67,7" hai1="125,100,52,31,5,4,16,61,82,73,30,6,49" hai2="72,2,27,48,87,93,58,111,134,128,47,69,29" hai3="91,94,26,112,63,102,121,51,113,131,22,15,57"/><W8/><G131/><T38/><D116/><U78/><E125/><V110/><F2/><W19/><G121/><T39/><D28/><U135/><E100/><V33/><F72/><W36/><G51/><T132/><D132/><U66/><E135/><V127/><F134/><W18/><G102/><T25/><D25/><U74/><E74/><V0/><F0/><W92/><G36/><T126/><D126/><U60/><E16/><V118/><F118/><W40/><G40/><T109/><D109/><U107/><E107/><V123/><F69/><W13/><G13/><T90/><D79/><U35/><E35/><V129/><F58/><W45/><G45/><T88/><D39/><U104/><E104/><V17/><F17/><W105/><G94/><T96/><D90/><U75/><E75/><V62/><F123/><W10/><G105/><T89/><D89/><U53/><E66/><V117/><F127/><W34/><G34/><T81/><D81/><U54/><REACH who="1" step="1"/><E49/><REACH who="1" ten="173,301,204,312" step="2"/><V21/><F33/><W97/><REACH who="3" step="1"/><G10/><REACH who="3" ten="173,301,204,302" step="2"/><T56/><D38/><U43/><E43/><V122/><F122/><W9/><G9/><T68/><D101/><U50/><E50/><V37/><F37/><W83/><G83/><T64/><D80/><U24/><E24/><V41/><F128/><W120/><G120/><T1/><D12/><U124/><E124/><V86/><F129/><W85/><G85/><T46/><D14/><U98/><E98/><V42/><F117/><W20/><G20/><T106/><D99/><U65/><E65/><AGARI ba="0,2" hai="8,15,18,19,22,26,57,63,65,91,92,97,112,113" machi="65" ten="30,12000,1" yaku="1,1,7,1,52,1,53,2" doraHai="59" doraHaiUra="108" who="3" fromWho="1" sc="173,0,301,-120,204,0,302,140" /><INIT seed="3,1,0,0,4,76" ten="173,181,204,442" oya="3" hai0="114,32,74,53,3,20,109,94,96,23,65,111,68" hai1="45,61,30,51,83,66,101,77,46,22,129,37,31" hai2="107,1,90,133,49,10,85,86,4,25,67,28,79" hai3="38,55,50,134,57,0,128,132,6,48,130,17,82"/><W5/><G38/><T2/><D32/><U64/><E129/><N who="3" m="49770" /><G17/><T95/><D74/><U126/><E126/><V35/><F133/><N who="3" m="51307" /><G0/><T80/><D114/><U123/><E123/><V122/><F67/><W41/><G41/><T100/><D53/><U110/><E110/><V93/><F49/><W87/><G50/><T108/><D95/><U43/><E101/><V89/><F107/><W15/><G15/><T40/><D40/><U11/><E11/><V124/><F122/><W98/><G98/><T34/><D34/><U105/><E105/><V120/><F120/><W52/><G55/><T104/><D104/><U81/><E77/><AGARI ba="1,0" hai="5,6,48,52,57,77,82,87" m="51307,49770" machi="77" ten="30,11600,0" yaku="19,1,20,1,52,1,54,1" doraHai="76" who="3" fromWho="1" sc="173,0,181,-119,204,0,442,119" /><INIT seed="3,2,0,5,2,65" ten="173,62,204,561" oya="3" hai0="0,121,41,76,60,113,89,55,90,32,112,110,70" hai1="39,47,130,102,72,79,58,27,127,84,29,66,26" hai2="11,118,20,87,17,22,68,37,48,91,132,129,101" hai3="14,38,12,7,64,86,74,63,4,3,16,53,133"/><W13/><G74/><T126/><D121/><U57/><E72/><V33/><F37/><W80/><G38/><T51/><D110/><U120/><E120/><V35/><F118/><W50/><G133/><T81/><D126/><U78/><E127/><V114/><F129/><W67/><G3/><T108/><D108/><U46/><E130/><V131/><F131/><W31/><G31/><T73/><D32/><U19/><E102/><V34/><F101/><W94/><G94/><T75/><D41/><U115/><E115/><N who="0" m="44105" /><D0/><U36/><E84/><V8/><F132/><W105/><G105/><T6/><D6/><U135/><E66/><V54/><F68/><W69/><G67/><N who="0" m="41319" /><D75/><U10/><E10/><V49/><F114/><W88/><REACH who="3" step="1"/><G16/><REACH who="3" ten="173,62,204,551" step="2"/><T15/><D15/><U128/><E128/><V95/><BYE who="1" /><F17/><W45/><AGARI ba="2,1" hai="4,7,12,13,14,45,50,53,63,64,69,80,86,88" machi="45" ten="30,12000,1" yaku="1,1,2,1,0,1,52,1,54,1,53,0" doraHai="65" doraHaiUra="96" who="3" fromWho="3" sc="173,-42,62,-42,204,-42,551,136" /><INIT seed="3,3,0,2,0,63" ten="131,20,162,687" oya="3" hai0="15,5,9,128,34,30,99,46,66,32,135,113,103" hai1="13,72,40,117,69,19,7,118,74,71,132,110,33" hai2="73,80,44,131,87,64,79,29,98,115,26,1,112" hai3="91,122,37,92,6,75,55,126,41,97,48,86,68"/><W47/><G126/><UN n1="%E3%82%AC%E3%83%AB%E3%81%8A%E3%81%98%E3%83%9F%E3%82%AD" /><T42/><D128/><U106/><E106/><V36/><F131/><W62/><G122/><T83/><D135/><U60/><E33/><V57/><F98/><W49/><G75/><T77/><D113/><U125/><E125/><V14/><F87/><W43/><G6/><T96/><D30/><U61/><E7/><V58/><F14/><W35/><G35/><T76/><D99/><U88/><E40/><V65/><F1/><W70/><G43/><T10/><D10/><U121/><E121/><V59/><F44/><W39/><G62/><T105/><D66/><U28/><E28/><V123/><F36/><W20/><G70/><T24/><D77/><U85/><E132/><V12/><F12/><W38/><G68/><T18/><D24/><U17/><E13/><V102/><F102/><W89/><G20/><T127/><D18/><U3/><E85/><V11/><F11/><W21/><G21/><T124/><D124/><U23/><E23/><V84/><F73/><W8/><G8/><T114/><D114/><U54/><E54/><V50/><F123/><W78/><G78/><T4/><D4/><U93/><E93/><V111/><F111/><W0/><G0/><T25/><D25/><U67/><E88/><V52/><F112/><W116/><G116/><T108/><D108/><U16/><E19/><V22/><F115/><W101/><REACH who="3" step="1"/><G86/><REACH who="3" ten="131,20,162,677" step="2"/><N who="0" m="48487" /><D127/><U109/><E3/><V134/><F134/><W90/><G90/><T53/><D42/><U94/><E94/><V27/><F26/><W100/><G100/><T119/><D119/><U120/><E120/><RYUUKYOKU ba="3,1" sc="131,0,20,0,162,0,677,0" hai0="5,9,15,32,34,46,53,96,103,105" hai1="16,17,60,61,67,69,71,72,74,109,110,117,118" hai2="22,27,29,50,52,57,58,59,64,65,79,80,84" hai3="37,38,39,41,47,48,49,55,89,91,92,97,101" /><INIT seed="3,4,1,1,1,129" ten="131,20,162,677" oya="3" hai0="7,45,112,54,117,61,50,78,125,118,59,64,41" hai1="23,71,68,132,76,35,90,48,126,82,102,87,74" hai2="3,44,37,38,67,109,104,39,47,52,14,96,121" hai3="34,120,85,94,28,98,20,131,0,122,119,12,57"/><W77/><G0/><T106/><D106/><U113/><E35/><V62/><F121/><W25/><G119/><N who="0" m="45579" /><D78/><U42/><E113/><V99/><F3/><W97/><G131/><T107/><D7/><U115/><E115/><V56/><F109/><W8/><G34/><T73/><D107/><U55/><E126/><V133/><F104/><W86/><G98/><T103/><D103/><U65/><E42/><V92/><F96/><W88/><G57/><N who="0" m="36911" /><D73/><U46/><E102/><V58/><F14/><W10/><G10/><T134/><D112/><U70/><E23/><V22/><F22/><W43/><G43/><T36/><D134/><U135/><REACH who="1" step="1"/><E65/><REACH who="1" ten="131,10,162,677" step="2"/><V128/><F128/><W27/><G122/><T29/><D125/><U84/><E84/><V4/><F133/><W1/><G120/><T95/><D29/><U105/><E105/><V116/><F116/><W5/><G77/><T31/><D31/><U80/><AGARI ba="4,2" hai="46,48,55,68,70,71,74,76,80,82,87,90,132,135" machi="80" ten="40,8000,1" yaku="1,1,0,1,52,2,53,0" doraHai="129" doraHaiUra="21" who="1" fromWho="1" sc="131,-24,10,112,162,-24,677,-44" /><INIT seed="4,0,0,5,1,10" ten="107,122,138,633" oya="0" hai0="43,51,80,85,98,95,21,53,57,52,90,38,60" hai1="111,84,22,103,77,1,89,66,118,97,30,113,2" hai2="20,28,109,72,12,63,9,71,8,81,14,40,115" hai3="26,7,88,11,131,126,24,108,124,36,114,27,86"/><T96/><D38/><U39/><E118/><V33/><F109/><W3/><G108/><T106/><D106/><U29/><E111/><V119/><F119/><W56/><G114/><T117/><D117/><U73/><E39/><V69/><F115/><W49/><G36/><T0/><D0/><U116/><E116/><V61/><F40/><W25/><G131/><T87/><D43/><U54/><E66/><V102/><F102/><W17/><G56/><T122/><D21/><U6/><E6/><V75/><F20/><W46/><G49/><T76/><REACH who="0" step="1"/><D122/><REACH who="0" ten="97,122,138,633" step="2"/><U48/><E113/><V121/><F121/><W134/><G3/><T58/><AGARI ba="0,1" hai="51,52,53,57,58,60,76,80,85,87,90,95,96,98" machi="58" ten="20,18000,2" yaku="1,1,2,1,0,1,7,1,8,1,54,1,53,0" doraHai="10" doraHaiUra="101" who="0" fromWho="0" sc="97,190,122,-60,138,-60,633,-60" /><INIT seed="4,1,0,5,0,74" ten="287,62,78,573" oya="0" hai0="53,115,13,99,55,128,91,123,5,114,83,110,135" hai1="101,134,130,75,18,102,20,27,69,61,94,97,133" hai2="63,105,116,124,72,3,98,118,37,22,50,84,111" hai3="43,125,71,46,41,68,131,106,80,121,8,39,0"/><T26/><D123/><U66/><E130/><V12/><F3/><W7/><G106/><T59/><D128/><U31/><E75/><V32/><F37/><W88/><G131/><T109/><D135/><U85/><E102/><V122/><F32/><W35/><G35/><T132/><D132/><U113/><E113/><N who="0" m="43017" /><D26/><U119/><E119/><V73/><F111/><N who="0" m="42506" /><D59/><U77/><REACH who="1" step="1"/><E31/><REACH who="1" ten="287,52,78,573" step="2"/><V25/><F116/><W112/><G112/><T93/><D83/><AGARI ba="1,1" hai="18,20,27,61,66,69,77,83,85,94,97,101,133,134" machi="83" ten="40,5200,0" yaku="1,1,2,1,52,1,53,0" doraHai="74" doraHaiUra="10" who="1" fromWho="0" sc="287,-55,52,65,78,0,573,0" /><INIT seed="5,0,0,1,3,18" ten="232,117,78,573" oya="1" hai0="24,50,67,12,41,49,117,105,43,31,108,109,74" hai1="46,125,15,29,100,84,69,70,102,42,68,51,20" hai2="134,66,94,83,78,91,112,103,82,1,81,126,107" hai3="114,40,101,10,5,9,127,89,48,110,131,71,72"/><U55/><E125/><V76/><F1/><W135/><G89/><T77/><D117/><U132/><E132/><V44/><F134/><W0/><G48/><T122/><D105/><U113/><E113/><V8/><F44/><W36/><G10/><T2/><D2/><U88/><E15/><V6/><F66/><W87/><G87/><T111/><D122/><U121/><E121/><V64/><F64/><W21/><G21/><T32/><D67/><U35/><E35/><V7/><F8/><W79/><G40/><T86/><D74/><U80/><REACH who="1" step="1"/><E42/><REACH who="1" ten="232,107,78,573" step="2"/><V129/><F112/><W128/><G114/><T62/><D41/><U17/><E17/><V93/><F126/><W25/><G127/><T120/><D43/><U47/><E47/><V28/><F28/><W119/><G119/><T37/><D120/><U98/><E98/><N who="2" m="61943" /><F6/><W27/><G135/><T39/><D31/><U4/><E4/><V65/><F7/><W59/><G5/><T14/><D32/><U58/><E58/><V57/><F57/><W124/><G59/><T34/><D34/><U16/><E16/><V118/><F118/><W54/><G124/><T63/><D14/><U123/><E123/><V92/><F65/><W75/><G0/><T115/><D12/><U60/><E60/><V26/><F26/><AGARI ba="0,1" hai="20,26,29,46,51,55,68,69,70,80,84,88,100,102" machi="26" ten="40,7700,0" yaku="1,1,52,1,54,1,53,0" doraHai="18" doraHaiUra="56" who="1" fromWho="2" sc="232,0,107,87,78,-77,573,0" /><INIT seed="5,1,0,3,0,106" ten="232,194,1,573" oya="1" hai0="110,82,45,134,27,111,3,115,50,15,20,0,123" hai1="63,9,28,52,98,24,83,67,97,55,57,75,80" hai2="14,96,22,65,116,130,31,6,7,44,48,133,8" hai3="41,13,1,68,119,135,118,122,34,109,100,23,25"/><U59/><E9/><V18/><F133/><W36/><G100/><T76/><D134/><U53/><E59/><V35/><F116/><W127/><G23/><T62/><D115/><U117/><E117/><V19/><F130/><W103/><G13/><T104/><D104/><U125/><E125/><V26/><F65/><W88/><G88/><T112/><D112/><U56/><E56/><V89/><F89/><W95/><G95/><T54/><D123/><U42/><E42/><V70/><F96/><W12/><G12/><T78/><D15/><U43/><E43/><V128/><F70/><W131/><G103/><T105/><D105/><U51/><E51/><V94/><F94/><W47/><G25/><T93/><D93/><U38/><E38/><V81/><F128/><W71/><G47/><T49/><D62/><U129/><E129/><V32/><F81/><W5/><G5/><N who="2" m="1545" /><F48/><W72/><G41/><T64/><D64/><U66/><E66/><V85/><F85/><W69/><G68/><T40/><D78/><U33/><REACH who="1" step="1"/><E83/><REACH who="1" ten="232,184,1,573" step="2"/><V77/><F44/><W2/><G71/><T107/><D40/><U79/><AGARI ba="1,1" hai="24,28,33,52,53,55,57,63,67,75,79,80,97,98" machi="79" ten="30,12000,1" yaku="1,1,2,1,0,1,52,1,54,1,53,0" doraHai="106" doraHaiUra="124" who="1" fromWho="1" sc="232,-41,184,133,1,-41,573,-41" owari="191,-21.0,317,12.0,-40,-54.0,532,63.0" /></mjloggm>