<mjloggm ver="2.3"><GO type="169" lobby="0"/><UN n0="%E3%81%AC%E3%81%8F%E3%82%82%E3%82%8A" n1="%E5%A4%A9%E7%A9%BA%E9%BE%8D" n2="%E3%81%8B%E3%81%B0%E3%82%84%E3%81%8D%E3%82%89%E3%81%8F%E3%81%A0" n3="%E3%82%82%E3%81%93%E3%81%BF" dan="17,16,17,16" rate="2172.37,2071.21,2106.34,2087.58" sx="M,M,M,M"/><TAIKYOKU oya="0"/><INIT seed="0,0,0,5,3,63" ten="250,250,250,250" oya="0" hai0="102,53,10,30,112,4,51,66,97,24,101,105,82" hai1="124,49,129,3,113,125,123,46,58,42,122,41,104" hai2="6,0,17,34,72,9,90,106,64,22,132,95,88" hai3="56,87,31,8,85,32,29,27,109,73,114,25,26"/><T126/><D126/><N who="1" m="48747" /><E3/><V14/><F106/><W96/><G109/><T1/><D112/><U133/><E104/><V47/><F72/><W54/><G114/><T89/><D101/><U12/><E113/><V20/><F132/><W118/><G118/><T93/><D82/><U92/><E133/><V16/><F34/><W74/><G96/><T80/><D80/><U48/><E92/><V81/><F64/><W44/><G44/><T65/><D102/><U115/><E12/><V128/><F128/><W78/><G8/><T23/><REACH who="0" step="1"/><D105/><REACH who="0" ten="240,250,250,250" step="2"/><U135/><E115/><V76/><F95/><W40/><G73/><T60/><D60/><U79/><E135/><V67/><F81/><W52/><G74/><T69/><D69/><U108/><E79/><V121/><F76/><W127/><G127/><T62/><D62/><U36/><E129/><V38/><F121/><W50/><G78/><T37/><D37/><U33/><E108/><V110/><F110/><W84/><G40/><T19/><D19/><U111/><E111/><V61/><F38/><W5/><G5/><T18/><D18/><U68/><E68/><V99/><F17/><W71/><G71/><T13/><D13/><U70/><E70/><V43/><F14/><W75/><G75/><T83/><D83/><U35/><E123/><V98/><F16/><W117/><G117/><T131/><D131/><U39/><E122/><V107/><F61/><N who="3" m="35975" /><G32/><T100/><D100/><U94/><E94/><V77/><F107/><W28/><G50/><T119/><D119/><U91/><E42/><V116/><F77/><W55/><AGARI ba="0,1" hai="25,26,27,28,29,31,54,55,84,85,87" m="35975" machi="55" ten="40,8000,1" yaku="5,1,29,2,8,1,54,1" doraHai="63" who="3" fromWho="3" sc="240,-40,250,-20,250,-20,250,90" /><INIT seed="1,0,0,5,0,125" ten="200,230,230,340" oya="1" hai0="44,119,124,89,116,53,102,88,85,30,47,68,2" hai1="67,134,42,61,94,12,127,5,74,45,64,7,77" hai2="114,16,117,76,70,32,41,62,28,15,22,101,84" hai3="93,83,27,91,107,81,56,122,135,48,108,17,29"/><U38/><E127/><V23/><F117/><W90/><G108/><T58/><D124/><U21/><E134/><V40/><F32/><W131/><G122/><T78/><D68/><U59/><E74/><V36/><F36/><W103/><G135/><T69/><D69/><U37/><E77/><V86/><F114/><W63/><G48/><T106/><D2/><U14/><E94/><V33/><F33/><W0/><G0/><T3/><D3/><U87/><E87/><V95/><F62/><W132/><G132/><T82/><D30/><U13/><E38/><V73/><F73/><W6/><G6/><T71/><D71/><U26/><REACH who="1" step="1"/><E67/><REACH who="1" ten="200,220,230,340" step="2"/><V128/><F76/><W113/><G107/><T11/><D106/><U105/><E105/><V110/><F84/><W65/><G113/><T118/><D102/><U96/><E96/><V8/><F101/><W104/><G104/><T52/><D78/><U109/><E109/><V92/><F95/><W80/><G103/><T79/><D79/><U112/><E112/><V133/><F92/><W115/><G115/><T49/><D89/><U129/><E129/><V1/><F86/><W54/><G131/><T66/><D66/><U34/><E34/><V120/><F110/><W121/><G91/><T97/><D97/><U4/><E4/><V100/><F128/><W10/><G93/><T46/><REACH who="0" step="1"/><D11/><REACH who="0" ten="190,220,230,340" step="2"/><U51/><E51/><AGARI ba="0,2" hai="44,46,47,49,51,52,53,58,82,85,88,116,118,119" machi="51" ten="40,8000,1" yaku="1,1,2,1,54,2,53,0" doraHai="125" doraHaiUra="130" who="0" fromWho="1" sc="190,100,220,-80,230,0,340,0" /><INIT seed="2,0,0,4,3,134" ten="290,140,230,340" oya="2" hai0="32,66,99,118,38,88,80,51,8,15,25,115,72" hai1="78,79,20,14,53,104,60,95,56,40,91,98,45" hai2="116,39,4,123,85,131,10,30,29,122,114,41,102" hai3="55,71,16,126,3,13,75,44,128,42,133,108,117"/><V93/><F114/><W6/><G117/><T19/><D115/><U36/><REACH who="1" step="1"/><E104/><REACH who="1" ten="290,130,230,340" step="2"/><V34/><F116/><W63/><G133/><T107/><D118/><U109/><E109/><V50/><F123/><W47/><G108/><T46/><D107/><U12/><E12/><V74/><F122/><W18/><G13/><T23/><D15/><U70/><E70/><V2/><F2/><W96/><G71/><T22/><D25/><U5/><E5/><V58/><F4/><W17/><G3/><T81/><D8/><U27/><E27/><V43/><F10/><W9/><G6/><T121/><D121/><U130/><E130/><V135/><F131/><W11/><G128/><T21/><D21/><U82/><E82/><V87/><F135/><W110/><G110/><T129/><D23/><U69/><E69/><V65/><F34/><W100/><G9/><T59/><D22/><U90/><E90/><V26/><F26/><W37/><G11/><T76/><D32/><U113/><E113/><V62/><F102/><W101/><G101/><T112/><D112/><U92/><E92/><V64/><F93/><W132/><G132/><T83/><D129/><U49/><E49/><V125/><F50/><W1/><G1/><T61/><D38/><U84/><E84/><V124/><F39/><W86/><G86/><T57/><D88/><U120/><E120/><V119/><F119/><W7/><G7/><T68/><D68/><U33/><E33/><V24/><F87/><W31/><G100/><T28/><D81/><U35/><E35/><V77/><F85/><W105/><G105/><RYUUKYOKU ba="0,1" sc="290,-10,130,30,230,-10,340,-10" hai1="14,20,36,40,45,53,56,60,78,79,91,95,98" /><INIT seed="3,1,1,3,4,54" ten="280,160,220,330" oya="3" hai0="102,107,24,47,63,7,77,42,26,133,18,50,87" hai1="19,17,65,113,100,79,58,134,88,11,101,22,40" hai2="1,85,119,99,123,121,20,16,129,4,70,109,75" hai3="72,120,103,6,98,91,78,55,35,68,117,44,10"/><W27/><G117/><T51/><D133/><U15/><E134/><V76/><F119/><W29/><G120/><T132/><D132/><U14/><E113/><V31/><F70/><W56/><G68/><T2/><D107/><U111/><E111/><V114/><F114/><W67/><G67/><T105/><D105/><U45/><E79/><V131/><F75/><W81/><G91/><T71/><D102/><U122/><E122/><N who="2" m="46603" /><F31/><W52/><G44/><T104/><D104/><U135/><E135/><V112/><F99/><W43/><G43/><T130/><D130/><U53/><E65/><V39/><F39/><W41/><G41/><T83/><D18/><U32/><E32/><V0/><F112/><W49/><G55/><T95/><D95/><U37/><REACH who="1" step="1"/><E88/><REACH who="1" ten="280,150,220,330" step="2"/><V82/><F109/><W125/><G98/><T57/><D77/><U3/><E3/><N who="2" m="1099" /><F4/><W80/><G103/><T64/><D7/><U110/><E110/><V124/><F124/><W128/><G125/><T23/><D2/><U5/><E5/><V126/><F126/><W25/><G128/><T108/><D108/><U8/><E8/><V46/><F46/><W33/><G6/><T106/><D47/><U69/><E69/><V61/><F131/><W93/><G10/><T62/><D71/><U94/><E94/><V74/><F129/><W38/><G93/><T21/><D106/><U28/><E28/><V66/><F66/><W116/><G116/><T90/><D64/><U115/><E115/><V73/><F76/><W59/><G29/><T92/><D92/><U13/><E13/><V36/><F82/><RYUUKYOKU ba="1,2" sc="280,-10,150,30,220,-10,330,-10" hai1="11,14,15,17,19,22,37,40,45,53,58,100,101" /><INIT seed="4,2,2,3,1,18" ten="270,180,210,320" oya="0" hai0="105,42,14,108,58,50,28,48,125,116,80,66,62" hai1="84,97,72,95,29,113,55,112,25,126,21,11,63" hai2="71,59,64,135,33,51,111,0,3,94,4,27,23" hai3="104,19,67,88,78,101,109,22,31,54,110,96,57"/><T85/><D116/><U5/><E72/><V20/><F111/><W93/><G78/><T127/><D105/><U37/><E37/><V106/><F106/><W47/><G31/><T41/><D108/><U77/><E126/><N who="0" m="48137" /><D28/><U128/><E128/><V99/><F33/><W34/><G34/><T13/><D48/><U75/><E75/><V2/><F4/><W120/><G120/><T17/><D50/><U129/><E129/><V65/><F135/><W91/><G67/><T92/><D92/><U73/><E73/><V117/><F117/><W87/><G47/><T86/><D86/><U102/><E77/><V38/><F38/><W68/><G68/><T70/><D70/><U36/><E36/><V15/><F15/><N who="0" m="5642" /><D17/><U52/><E84/><V123/><F71/><W12/><G91/><AGARI ba="2,2" hai="41,42,58,62,66,80,85,91" m="5642,48137" machi="91" ten="30,1500,0" yaku="18,1" doraHai="18" who="0" fromWho="3" sc="270,41,180,0,210,0,320,-21" /><INIT seed="4,3,0,5,4,125" ten="311,180,210,299" oya="0" hai0="117,68,129,5,33,21,83,78,93,133,132,58,50" hai1="55,8,10,126,101,6,52,81,77,90,86,14,130" hai2="121,98,84,118,110,92,61,29,11,26,45,63,53" hai3="65,85,113,134,104,59,96,41,60,1,124,36,66"/><T116/><D33/><U18/><E126/><V54/><F121/><W34/><G1/><T73/><D68/><U100/><E130/><V74/><F74/><W23/><G34/><T79/><D5/><U39/><E39/><V80/><F110/><W43/><G124/><T46/><D58/><U105/><E105/><V127/><F11/><W20/><G113/><T75/><D93/><U89/><E89/><V128/><F118/><W42/><G134/><N who="0" m="51819" /><D21/><U102/><REACH who="1" step="1"/><E77/><REACH who="1" ten="311,170,210,299" step="2"/><V97/><F127/><W88/><G104/><T17/><D129/><U62/><E62/><V48/><F128/><W16/><G36/><T22/><D79/><U15/><AGARI ba="3,1" hai="6,8,10,14,15,18,52,55,81,86,90,100,101,102" machi="15" ten="30,12000,2" yaku="1,1,0,1,8,1,54,1,53,2" doraHai="125" doraHaiUra="49" who="1" fromWho="1" sc="311,-63,170,139,210,-33,299,-33" /><INIT seed="5,0,0,1,3,28" ten="248,309,177,266" oya="1" hai0="83,126,6,95,72,53,31,111,74,16,54,67,96" hai1="122,37,27,99,92,22,21,56,81,34,61,79,20" hai2="8,60,133,127,24,120,26,117,47,116,43,45,110" hai3="42,46,73,3,80,13,38,84,104,2,25,106,124"/><U76/><E122/><V48/><F120/><W114/><G114/><T135/><D111/><U108/><E37/><V40/><F110/><W128/><G73/><T29/><D135/><U91/><E108/><V32/><F133/><W113/><G113/><T35/><D126/><U65/><REACH who="1" step="1"/><E81/><REACH who="1" ten="248,299,177,266" step="2"/><V44/><F127/><W57/><G124/><T130/><D83/><U7/><E7/><V36/><F36/><W129/><G106/><T15/><D6/><U87/><E87/><V1/><F117/><W123/><G104/><T49/><D74/><U103/><E103/><V51/><F116/><W98/><G123/><T41/><D72/><U115/><E115/><V90/><F40/><W119/><G119/><T107/><D107/><U109/><E109/><V131/><F43/><W17/><G98/><T82/><D82/><U102/><E102/><V97/><F97/><W68/><G84/><T5/><D5/><U93/><E93/><V94/><F94/><W33/><G80/><T100/><D41/><U112/><E112/><V78/><F78/><W59/><G2/><T9/><D100/><U39/><E39/><V30/><F1/><W118/><G3/><T50/><D96/><U11/><E11/><V4/><F8/><N who="3" m="6311" /><G118/><T85/><D85/><U89/><E89/><V52/><F90/><W71/><G71/><T23/><D95/><U134/><E134/><V58/><F4/><W121/><G68/><T66/><D9/><U62/><E62/><V77/><F60/><W86/><G86/><T55/><D49/><U19/><E19/><V105/><F77/><W12/><G121/><RYUUKYOKU ba="0,1" sc="248,-10,299,30,177,-10,266,-10" hai1="20,21,22,27,34,56,61,65,76,79,91,92,99" /><INIT seed="5,1,1,1,3,89" ten="238,329,167,256" oya="1" hai0="13,70,86,15,44,6,100,81,39,123,75,53,45" hai1="31,66,102,18,30,16,23,121,4,92,1,125,73" hai2="27,59,129,76,120,87,67,68,62,17,3,124,33" hai3="109,47,82,107,117,8,56,49,7,94,80,98,52"/><U46/><E73/><V26/><F120/><W118/><G109/><T84/><D70/><U69/><E121/><V65/><F3/><W2/><G107/><T54/><D123/><U43/><E69/><V113/><F33/><W85/><G47/><T61/><D100/><U34/><E66/><V104/><F104/><W131/><G131/><T77/><D39/><U72/><E72/><V10/><F129/><W36/><G36/><T32/><D32/><U14/><E125/><V5/><F113/><W128/><G128/><T90/><D75/><U115/><E115/><V99/><F99/><W38/><G38/><T55/><D61/><U130/><E130/><V42/><F42/><W116/><REACH who="3" step="1"/><G85/><REACH who="3" ten="238,329,167,246" step="2"/><T48/><D44/><U37/><E37/><V88/><F87/><W19/><G19/><T114/><D114/><U96/><E18/><V28/><F17/><W20/><G20/><T9/><REACH who="0" step="1"/><D15/><REACH who="0" ten="228,329,167,246" step="2"/><U60/><E34/><V126/><F126/><W74/><G74/><T122/><D122/><U103/><E46/><V22/><F124/><W64/><G64/><T93/><AGARI ba="1,3" hai="6,9,13,45,48,53,54,55,77,81,84,86,90,93" machi="93" ten="20,8000,1" yaku="1,1,0,1,7,1,8,1,52,1,53,0" doraHai="89" doraHaiUra="132" who="0" fromWho="0" sc="228,113,329,-41,167,-21,246,-21" /><INIT seed="6,0,0,5,5,98" ten="341,288,146,225" oya="2" hai0="40,9,128,52,5,103,62,59,97,17,90,88,114" hai1="39,61,93,99,58,131,115,49,45,112,8,101,104" hai2="31,109,42,38,77,12,30,34,11,108,95,79,107" hai3="1,56,65,47,132,70,19,63,122,127,81,50,48"/><V126/><F107/><W106/><G122/><T84/><D114/><N who="1" m="43563" /><E39/><V21/><F34/><W32/><G32/><T73/><D73/><U87/><E131/><V120/><F120/><W60/><G1/><T72/><D72/><U53/><E8/><V75/><F95/><W123/><G106/><T33/><D33/><U102/><E87/><V36/><F126/><W100/><G123/><T6/><D40/><N who="1" m="24743" /><E104/><V117/><F117/><W13/><G132/><T80/><D90/><AGARI ba="0,0" hai="53,58,61,90,93,99,101,102" m="24743,43563" machi="90" ten="30,3900,0" yaku="15,1,52,2" doraHai="98" who="1" fromWho="0" sc="341,-39,288,39,146,0,225,0" /><INIT seed="7,0,0,0,3,75" ten="302,327,146,225" oya="3" hai0="59,100,89,131,116,96,49,115,51,3,107,21,66" hai1="15,19,74,129,54,36,93,48,133,37,113,20,126" hai2="12,92,120,87,106,68,122,109,69,58,50,56,23" hai3="84,10,119,121,55,91,8,28,32,43,105,71,103"/><W125/><G121/><T22/><D116/><U34/><E74/><V29/><F109/><W5/><G125/><T118/><D118/><U86/><E126/><V104/><F29/><W16/><G71/><T101/><D3/><U31/><E113/><V98/><F98/><W26/><G119/><T81/><D115/><U117/><E133/><V64/><F64/><W111/><G43/><T112/><D112/><U79/><E129/><V53/><F58/><W45/><G111/><T127/><D131/><U76/><E117/><V63/><F106/><W102/><G105/><T30/><D127/><U124/><E124/><V39/><F39/><W97/><G97/><T35/><D100/><U52/><E54/><V42/><F42/><W78/><G78/><N who="1" m="29738" /><E31/><V41/><F41/><W57/><G45/><T65/><D35/><U123/><E123/><V7/><F104/><W4/><G4/><T47/><D30/><U114/><E34/><V130/><F130/><W17/><G103/><T132/><D132/><U128/><E128/><V46/><F7/><W38/><G102/><T110/><D110/><U44/><E114/><V99/><F99/><W62/><G8/><T60/><D66/><U40/><E40/><V24/><F122/><W82/><REACH who="3" step="1"/><G38/><REACH who="3" ten="302,327,146,215" step="2"/><T95/><D47/><U83/><E36/><V18/><F120/><W88/><G88/><T135/><D135/><U2/><E37/><V73/><F73/><W9/><G9/><T1/><D107/><U27/><E2/><AGARI ba="0,1" hai="2,5,10,16,17,26,28,32,55,57,62,82,84,91" machi="2" ten="30,5800,0" yaku="1,1,7,1,54,1,53,0" doraHai="75" doraHaiUra="94" who="3" fromWho="1" sc="302,0,327,-58,146,0,215,68" /><INIT seed="7,1,0,2,2,94" ten="302,269,146,283" oya="3" hai0="57,10,91,83,73,2,96,115,1,19,123,35,117" hai1="132,15,93,84,49,134,65,4,70,113,79,114,76" hai2="77,46,121,9,66,120,131,20,51,12,40,58,23" hai3="111,97,75,6,50,129,108,42,41,116,72,104,89"/><W135/><G129/><T98/><D117/><U101/><E70/><V28/><F131/><W25/><G135/><N who="1" m="51754" /><E65/><V100/><F77/><W37/><G116/><T48/><D35/><U43/><E43/><V133/><F133/><W45/><G6/><T18/><D123/><N who="2" m="47178" /><F100/><N who="3" m="62479" /><G89/><T29/><D29/><U69/><E49/><N who="2" m="26823" /><F28/><W102/><G102/><T99/><D73/><N who="3" m="28233" /><G42/><T5/><D5/><U21/><E69/><V71/><F71/><W38/><G50/><T61/><D48/><U36/><E36/><V14/><F14/><W106/><G106/><T44/><D44/><U130/><E130/><V92/><F92/><W34/><G38/><T63/><D63/><U59/><E59/><V118/><F118/><W74/><G74/><T86/><D61/><U27/><E15/><V105/><F105/><W127/><G127/><T24/><D57/><U30/><E4/><N who="2" m="3111" /><F66/><W95/><G95/><T54/><D83/><U80/><E79/><V128/><F128/><W26/><G26/><T8/><D24/><U17/><E30/><AGARI ba="1,0" hai="25,30,34,37,41,45,108,111" m="28233,62479" machi="30" ten="30,2900,0" yaku="23,1,52,1" doraHai="94" who="3" fromWho="1" sc="302,0,269,-32,146,0,283,32" owari="302,10.0,237,-16.0,146,-35.0,315,41.0" /></mjloggm>