<mjloggm ver="2.3"><GO type="169" lobby="0"/><UN n0="%E5%87%BA%E3%82%8B%E3%83%94%E3%82%A8%E3%83%AD" n1="%4E%41%4F%59%41%31%30%35" n2="%E7%A9%B4%E3%81%BD%E3%81%93%E4%BB%99%E4%BA%BA" n3="%33%6E%6F%6D%79%5F%64%73" dan="16,18,16,17" rate="2195.91,2208.30,2172.27,2161.92" sx="M,M,M,M"/><TAIKYOKU oya="0"/><INIT seed="0,0,0,5,5,55" ten="250,250,250,250" oya="0" hai0="100,2,14,20,49,27,21,119,43,71,22,110,8" hai1="64,70,0,44,86,82,90,37,114,9,19,83,89" hai2="38,112,35,65,129,69,80,26,17,120,113,77,88" hai3="79,15,4,57,73,98,135,116,32,1,109,108,31"/><T123/><D71/><U133/><E133/><V3/><F120/><W105/><G116/><T131/><D119/><U48/><E114/><V62/><F38/><W36/><G36/><T125/><D100/><U107/><E107/><V52/><F3/><W18/><G1/><T34/><D123/><U103/><E103/><V58/><F129/><W42/><G42/><T130/><D43/><U25/><E37/><V87/><F77/><W124/><G124/><T12/><D49/><U10/><E0/><V45/><F45/><W102/><G4/><N who="0" m="1047" /><D125/><U127/><E127/><V115/><F35/><W50/><G135/><T81/><D81/><U91/><E64/><V33/><F33/><W40/><G40/><T67/><D67/><U128/><E70/><V13/><F26/><W23/><G79/><T63/><D63/><U132/><E128/><N who="0" m="49193" /><D110/><U68/><E68/><V59/><REACH who="2" step="1"/><F52/><REACH who="2" ten="250,250,240,250" step="2"/><N who="3" m="31895" /><G73/><T94/><D94/><U117/><E132/><V106/><F106/><W84/><G105/><T95/><D95/><U66/><E117/><V76/><F76/><W60/><G109/><T28/><AGARI ba="0,1" hai="12,14,20,21,22,27,28,34" m="49193,1047" machi="28" ten="40,7800,0" yaku="19,1,34,2" doraHai="55" who="0" fromWho="0" sc="250,88,250,-26,240,-26,250,-26" /><INIT seed="0,1,0,0,5,83" ten="338,224,214,224" oya="0" hai0="117,85,108,131,58,104,116,77,95,18,20,107,128" hai1="99,42,0,65,78,45,90,1,81,120,47,27,12" hai2="31,32,126,16,35,29,5,63,76,121,94,36,15" hai3="134,75,13,97,119,49,28,7,48,51,66,19,129"/><T11/><D11/><U73/><E120/><V6/><F121/><W92/><G75/><T84/><D58/><U33/><E65/><V68/><F36/><W56/><G134/><T106/><D20/><U79/><E79/><V101/><F76/><W2/><G129/><N who="0" m="49739" /><D18/><U133/><E133/><V4/><F126/><W41/><G119/><N who="0" m="45643" /><D108/><U103/><E90/><V122/><F122/><W118/><G118/><T105/><D105/><U113/><E113/><V57/><F68/><W98/><G28/><T135/><D135/><U82/><E12/><V55/><F32/><W24/><G24/><T22/><D22/><U111/><E111/><V132/><F35/><W124/><G7/><T89/><D77/><U70/><E70/><V38/><F38/><W9/><G124/><T10/><D10/><U39/><E33/><V60/><F60/><N who="3" m="38151" /><G2/><T102/><D102/><U43/><E1/><V88/><F101/><N who="3" m="60583" /><G41/><T127/><D127/><U59/><E0/><V115/><F132/><W26/><G26/><T46/><D46/><U25/><E59/><V67/><F67/><W50/><G50/><T64/><D64/><U87/><E43/><V96/><F115/><W30/><G30/><T34/><D34/><U130/><E45/><V123/><F123/><W74/><G74/><T37/><D37/><U91/><REACH who="1" step="1"/><E130/><REACH who="1" ten="338,214,214,224" step="2"/><V72/><F72/><W8/><G8/><AGARI ba="1,1" hai="4,5,6,8,15,16,29,31,55,57,63,88,94,96" machi="8" ten="40,5200,0" yaku="8,1,54,2" doraHai="83" who="2" fromWho="3" sc="338,0,214,0,214,65,224,-55" /><INIT seed="1,0,0,0,5,92" ten="338,214,279,169" oya="1" hai0="97,120,115,19,20,78,41,39,25,85,10,1,34" hai1="77,67,103,21,65,24,56,129,4,50,79,74,98" hai2="121,12,9,134,23,80,95,64,119,60,106,26,32" hai3="40,49,70,66,61,101,5,126,125,37,43,135,86"/><U29/><E129/><V0/><F119/><W62/><G5/><T59/><D115/><U57/><E4/><V122/><F106/><W127/><G86/><T47/><D120/><U117/><E117/><V87/><F134/><W82/><G82/><T84/><D34/><U130/><E130/><V128/><F32/><W3/><G3/><T68/><D68/><U75/><E75/><V76/><F0/><W38/><G101/><T81/><D1/><U133/><E133/><V94/><F128/><W14/><G14/><T96/><D10/><U7/><E7/><V22/><F22/><W124/><N who="3" m="31744" /><DORA hai="132" /><W18/><G18/><T100/><D59/><N who="1" m="22603" /><E50/><V44/><F44/><N who="3" m="25759" /><G135/><T46/><D47/><U52/><E74/><V83/><F83/><W58/><G40/><T114/><D100/><U45/><E77/><V48/><F122/><W54/><AGARI ba="0,0" hai="37,38,54,58,61,62,66,70" m="25759,31744" machi="54" ten="60,12000,2" yaku="18,1,34,2,52,4" doraHai="92,132" who="3" fromWho="3" sc="338,-30,214,-60,279,-30,169,120" /><INIT seed="2,0,0,5,5,45" ten="308,154,249,289" oya="2" hai0="74,47,31,50,117,52,61,129,20,60,118,38,79" hai1="55,112,28,51,91,109,70,7,57,34,80,3,10" hai2="133,65,75,135,113,115,93,81,67,124,68,92,77" hai3="71,54,94,107,22,108,114,42,44,132,111,36,9"/><V49/><F124/><W78/><G107/><T64/><D129/><U125/><E112/><V16/><F68/><W95/><G114/><T1/><D1/><U8/><E125/><V99/><F93/><W17/><G132/><N who="2" m="50761" /><F113/><W59/><G71/><T126/><D126/><U76/><E109/><N who="3" m="42058" /><G9/><T21/><D79/><U12/><E70/><V56/><F115/><W97/><G78/><T73/><D31/><U6/><E91/><N who="2" m="55711" /><F16/><W24/><G97/><T86/><D21/><U87/><REACH who="1" step="1"/><E28/><REACH who="1" ten="308,144,249,289" step="2"/><V103/><F103/><W41/><G41/><T104/><D118/><U98/><E98/><V40/><F40/><W5/><G5/><T58/><D117/><U39/><E39/><V63/><F49/><AGARI ba="0,1" hai="17,22,24,36,42,44,49,54,59,94,95" m="42058" machi="49" ten="30,2000,0" yaku="14,1,52,1" doraHai="45" who="3" fromWho="2" sc="308,0,144,0,249,-20,289,30" /><INIT seed="3,0,0,1,4,2" ten="308,144,229,319" oya="3" hai0="100,19,119,89,78,14,131,109,103,9,70,134,65" hai1="74,94,46,129,32,47,53,117,95,101,34,133,63" hai2="27,10,125,79,132,121,123,86,0,5,3,37,50" hai3="51,107,8,104,39,61,48,72,105,6,112,41,21"/><W55/><G112/><T44/><D78/><U85/><E74/><V111/><F111/><W30/><G72/><T124/><D65/><U113/><E113/><V31/><F37/><W7/><G39/><T71/><D109/><U35/><E133/><V36/><F36/><W16/><G30/><T20/><D131/><U23/><E129/><V59/><F132/><W60/><G41/><T13/><D124/><U24/><E117/><V99/><F125/><W118/><G118/><T96/><D89/><U11/><E11/><V40/><F99/><W1/><G7/><T92/><D134/><U77/><E95/><V128/><F128/><W22/><G22/><T18/><D103/><U54/><E101/><V57/><F3/><W25/><REACH who="3" step="1"/><G51/><REACH who="3" ten="308,144,229,309" step="2"/><T66/><D119/><U73/><E73/><V108/><F108/><W91/><G91/><T122/><D122/><N who="2" m="46602" /><F50/><W62/><G62/><T75/><D75/><U28/><E63/><V43/><F40/><W115/><G115/><T49/><REACH who="0" step="1"/><D66/><REACH who="0" ten="298,144,229,309" step="2"/><U127/><E127/><V29/><F43/><AGARI ba="0,2" hai="9,13,14,18,19,20,43,44,49,70,71,92,96,100" machi="43" ten="30,3900,0" yaku="1,1,2,1,7,1,53,0" doraHai="2" doraHaiUra="26" who="0" fromWho="2" sc="298,59,144,0,229,-39,309,0" /><INIT seed="4,0,0,0,4,25" ten="357,144,190,309" oya="0" hai0="9,128,92,118,114,56,133,129,55,119,73,71,20" hai1="77,2,110,85,130,81,91,79,30,125,99,60,115" hai2="6,50,111,123,108,57,37,107,58,96,5,39,76" hai3="41,32,95,38,53,100,122,7,70,74,16,36,117"/><T31/><D73/><U134/><E110/><V1/><F123/><W127/><G74/><T68/><D9/><U4/><E130/><N who="0" m="50281" /><D114/><U131/><E131/><V135/><F76/><W104/><G104/><T120/><D92/><U27/><E115/><V98/><F50/><W102/><G7/><T26/><D120/><U42/><E134/><V17/><F17/><W80/><G80/><T48/><D133/><U126/><E42/><V64/><F64/><W69/><G32/><T40/><D40/><U44/><E44/><V82/><F82/><W35/><G35/><T113/><D113/><U47/><E47/><V103/><F103/><W101/><G117/><AGARI ba="0,0" hai="20,26,31,48,55,56,68,71,117,118,119" m="50281" machi="117" ten="30,2900,0" yaku="19,1,52,1" doraHai="25" who="0" fromWho="3" sc="357,29,144,0,190,0,309,-29" /><INIT seed="4,1,0,2,5,73" ten="386,144,190,280" oya="0" hai0="105,46,103,33,39,80,116,29,15,43,60,98,54" hai1="3,36,113,65,70,119,55,63,130,14,77,122,74" hai2="12,97,115,95,31,18,13,11,93,117,24,128,78" hai3="66,108,10,68,129,123,101,86,111,4,89,83,32"/><T87/><D116/><U37/><E119/><V131/><F115/><W71/><G32/><T104/><D15/><U34/><E122/><V20/><F117/><W62/><G129/><T56/><D33/><U67/><E130/><N who="2" m="49707" /><F97/><W25/><G123/><T96/><D29/><U126/><E126/><V82/><F13/><W79/><G68/><T127/><D127/><U53/><E113/><V135/><F135/><W72/><G25/><T88/><REACH who="0" step="1"/><D98/><REACH who="0" ten="376,144,190,280" step="2"/><U57/><E34/><V52/><F52/><W49/><G108/><T30/><D30/><U84/><E14/><V85/><AGARI ba="1,1" hai="11,12,18,20,24,31,78,82,85,93,95" m="49707" machi="85" ten="30,2000,0" yaku="19,1,52,1" doraHai="73" who="2" fromWho="2" sc="376,-11,144,-6,190,33,280,-6" /><INIT seed="5,0,0,3,1,113" ten="365,138,223,274" oya="1" hai0="90,106,109,22,2,6,128,125,60,43,115,14,83" hai1="108,96,105,117,134,16,114,47,88,4,63,25,127" hai2="31,10,62,119,46,85,32,42,33,111,9,94,29" hai3="11,54,59,107,24,27,26,71,53,1,123,57,45"/><U124/><E114/><V76/><F111/><W101/><G71/><T78/><D2/><U19/><E108/><V28/><F119/><W86/><G123/><T58/><D90/><U72/><E134/><V68/><F68/><W129/><G129/><T132/><D43/><U56/><E117/><V18/><F62/><W44/><G101/><T12/><D106/><U64/><E72/><V20/><F33/><W130/><G107/><T0/><D0/><U80/><E4/><V50/><F32/><W21/><G21/><T35/><D35/><U91/><E47/><V102/><F102/><W17/><G130/><T40/><D40/><U92/><E105/><V73/><F73/><W5/><G86/><T121/><D125/><N who="1" m="48203" /><E25/><V15/><REACH who="2" step="1"/><F94/><REACH who="2" ten="365,138,213,274" step="2"/><W110/><G110/><T61/><D60/><U37/><E37/><V77/><F77/><W120/><G120/><T66/><D61/><U104/><E104/><V84/><F84/><AGARI ba="0,1" hai="16,19,56,63,64,80,84,88,91,92,96" m="48203" machi="84" ten="30,5800,0" yaku="18,1,54,2" doraHai="113" who="1" fromWho="2" sc="365,0,138,68,213,-58,274,0" /><INIT seed="5,1,0,5,4,7" ten="365,206,155,274" oya="1" hai0="99,6,13,2,124,97,88,107,85,82,40,52,11" hai1="103,74,33,132,90,116,98,4,100,59,30,93,94" hai2="72,44,35,45,66,55,10,80,117,31,51,110,111" hai3="129,86,133,34,43,9,28,32,69,14,26,62,50"/><U135/><E4/><V25/><F117/><W47/><G129/><T113/><D40/><U128/><E33/><V73/><F66/><W120/><G133/><N who="1" m="51274" /><E30/><V96/><F96/><W79/><G120/><T127/><D107/><U56/><E116/><V57/><F73/><W23/><G79/><T16/><D113/><U75/><E128/><V102/><F102/><N who="1" m="38953" /><E59/><V78/><REACH who="2" step="1"/><F10/><REACH who="2" ten="365,206,145,274" step="2"/><W131/><G131/><T60/><D124/><U125/><E125/><V118/><F118/><W84/><G86/><T24/><D127/><U106/><E106/><V17/><F17/><W70/><G84/><T87/><D85/><N who="1" m="52431" /><E56/><V83/><F83/><W48/><G70/><T42/><D2/><U41/><E41/><V39/><F39/><W12/><G69/><T22/><D42/><U3/><E3/><V112/><F112/><W38/><G38/><T37/><D37/><U46/><E46/><AGARI ba="1,1" hai="25,31,35,44,45,46,51,55,57,72,78,80,110,111" machi="46" ten="40,1300,0" yaku="1,1,53,0" doraHai="7" doraHaiUra="115" who="2" fromWho="1" sc="365,0,206,-16,145,26,274,0" /><INIT seed="6,0,0,0,0,128" ten="365,190,171,274" oya="2" hai0="63,67,25,118,16,105,134,2,113,65,49,59,102" hai1="9,36,27,114,24,19,64,3,88,71,31,12,50" hai2="1,101,69,95,45,111,60,44,78,70,131,66,48" hai3="126,40,26,135,43,89,7,94,62,52,6,8,84"/><V35/><F35/><W92/><G135/><T41/><D2/><U133/><E36/><V86/><F1/><W112/><G112/><T109/><D134/><U77/><E133/><V13/><F131/><W129/><G129/><T20/><D113/><U56/><E114/><V33/><F33/><W51/><G126/><T99/><D109/><U73/><E3/><V68/><F111/><W104/><G104/><T93/><D118/><U119/><E119/><V115/><F115/><W124/><G124/><T5/><D5/><N who="3" m="1545" /><G8/><T96/><D96/><U87/><E77/><V83/><F13/><W47/><G62/><T98/><D98/><U21/><E73/><V28/><F28/><W46/><G46/><N who="0" m="25807" /><D105/><U32/><E71/><V122/><F122/><W0/><G0/><T79/><D79/><U116/><E116/><V11/><F11/><W107/><G107/><T130/><D130/><U97/><E97/><V10/><F10/><W108/><G108/><T15/><D15/><U74/><E74/><V18/><F18/><W110/><G110/><T103/><D103/><U85/><E32/><V82/><F82/><N who="3" m="49303" /><G26/><T39/><D39/><U37/><E37/><V14/><F14/><W132/><G132/><T106/><D106/><U91/><E27/><V57/><REACH who="2" step="1"/><F48/><REACH who="2" ten="365,190,161,274" step="2"/><W42/><AGARI ba="0,1" hai="40,42,43,47,51,52,92,94" m="49303,1545" machi="42" ten="30,2000,0" yaku="8,1,54,1" doraHai="128" who="3" fromWho="3" sc="365,-5,190,-5,161,-10,274,30" /><INIT seed="7,0,0,2,2,65" ten="360,185,151,304" oya="3" hai0="41,122,97,133,68,98,104,12,31,93,17,134,74" hai1="109,54,113,80,86,91,34,123,66,82,46,55,100" hai2="47,94,36,64,18,35,102,60,96,117,28,56,130" hai3="30,29,58,110,116,32,107,49,62,24,83,42,103"/><W52/><G116/><T106/><D68/><U129/><E123/><V87/><F117/><W88/><G110/><T16/><D31/><U50/><E109/><V43/><F130/><W9/><G30/><T33/><D33/><U108/><E108/><V95/><F35/><W0/><G107/><T127/><D74/><U39/><E113/><V112/><F112/><W20/><G32/><T6/><D6/><U84/><E39/><V53/><F28/><W128/><G128/><T115/><D122/><U90/><E129/><V19/><F87/><N who="3" m="50303" /><G0/><T48/><D115/><U26/><E100/><V5/><F5/><W125/><G125/><T37/><D37/><U27/><E66/><V45/><F45/><N who="3" m="25783" /><G103/><T114/><D114/><U57/><E34/><V22/><F22/><W51/><G9/><T73/><D73/><U13/><E13/><V61/><REACH who="2" step="1"/><F95/><REACH who="2" ten="360,185,141,304" step="2"/><W76/><G76/><T70/><D127/><U78/><E78/><V89/><F89/><W69/><G69/><AGARI ba="0,1" hai="18,19,36,43,47,53,56,60,61,64,69,94,96,102" machi="69" ten="30,3900,0" yaku="1,1,7,1,52,1,53,0" doraHai="65" doraHaiUra="105" who="2" fromWho="3" sc="360,0,185,0,141,49,304,-39" owari="360,45.0,185,-31.0,190,-21.0,265,7.0" /></mjloggm>