<mjloggm ver="2.3"><GO type="169" lobby="0"/><UN n0="%E3%82%8F%E3%81%A3%E3%81%97%E3%82%87%E3%81%84%E5%90%9B%32%E5%8F%B7" n1="%E6%AD%A3%E9%96%80%E3%81%AE%E3%83%A1%E3%82%A4%E3%81%A1%E3%82%83%E3%82%93" n2="%E7%BE%A4%E9%9D%92%E6%97%A5%E5%92%8C%EF%BC%A0" n3="%73%7A%2E%64%31" dan="18,16,17,16" rate="2180.20,2108.70,2152.98,2085.85" sx="M,M,F,M"/><TAIKYOKU oya="0"/><INIT seed="0,0,0,2,5,69" ten="250,250,250,250" oya="0" hai0="70,100,52,35,131,24,119,83,1,65,12,107,66" hai1="37,110,118,39,80,114,53,72,43,14,101,86,93" hai2="117,40,82,7,0,58,18,67,61,104,16,92,71" hai3="10,125,74,109,97,135,78,90,55,34,99,47,26"/><T129/><D119/><U76/><E118/><V56/><F117/><W25/><G135/><T31/><D1/><U133/><E133/><V75/><F104/><W89/><G125/><T85/><D12/><U115/><E110/><V3/><F3/><W95/><G109/><T6/><D6/><U73/><E53/><V134/><F134/><W96/><G10/><T33/><D33/><U5/><E5/><V2/><F2/><W48/><G34/><T13/><D13/><U88/><E14/><V124/><F124/><W116/><G116/><T106/><D106/><U44/><E72/><V98/><F40/><W57/><G74/><T30/><D30/><U50/><REACH who="1" step="1"/><E101/><REACH who="1" ten="250,240,250,250" step="2"/><V112/><F7/><W17/><G25/><T105/><D52/><U79/><E79/><V51/><F0/><W15/><G78/><N who="0" m="46327" /><D100/><U60/><E60/><V120/><F75/><W23/><G26/><T32/><D66/><U22/><E22/><V21/><F21/><W122/><G90/><T121/><D35/><U8/><E8/><V77/><F77/><W59/><G122/><T28/><D121/><U54/><E54/><V29/><F120/><W68/><G68/><T102/><D102/><U130/><E130/><N who="0" m="49673" /><D31/><U94/><E94/><V46/><F29/><W42/><G55/><T27/><D24/><U132/><E132/><V127/><F127/><W20/><G23/><T123/><D123/><U111/><E111/><V91/><F82/><W126/><G126/><T84/><D65/><U11/><E11/><V63/><F67/><W9/><G9/><T64/><D84/><AGARI ba="0,1" hai="15,17,20,42,47,48,57,59,84,89,95,96,97,99" machi="84" ten="40,1300,0" yaku="8,1" doraHai="69" who="3" fromWho="0" sc="250,-13,240,0,250,0,250,23" /><INIT seed="1,0,0,3,3,95" ten="237,240,250,273" oya="1" hai0="58,67,100,120,59,123,19,128,94,40,49,33,89" hai1="61,29,20,125,124,17,134,60,104,91,16,109,24" hai2="1,103,8,65,131,86,85,44,70,63,129,68,106" hai3="88,13,90,12,112,35,133,54,28,2,66,0,4"/><U5/><E104/><V43/><F70/><W77/><G133/><T93/><D128/><N who="2" m="49226" /><F1/><W38/><G77/><T80/><D33/><U117/><E117/><V84/><F8/><W135/><G112/><T78/><D100/><U55/><E134/><V42/><F42/><W126/><G135/><T62/><D19/><N who="1" m="7243" /><E5/><V56/><F68/><W81/><G66/><T115/><D115/><U127/><E109/><V111/><F111/><W9/><G81/><T101/><D101/><U72/><E72/><V36/><F103/><W18/><G38/><T118/><D118/><U108/><E108/><V26/><F26/><W97/><G54/><N who="0" m="32079" /><D40/><U14/><E14/><V52/><F65/><W41/><G41/><T25/><D25/><U107/><E107/><AGARI ba="0,0" hai="36,43,44,52,56,63,84,85,86,106,107" m="49226" machi="107" ten="30,2000,0" yaku="19,1,54,1" doraHai="95" who="2" fromWho="1" sc="237,0,240,-20,250,20,273,0" /><INIT seed="2,0,0,1,3,29" ten="237,220,270,273" oya="2" hai0="42,52,65,59,64,95,94,43,100,97,78,98,80" hai1="105,93,12,72,26,69,126,127,58,23,117,61,19" hai2="90,112,22,38,129,28,54,99,40,60,106,74,3" hai3="134,75,68,81,130,57,103,107,15,51,14,85,13"/><V37/><F112/><W77/><G68/><T39/><D64/><U5/><E117/><V35/><F3/><W87/><G130/><T121/><D121/><U113/><E105/><V128/><F74/><W104/><G134/><T82/><D65/><U2/><E72/><V71/><F22/><W131/><G131/><N who="2" m="50249" /><F40/><W33/><G33/><T132/><D132/><U76/><E76/><V11/><F11/><W0/><G0/><T20/><D20/><U89/><E69/><V70/><F54/><W55/><G107/><T32/><D32/><U119/><E2/><V36/><F60/><W96/><AGARI ba="0,0" hai="13,14,15,51,55,57,75,77,81,85,87,96,103,104" machi="96" ten="30,1100,0" yaku="0,1" doraHai="29" who="3" fromWho="3" sc="237,-3,220,-3,270,-5,273,11" /><INIT seed="3,0,0,3,1,64" ten="234,217,265,284" oya="3" hai0="55,95,73,90,58,38,118,111,88,69,85,98,30" hai1="10,9,4,65,115,1,125,132,70,3,40,120,51" hai2="14,2,135,105,84,39,89,93,18,121,53,35,25" hai3="81,49,20,6,83,101,17,116,87,91,130,80,12"/><W59/><G116/><T113/><D118/><U112/><E120/><V47/><F121/><W52/><G130/><T82/><D113/><U108/><E108/><V127/><F2/><W42/><G101/><T99/><D111/><U7/><E125/><V97/><F127/><W63/><G6/><T19/><D38/><U102/><E132/><V46/><F135/><W67/><REACH who="3" step="1"/><G42/><REACH who="3" ten="234,217,265,274" step="2"/><T133/><D133/><U110/><E102/><V60/><F105/><W92/><G92/><T77/><D95/><U54/><E40/><V56/><F39/><W15/><G15/><T103/><D103/><U71/><E110/><V43/><F43/><W119/><G119/><T50/><D99/><U131/><E131/><V114/><F114/><W16/><G16/><T66/><D98/><U126/><E126/><V57/><F97/><W106/><G106/><T124/><D124/><U134/><E134/><V62/><F25/><W23/><G23/><T109/><D109/><U61/><REACH who="1" step="1"/><E71/><AGARI ba="0,1" hai="12,17,20,49,52,59,63,67,71,80,81,83,87,91" machi="71" ten="30,12000,1" yaku="1,1,7,1,52,1,54,1,53,1" doraHai="64" doraHaiUra="48" who="3" fromWho="1" sc="234,0,217,-120,265,0,274,130" /><INIT seed="3,1,0,5,1,39" ten="234,97,265,404" oya="3" hai0="16,15,62,18,1,38,101,63,6,42,47,65,122" hai1="115,2,112,55,59,37,36,114,31,19,92,14,33" hai2="30,72,109,111,51,50,95,17,110,13,29,9,71" hai3="126,113,45,78,73,117,123,58,104,133,102,0,80"/><W129/><RYUUKYOKU type="yao9" ba="1,0" sc="234,0,97,0,265,0,404,0" hai3="0,45,58,73,78,80,102,104,113,117,123,126,129,133" /><INIT seed="3,2,0,2,5,86" ten="234,97,265,404" oya="3" hai0="45,126,134,89,104,87,7,38,94,31,90,13,55" hai1="93,129,21,121,125,135,10,98,2,30,62,127,65" hai2="67,0,5,81,16,102,34,50,33,116,113,40,22" hai3="66,85,3,112,17,54,57,101,74,72,52,115,97"/><W79/><G3/><T6/><D104/><U118/><E121/><V14/><F113/><W83/><G66/><T39/><D126/><U73/><E73/><V110/><F116/><W109/><G109/><T27/><D134/><U76/><E76/><V133/><F133/><W96/><G54/><T20/><D38/><U24/><E135/><V19/><F102/><W88/><G72/><T18/><D90/><U8/><E129/><V48/><F67/><W1/><G1/><T100/><D100/><U58/><E118/><V37/><F37/><W91/><G97/><T124/><D124/><N who="1" m="47691" /><E2/><V36/><F36/><W130/><G130/><T23/><REACH who="0" step="1"/><D39/><REACH who="0" ten="224,97,265,404" step="2"/><U59/><E59/><V131/><F131/><W64/><G115/><T82/><D82/><U61/><E61/><V128/><F128/><W15/><G112/><T107/><D107/><U70/><E58/><V105/><F105/><W28/><G64/><T80/><D80/><U119/><E119/><V123/><F81/><W49/><G74/><T51/><AGARI ba="2,1" hai="6,7,13,18,20,23,27,31,45,51,55,87,89,94" machi="51" ten="30,8000,1" yaku="1,1,0,1,8,1,52,1,53,1" doraHai="86" doraHaiUra="9" who="0" fromWho="0" sc="224,96,97,-22,265,-22,404,-42" /><INIT seed="4,0,0,2,0,16" ten="320,75,243,362" oya="0" hai0="96,45,77,19,67,0,21,29,11,26,35,65,108" hai1="53,113,68,89,134,116,41,47,39,79,34,8,42" hai2="31,72,102,38,81,76,90,15,101,28,135,84,92" hai3="98,122,32,64,107,80,106,4,2,94,119,46,52"/><T93/><D108/><U63/><E34/><V44/><F135/><W18/><G32/><T30/><D77/><U66/><E116/><V57/><F15/><W83/><G122/><T130/><D130/><U120/><E79/><V3/><F3/><W60/><G119/><T40/><D0/><U74/><E74/><V22/><F57/><W9/><G107/><T24/><D11/><U75/><E75/><V111/><F111/><W7/><G7/><T123/><D29/><U5/><E120/><V86/><F72/><W133/><G106/><T59/><D59/><U54/><E134/><V56/><F56/><W103/><G133/><T125/><D125/><U126/><E126/><V127/><F127/><W131/><G131/><T118/><D118/><U58/><E113/><V115/><F115/><W27/><G60/><T70/><D70/><U33/><E33/><V129/><F129/><W49/><REACH who="3" step="1"/><G64/><REACH who="3" ten="320,75,243,352" step="2"/><T99/><D123/><U91/><E42/><V104/><F104/><W43/><G43/><T82/><D82/><U128/><E128/><V17/><F38/><W10/><G10/><T62/><D62/><U110/><E110/><V55/><F31/><W121/><G121/><T88/><REACH who="0" step="1"/><D99/><REACH who="0" ten="310,75,243,352" step="2"/><U85/><E63/><V1/><F28/><W61/><G61/><T105/><D105/><U112/><E8/><V132/><F132/><W114/><G114/><T69/><D69/><U25/><E112/><V23/><F1/><W6/><G6/><T37/><AGARI ba="0,2" hai="19,21,24,26,30,35,37,40,45,65,67,88,93,96" machi="37" ten="20,18000,2" yaku="1,1,0,1,7,1,52,1,54,1,53,1" doraHai="16" doraHaiUra="36" who="0" fromWho="0" sc="310,200,75,-60,243,-60,352,-60" /><INIT seed="4,1,0,2,2,11" ten="510,15,183,292" oya="0" hai0="85,79,41,37,72,30,35,98,125,124,132,14,36" hai1="21,12,69,121,104,59,81,83,19,118,0,82,123" hai2="9,116,76,24,86,114,5,46,71,10,38,91,51" hai3="60,55,105,95,127,28,97,133,109,126,135,48,119"/><T64/><D85/><U87/><E69/><V110/><F110/><W66/><G28/><T39/><D132/><N who="3" m="50761" /><G105/><T44/><D64/><U94/><E104/><V89/><F114/><W13/><G13/><T75/><D98/><U100/><E118/><V7/><F116/><W88/><G109/><T96/><D96/><U6/><E59/><V58/><F71/><N who="3" m="42439" /><G119/><T61/><D61/><U23/><E23/><V45/><F58/><AGARI ba="1,0" hai="48,55,58,88,95,97,126,127" m="42439,50761" machi="58" ten="30,2000,0" yaku="20,1,54,1" doraHai="11" who="3" fromWho="2" sc="510,0,15,0,183,-23,292,23" /><INIT seed="5,0,0,5,1,108" ten="510,15,160,315" oya="1" hai0="102,68,41,26,28,74,91,90,69,118,3,106,82" hai1="54,76,97,22,17,114,98,39,33,38,47,6,12" hai2="105,116,32,71,109,7,23,19,5,119,111,93,36" hai3="131,15,20,0,1,46,96,64,66,61,42,45,130"/><U85/><E33/><V80/><F105/><W104/><G96/><T51/><D118/><U99/><E6/><V49/><F36/><W43/><G20/><T103/><D3/><U77/><E114/><V13/><F71/><W125/><G15/><T124/><D124/><U59/><E47/><V134/><F49/><W55/><G104/><T18/><D18/><U21/><E21/><V27/><F93/><W72/><G72/><T122/><D122/><U60/><REACH who="1" step="1"/><E85/><REACH who="1" ten="510,5,160,315" step="2"/><V120/><F120/><W132/><G45/><T115/><D115/><U75/><E75/><V63/><F116/><W73/><G46/><T48/><D74/><U30/><E30/><V83/><F119/><W133/><G73/><T56/><D28/><U128/><E128/><V8/><F111/><W53/><G125/><T126/><D126/><U117/><E117/><V2/><F109/><W40/><G0/><T14/><D41/><U88/><E88/><V57/><F7/><W58/><G1/><T123/><D123/><U95/><E95/><V52/><F134/><W107/><G107/><T129/><D106/><U121/><E121/><V112/><F112/><W110/><G110/><T89/><D129/><N who="3" m="49161" /><G133/><T62/><D91/><U101/><E101/><V79/><F79/><AGARI ba="0,1" hai="12,17,22,38,39,54,59,60,76,77,79,97,98,99" machi="79" ten="40,2000,0" yaku="1,1,53,0" doraHai="108" doraHaiUra="4" who="1" fromWho="2" sc="510,0,5,30,160,-20,315,0" /><INIT seed="5,1,0,5,4,46" ten="510,35,140,315" oya="1" hai0="84,115,29,30,5,49,83,33,9,10,22,34,102" hai1="71,95,64,24,72,44,112,45,89,82,97,54,107" hai2="38,1,94,86,121,130,21,73,56,74,28,61,23" hai3="67,129,92,70,93,122,135,118,81,59,99,69,100"/><U48/><E112/><V19/><F121/><W78/><G118/><T66/><D115/><U63/><E107/><V103/><F1/><W134/><G122/><T111/><D111/><U127/><E127/><V79/><F38/><W31/><G31/><T125/><D125/><U90/><E24/><V68/><F68/><W13/><G129/><T2/><D102/><U88/><REACH who="1" step="1"/><E44/><REACH who="1" ten="510,25,140,315" step="2"/><V120/><F130/><W132/><G132/><T3/><D34/><U114/><E114/><V128/><F128/><W133/><G134/><T126/><D33/><U104/><E104/><V109/><F120/><W18/><G133/><T106/><D106/><U110/><E110/><V40/><F109/><W7/><G135/><T117/><D126/><U113/><E113/><V42/><F74/><W123/><G123/><T131/><D131/><U15/><E15/><N who="2" m="9471" /><F73/><W75/><G13/><T14/><D14/><U108/><E108/><V6/><F6/><W52/><G7/><T36/><D5/><U41/><E41/><V101/><F40/><W91/><G75/><T57/><D2/><U80/><E80/><N who="2" m="47391" /><F42/><W12/><G12/><T25/><D3/><U53/><E53/><N who="2" m="33935" /><F94/><W20/><G93/><T50/><D83/><U62/><E62/><V96/><F96/><W85/><G81/><T124/><D25/><AGARI ba="1,1" hai="23,25,28,101,103" m="33935,47391,9471" machi="25" ten="30,1000,0" yaku="8,1" doraHai="46" who="2" fromWho="0" sc="510,-13,25,0,140,23,315,0" /><INIT seed="6,0,0,4,3,33" ten="497,25,163,315" oya="2" hai0="129,123,121,97,31,58,100,119,25,40,44,2,135" hai1="48,74,98,9,105,84,72,131,5,50,122,115,69" hai2="107,108,42,120,82,111,26,59,64,101,102,92,65" hai3="27,70,6,54,113,114,88,99,68,19,133,52,41"/><V16/><F120/><W43/><G6/><T66/><D129/><U14/><E131/><V124/><F124/><W77/><G77/><T109/><D109/><N who="2" m="42058" /><F107/><W81/><G19/><T80/><D135/><U63/><E122/><V126/><F126/><W3/><G27/><T76/><D2/><U62/><E115/><N who="3" m="44042" /><G3/><T95/><D119/><U39/><E39/><V10/><F42/><N who="3" m="15883" /><G133/><T22/><D58/><U46/><E50/><V132/><F82/><W128/><G128/><T7/><D66/><U53/><E84/><V86/><F132/><W28/><G28/><T34/><D7/><U89/><E105/><V29/><F59/><W117/><G117/><T134/><D34/><U67/><REACH who="1" step="1"/><E63/><REACH who="1" ten="497,15,163,315" step="2"/><V91/><F102/><W125/><G125/><T45/><D134/><U32/><E32/><N who="2" m="20535" /><F101/><W51/><G51/><T79/><D123/><U104/><E104/><V23/><F10/><W56/><G81/><T96/><D121/><U93/><AGARI ba="0,1" hai="5,9,14,46,48,53,62,67,69,72,74,89,93,98" machi="93" ten="30,4000,0" yaku="1,1,0,1,53,1" doraHai="33" doraHaiUra="0" who="1" fromWho="1" sc="497,-10,15,50,163,-20,315,-10" /><INIT seed="7,0,0,2,4,9" ten="487,65,143,305" oya="3" hai0="14,133,41,102,49,89,5,58,71,131,82,62,90" hai1="48,76,52,73,15,116,129,122,103,98,119,35,18" hai2="79,61,30,97,72,55,0,1,77,10,29,130,31" hai3="110,36,117,34,38,78,13,11,100,39,27,56,125"/><W92/><G117/><N who="1" m="45130" /><E122/><V75/><F130/><W59/><G110/><T24/><D131/><U4/><E35/><V25/><F25/><W6/><G125/><T127/><D127/><U26/><E73/><V86/><F97/><W51/><G78/><T50/><D133/><U91/><E76/><V66/><F55/><W124/><G124/><T74/><D71/><U134/><E129/><V115/><F115/><W68/><G68/><T112/><D112/><U64/><E91/><V45/><F45/><W80/><G80/><T105/><D24/><U60/><E4/><V118/><F118/><W17/><G51/><T104/><D14/><U106/><E26/><V22/><F22/><W69/><G69/><T44/><D5/><U46/><E134/><V85/><F10/><W67/><G67/><T128/><D50/><U42/><E64/><V3/><F77/><W111/><G111/><T12/><D12/><U20/><E60/><V107/><F107/><W101/><G101/><T53/><D128/><U8/><E42/><V99/><F79/><W94/><G100/><T32/><D32/><U88/><E88/><N who="0" m="33897" /><D102/><U37/><E8/><V108/><F108/><W2/><G2/><T43/><D43/><U87/><E87/><N who="2" m="33291" /><F99/><W120/><G120/><T83/><D83/><U16/><E18/><V93/><F93/><N who="3" m="35947" /><G6/><T65/><D65/><U19/><E19/><V121/><F121/><W126/><G126/><T95/><D95/><U113/><E113/><V54/><BYE who="1" /><F66/><W63/><G63/><T132/><D132/><U7/><E7/><V23/><F23/><N who="3" m="13807" /><G34/><T40/><D40/><RYUUKYOKU ba="0,0" sc="487,0,65,0,143,0,305,0" hai0="41,44,49,53,58,62,74,82,104,105" hai1="15,16,20,37,46,48,52,98,103,106" hai2="0,1,3,29,30,31,54,61,72,75" hai3="11,13,36,38,39,56,59" /><INIT seed="7,1,0,2,5,131" ten="487,65,143,305" oya="3" hai0="22,119,25,82,88,110,94,85,12,79,122,41,40" hai1="28,64,74,133,100,0,54,81,75,93,108,70,10" hai2="29,127,59,129,126,48,113,105,69,5,60,4,42" hai3="128,72,35,114,68,49,103,44,15,65,96,26,45"/><W132/><G114/><T47/><D110/><U17/><E17/><V23/><F129/><UN n1="%E6%AD%A3%E9%96%80%E3%81%AE%E3%83%A1%E3%82%A4%E3%81%A1%E3%82%83%E3%82%93" /><W99/><G72/><T32/><D122/><U43/><E108/><V56/><F113/><W83/><G128/><T102/><D119/><U16/><E28/><V125/><F105/><W109/><G109/><T39/><D32/><U30/><E30/><V117/><F117/><W66/><G83/><T62/><D40/><U120/><E120/><V90/><F90/><W21/><G15/><T107/><D12/><U52/><E0/><V71/><F29/><W24/><G35/><T89/><D62/><U19/><E43/><V36/><F23/><W97/><G68/><N who="2" m="26185" /><F36/><W91/><G91/><T76/><D102/><U92/><E70/><V9/><F9/><W27/><G21/><T1/><D107/><U3/><E3/><V135/><F135/><W34/><G34/><T87/><D1/><U86/><E86/><V124/><F124/><W98/><G132/><T134/><D134/><U104/><E133/><V58/><F60/><W37/><G37/><T55/><D55/><U78/><E104/><V20/><F20/><W53/><REACH who="3" step="1"/><G44/><AGARI ba="1,0" hai="4,5,42,44,48,56,58,59,125,126,127" m="26185" machi="44" ten="40,1300,0" yaku="18,1" doraHai="131" who="2" fromWho="3" sc="487,0,65,0,143,16,305,-16" owari="487,58.0,65,-43.0,159,-24.0,289,9.0" /></mjloggm>