<mjloggm ver="2.3"><GO type="169" lobby="0"/><UN n0="%4E%41%4F%59%41%31%30%35" n1="%E3%81%BE%E3%81%95%EF%BC%A7" n2="%E3%81%B5%E3%81%98%E3%81%8B%E3%81%A4" n3="%41%53%41%4B%41%57%41" dan="18,16,17,16" rate="2203.06,2178.54,2165.06,2152.57" sx="M,M,M,M"/><TAIKYOKU oya="0"/><INIT seed="0,0,0,2,2,73" ten="250,250,250,250" oya="0" hai0="93,48,113,13,70,98,72,97,125,43,69,128,50" hai1="42,35,14,111,78,36,121,2,118,34,63,64,79" hai2="74,67,32,52,82,91,39,81,94,6,71,133,126" hai3="123,96,55,77,120,30,60,25,117,100,7,87,130"/><T5/><D113/><U0/><E118/><V112/><F112/><W88/><G117/><T92/><D72/><U122/><E14/><V26/><F133/><W110/><G7/><T107/><D107/><U116/><E116/><V10/><F126/><W47/><G110/><T61/><D128/><U134/><E111/><V65/><F39/><W24/><G77/><N who="1" m="29194" /><E36/><V20/><F32/><N who="1" m="12329" /><E63/><V103/><F74/><W101/><G130/><T19/><D5/><U27/><E27/><V3/><F103/><W54/><G60/><T90/><D125/><U9/><E9/><V119/><F119/><W51/><G25/><T41/><D61/><U114/><E64/><V85/><F67/><W58/><G24/><T16/><REACH who="0" step="1"/><D90/><REACH who="0" ten="240,250,250,250" step="2"/><U33/><E114/><V76/><F91/><W21/><G88/><T132/><D132/><U66/><E134/><V127/><F127/><W84/><G123/><T11/><D11/><U22/><E122/><V131/><F10/><W75/><G120/><T59/><D59/><U129/><E121/><V17/><F6/><W105/><G75/><T23/><D23/><U18/><E33/><V102/><F131/><W99/><G21/><T46/><D46/><U106/><E106/><V135/><F135/><W40/><G58/><T31/><D31/><U104/><E104/><V124/><F20/><W89/><G30/><T4/><D4/><U29/><E29/><V56/><F56/><W15/><G89/><T86/><D86/><N who="3" m="32809" /><G15/><AGARI ba="0,1" hai="13,15,16,19,41,43,48,50,69,70,92,93,97,98" machi="15" ten="25,9600,0" yaku="1,1,22,2,54,1,53,0" doraHai="73" doraHaiUra="83" who="0" fromWho="3" sc="240,106,250,0,250,0,250,-96" /><INIT seed="0,1,0,5,5,44" ten="346,250,250,154" oya="0" hai0="108,100,91,121,135,75,132,25,110,33,34,11,51" hai1="119,17,0,115,130,63,76,24,78,87,103,114,32" hai2="123,14,21,81,127,31,106,72,29,104,122,38,1" hai3="4,74,77,116,68,86,133,26,43,37,70,118,7"/><T113/><D121/><U5/><E119/><V112/><F38/><W48/><G37/><T69/><D113/><N who="1" m="43019" /><E130/><V134/><F112/><W128/><G74/><T30/><D75/><U65/><E103/><V79/><F134/><N who="0" m="51242" /><D69/><U95/><E5/><V35/><F1/><W39/><G39/><T92/><D11/><U83/><E0/><V93/><F127/><W88/><G133/><T23/><D100/><U40/><E40/><V105/><F93/><W117/><G128/><T45/><D34/><U58/><E95/><V90/><F90/><W109/><G77/><T96/><D33/><U6/><E6/><V27/><F31/><W12/><G4/><T9/><D9/><U71/><E32/><V22/><REACH who="2" step="1"/><F14/><REACH who="2" ten="346,250,240,154" step="2"/><W10/><G109/><T49/><D45/><U94/><E94/><V61/><F61/><W19/><G118/><T60/><D60/><U125/><E125/><V46/><F46/><N who="3" m="25695" /><G117/><T73/><D73/><U131/><E131/><V89/><F89/><W15/><G116/><T57/><D57/><U111/><E111/><AGARI ba="1,1" hai="23,25,30,49,51,91,92,96,108,110,111" m="51242" machi="111" ten="30,12000,1" yaku="14,1,10,1,20,1,52,2" doraHai="44" who="0" fromWho="1" sc="346,133,250,-123,240,0,154,0" /><INIT seed="0,2,0,4,2,72" ten="479,127,240,154" oya="0" hai0="64,61,89,39,16,73,13,31,104,126,47,0,53" hai1="6,106,133,78,3,103,86,34,81,48,2,124,87" hai2="15,108,20,88,96,38,49,100,66,32,21,123,11" hai3="54,65,60,122,24,82,33,7,118,77,37,121,128"/><T57/><D126/><U67/><E124/><V27/><F123/><N who="3" m="47115" /><G118/><T46/><D0/><U85/><E34/><V129/><F38/><W74/><G128/><T59/><D104/><U132/><E67/><V131/><F66/><W9/><G54/><T5/><D5/><U110/><E110/><V107/><F108/><W99/><G99/><T23/><D39/><U44/><E106/><V8/><F49/><W102/><G102/><T80/><D31/><U105/><E105/><V40/><F40/><W76/><G37/><T109/><D109/><U134/><E103/><V125/><F125/><W83/><G24/><T30/><D30/><U28/><E28/><V68/><F68/><N who="3" m="42023" /><G33/><T29/><D29/><U56/><E56/><V55/><F32/><W43/><G43/><T42/><D42/><N who="1" m="24599" /><E6/><V116/><F116/><W130/><G130/><T70/><D70/><U114/><E114/><V95/><F55/><W18/><G18/><T41/><D41/><U51/><E51/><V117/><F117/><W63/><G63/><N who="0" m="36271" /><D73/><AGARI ba="2,0" hai="2,3,73,78,81,85,86,87,132,133,134" m="24599" machi="73" ten="40,2600,0" yaku="20,1,52,1" doraHai="72" who="1" fromWho="0" sc="479,-32,127,32,240,0,154,0" /><INIT seed="1,0,0,5,0,88" ten="447,159,240,154" oya="1" hai0="38,70,31,115,54,102,13,40,2,87,72,116,73" hai1="41,105,90,15,131,66,80,23,78,104,135,51,67" hai2="118,106,18,91,113,83,120,1,56,9,10,25,114" hai3="37,12,108,110,97,4,42,11,33,50,111,47,34"/><U93/><E131/><V100/><F120/><W119/><G119/><T130/><D116/><U133/><E41/><V52/><F118/><W17/><G37/><T85/><D115/><N who="2" m="44042" /><F1/><W124/><G124/><T44/><D2/><U95/><E51/><V29/><F18/><W5/><REACH who="3" step="1"/><G97/><REACH who="3" ten="447,159,240,144" step="2"/><T134/><D38/><U68/><E104/><V76/><F106/><W86/><G86/><T127/><D85/><N who="1" m="50471" /><E105/><V129/><F129/><W74/><G74/><T84/><D87/><U75/><E75/><N who="2" m="43423" /><F100/><W99/><G99/><T14/><D102/><U48/><E78/><V82/><F91/><W39/><G39/><T58/><D127/><U8/><E135/><V103/><F103/><W92/><G92/><N who="1" m="35402" /><E133/><V24/><F82/><W21/><G21/><T46/><D134/><U101/><E101/><V69/><F10/><W36/><G36/><T65/><D130/><U3/><E23/><V6/><F9/><W61/><G61/><T79/><D73/><U19/><E3/><V59/><F6/><AGARI ba="0,1" hai="4,5,6,11,12,17,33,34,42,47,50,108,110,111" machi="6" ten="40,8000,1" yaku="1,1,14,1,53,2" doraHai="88" doraHaiUra="30" who="3" fromWho="2" sc="447,0,159,0,240,-80,144,90" /><INIT seed="2,0,0,4,1,133" ten="447,159,160,234" oya="2" hai0="123,79,18,88,97,30,116,22,24,1,80,43,95" hai1="32,64,21,37,119,23,83,47,54,14,131,5,86" hai2="38,103,8,59,6,109,72,96,42,111,27,121,10" hai3="11,52,31,7,65,110,101,56,69,104,73,62,48"/><V36/><F121/><W0/><G110/><N who="2" m="41993" /><F72/><W70/><G73/><T126/><D123/><U49/><E131/><V16/><F59/><W55/><G31/><T3/><D116/><U124/><E119/><V87/><F87/><W12/><G104/><T2/><D126/><U78/><E124/><V60/><F60/><W105/><G105/><T98/><D43/><U115/><E115/><V100/><F42/><W94/><G55/><T122/><D122/><U13/><E37/><N who="2" m="14443" /><F96/><W113/><G113/><T76/><D98/><U51/><E64/><V118/><F118/><W125/><G125/><T50/><D80/><U28/><E51/><V44/><F44/><W99/><G0/><T41/><D50/><U127/><E127/><V4/><F27/><W102/><REACH who="3" step="1"/><G101/><REACH who="3" ten="447,159,160,224" step="2"/><N who="2" m="38985" /><F16/><W63/><G63/><T114/><D114/><U45/><E28/><V35/><F35/><W77/><G77/><T84/><D30/><U66/><E32/><V134/><F134/><W15/><G15/><T33/><D33/><U129/><E14/><V92/><F92/><W46/><AGARI ba="0,1" hai="7,11,12,46,48,52,56,62,65,69,70,94,99,102" machi="46" ten="20,5200,0" yaku="1,1,0,1,7,1,54,1,53,0" doraHai="133" doraHaiUra="74" who="3" fromWho="3" sc="447,-13,159,-13,160,-26,224,62" /><INIT seed="3,0,0,2,0,73" ten="434,146,134,286" oya="3" hai0="82,83,123,74,87,85,86,58,92,43,1,108,125" hai1="75,72,23,28,111,79,130,69,99,93,17,56,95" hai2="22,27,49,116,131,45,66,24,9,12,88,60,26" hai3="3,90,41,13,120,118,97,113,62,16,124,8,121"/><W94/><G113/><T54/><D123/><U29/><E69/><V50/><F116/><W110/><G118/><T100/><D108/><U65/><E111/><V122/><F131/><W114/><G114/><T36/><D125/><U76/><E130/><V117/><F122/><W127/><G110/><T53/><D1/><U112/><E112/><V14/><F117/><W115/><G115/><T89/><D100/><U129/><E129/><V21/><F45/><W128/><G128/><T2/><D2/><U15/><E75/><V63/><F66/><W42/><G3/><T105/><D105/><U46/><E72/><V18/><F88/><N who="3" m="55495" /><G62/><N who="2" m="23593" /><F9/><W7/><G90/><T134/><D74/><U68/><E68/><V20/><F18/><W103/><G103/><T25/><D89/><N who="1" m="55727" /><E95/><V107/><F107/><W52/><G7/><T101/><D92/><U67/><E46/><V119/><F119/><W104/><G104/><T48/><D101/><U132/><E56/><V71/><F71/><W0/><G0/><T33/><D58/><U102/><E102/><V32/><F32/><W80/><G121/><T35/><D35/><U57/><E57/><V19/><F19/><W59/><G80/><T70/><D33/><U96/><E96/><V30/><F30/><N who="1" m="11881" /><E132/><V6/><F6/><W98/><G98/><T126/><D134/><U84/><E84/><V5/><F5/><W44/><G120/><T77/><D87/><U10/><E10/><V106/><F106/><W133/><G133/><T4/><D85/><U81/><E81/><V51/><AGARI ba="0,0" hai="12,14,20,21,22,24,26,27,49,50,51" m="23593" machi="51" ten="40,8000,1" yaku="29,2,28,2,8,1" doraHai="73" who="2" fromWho="2" sc="434,-20,146,-20,134,80,286,-40" /><INIT seed="4,0,0,2,3,11" ten="414,126,214,246" oya="0" hai0="101,8,29,39,44,78,92,131,116,31,50,57,60" hai1="76,72,52,130,45,86,20,121,56,114,110,90,40" hai2="89,28,61,27,62,100,54,132,26,37,133,74,49" hai3="111,25,129,81,51,48,104,67,95,91,109,118,59"/><T68/><D116/><U108/><E121/><V38/><F74/><W66/><G104/><T42/><D131/><U23/><E130/><V127/><F100/><W96/><G129/><T13/><D78/><U135/><E135/><N who="2" m="51787" /><F127/><W123/><G123/><T53/><D101/><U6/><E72/><V94/><F49/><W69/><G118/><T2/><D2/><U17/><E76/><V124/><F124/><W105/><G105/><T46/><D92/><U103/><E103/><V34/><F26/><W113/><G113/><T85/><D85/><U128/><E114/><V41/><F54/><W12/><G69/><T35/><D35/><U77/><E77/><V0/><F0/><W21/><G25/><T70/><D70/><U106/><E106/><V24/><F24/><W84/><G111/><T115/><D68/><U82/><E6/><V117/><F117/><W112/><G112/><T5/><REACH who="0" step="1"/><D115/><REACH who="0" ten="404,126,214,246" step="2"/><U19/><E128/><V43/><F94/><W14/><G109/><T10/><D10/><U122/><E122/><V83/><F89/><N who="3" m="55407" /><G21/><T73/><D73/><U120/><E120/><V16/><F34/><W4/><G84/><T125/><D125/><U55/><E110/><V80/><F80/><W30/><G91/><T102/><D102/><U79/><E90/><V65/><F83/><W32/><G81/><T1/><D1/><U97/><E108/><V18/><F38/><W88/><G88/><T9/><D9/><U15/><E97/><V33/><F37/><W22/><G32/><T7/><D7/><U98/><E98/><V99/><F99/><W119/><G4/><RYUUKYOKU ba="0,1" sc="404,30,126,-10,214,-10,246,-10" hai0="5,8,13,29,31,39,42,44,46,50,53,57,60" /><INIT seed="4,1,1,0,0,111" ten="434,116,204,236" oya="0" hai0="114,41,37,49,75,72,35,2,120,29,87,106,27" hai1="59,3,94,0,31,62,108,91,53,20,84,80,11" hai2="118,18,132,85,134,63,104,130,78,79,93,66,102" hai3="73,100,38,68,26,12,67,5,128,97,133,14,4"/><T115/><D120/><U121/><E121/><V16/><F130/><W21/><G128/><T23/><D37/><U19/><E108/><V7/><F7/><N who="3" m="2635" /><G73/><T65/><D2/><U57/><E11/><V8/><F104/><W52/><G38/><T54/><D106/><U90/><E59/><V44/><F44/><W13/><G68/><T36/><D65/><U51/><E31/><V33/><F33/><W58/><G67/><T117/><D117/><U69/><E69/><V9/><F118/><W40/><G40/><T17/><D41/><U48/><E0/><V24/><F24/><W45/><G45/><T112/><D87/><U83/><E3/><V92/><F85/><W64/><G64/><T116/><D36/><U95/><E83/><V76/><F102/><W39/><G39/><T124/><D124/><U56/><E56/><V88/><F63/><N who="3" m="36295" /><G133/><N who="2" m="51305" /><F66/><W61/><G61/><T30/><D116/><U42/><E42/><V135/><N who="2" m="51313" /><V122/><DORA hai="43" /><F122/><W103/><G97/><T109/><D109/><U119/><E119/><V77/><N who="2" m="19456" /><DORA hai="1" /><V107/><F107/><W25/><G25/><N who="0" m="14575" /><D30/><AGARI ba="1,1" hai="12,13,14,21,26,30,100,103" m="36295,2635" machi="30" ten="30,8000,1" yaku="8,1,52,3,54,1" doraHai="111,43,1" who="3" fromWho="0" sc="434,-83,116,0,204,0,236,93" /><INIT seed="5,0,0,5,3,54" ten="351,116,204,329" oya="1" hai0="99,30,22,40,74,15,102,127,132,21,1,110,78" hai1="0,88,113,92,96,52,48,63,20,41,29,46,67" hai2="58,119,105,107,25,106,64,104,50,13,26,126,111" hai3="66,81,56,84,59,62,44,31,18,38,23,68,6"/><U72/><E113/><V133/><F119/><W32/><G6/><T135/><D110/><U101/><E0/><V76/><F111/><W122/><G122/><T17/><D127/><U82/><E72/><V94/><F126/><W97/><G32/><T116/><D116/><U90/><E82/><V61/><F133/><W109/><G31/><T53/><D1/><U124/><E124/><V39/><F76/><W3/><G3/><T60/><D40/><U43/><E43/><V4/><F39/><W120/><G109/><T128/><D128/><U14/><E41/><V47/><N who="2" m="26624" /><DORA hai="5" /><V130/><F94/><W100/><G44/><T27/><D99/><U11/><E20/><V115/><F130/><W37/><G120/><T114/><D102/><U69/><E29/><V91/><F91/><W57/><G97/><T112/><D78/><U45/><E45/><V9/><REACH who="2" step="1"/><F115/><REACH who="2" ten="351,116,194,329" step="2"/><N who="0" m="44074" /><D74/><U131/><E131/><V73/><F73/><W71/><G100/><T85/><D135/><U16/><AGARI ba="0,1" hai="11,14,16,46,48,52,63,67,69,88,90,92,96,101" machi="16" ten="20,18000,2" yaku="0,1,7,1,52,1,54,3" doraHai="54,5" who="1" fromWho="1" sc="351,-60,116,190,194,-60,329,-60" /><INIT seed="5,1,0,3,2,58" ten="291,306,134,269" oya="1" hai0="22,76,72,101,67,8,98,40,127,17,5,123,28" hai1="32,35,117,47,90,112,1,133,124,95,65,113,11" hai2="10,14,102,131,25,66,59,114,30,16,115,84,7" hai3="94,60,24,23,120,49,82,41,79,87,52,88,104"/><U107/><E117/><V12/><F102/><W80/><G104/><T89/><D127/><U57/><E107/><V44/><F84/><W15/><G120/><T43/><D123/><U130/><E124/><V119/><F44/><W134/><G134/><T54/><D28/><U132/><E47/><V50/><F119/><W116/><G116/><T129/><D129/><U126/><E126/><V18/><F131/><W71/><G15/><T3/><D89/><U103/><E103/><V135/><F135/><N who="1" m="51785" /><E130/><V56/><F50/><W122/><G41/><T100/><D100/><U27/><E11/><N who="2" m="6495" /><F59/><N who="3" m="34919" /><G71/><T85/><D72/><U86/><E1/><N who="2" m="367" /><F56/><W91/><G49/><T13/><D67/><U9/><E57/><V81/><F66/><W55/><G55/><T75/><D54/><U62/><E62/><V111/><F81/><N who="3" m="47551" /><G122/><T4/><D75/><U0/><E65/><V96/><F96/><N who="3" m="57415" /><G91/><T36/><D36/><U34/><E27/><V31/><F111/><W48/><G48/><T97/><D43/><U70/><E70/><V38/><F38/><W68/><G68/><T26/><D40/><U105/><E105/><V73/><F73/><W20/><G20/><T108/><D108/><U110/><E110/><V125/><F125/><W33/><G33/><T118/><D118/><U46/><E46/><V63/><F63/><W2/><G2/><T93/><D3/><U42/><E42/><V39/><F39/><W45/><G45/><T53/><D53/><U99/><E86/><V37/><F37/><W74/><G74/><T51/><D85/><U121/><E121/><V19/><F25/><RYUUKYOKU ba="1,0" sc="291,-15,306,15,134,-15,269,15" hai1="0,9,32,34,35,90,95,99,112,113" hai3="23,24,80,82" /><INIT seed="5,2,0,0,5,101" ten="276,321,119,284" oya="1" hai0="40,0,66,127,85,48,15,89,76,46,58,18,121" hai1="134,107,126,43,41,119,110,29,69,83,6,117,50" hai2="123,61,9,116,80,111,53,60,27,99,5,14,67" hai3="2,135,109,79,114,93,44,112,28,108,47,125,10"/><U90/><E69/><V19/><F123/><W124/><G93/><T92/><D121/><U22/><E107/><V3/><F116/><W63/><G79/><T57/><D127/><N who="3" m="48713" /><G28/><T21/><D0/><U87/><E126/><V31/><F111/><N who="3" m="42571" /><G2/><T122/><D122/><U78/><E110/><V100/><F80/><W65/><G135/><T74/><D66/><U38/><E134/><V129/><F129/><W131/><G131/><T97/><D74/><U30/><E30/><V51/><F67/><W105/><G10/><T81/><AGARI ba="2,0" hai="15,18,21,40,46,48,57,58,76,81,85,89,92,97" machi="81" ten="30,2000,0" yaku="0,1,8,1" doraHai="101" who="0" fromWho="0" sc="276,26,321,-12,119,-7,284,-7" /><INIT seed="6,0,0,0,0,91" ten="302,309,112,277" oya="2" hai0="71,5,64,47,16,72,126,70,12,58,61,50,45" hai1="65,107,13,44,119,36,67,66,129,118,62,55,15" hai2="4,110,78,23,99,82,24,38,43,83,98,46,39" hai3="105,69,128,14,96,90,79,37,8,114,21,42,87"/><V74/><F110/><W81/><G69/><T106/><D126/><U63/><E107/><V109/><F109/><W97/><G128/><T57/><D106/><U75/><E75/><V29/><F38/><W48/><G37/><T33/><D33/><U88/><E129/><V11/><REACH who="2" step="1"/><F83/><REACH who="2" ten="302,309,102,277" step="2"/><W20/><G114/><T9/><D72/><U111/><E111/><V100/><F100/><W1/><G81/><T132/><D132/><U53/><E36/><V27/><F27/><W89/><G87/><T54/><D71/><U60/><E119/><V76/><F76/><W35/><G79/><T49/><D5/><U10/><E118/><V84/><F84/><W116/><G35/><T17/><D17/><U2/><E67/><V31/><F31/><W94/><G116/><T117/><D117/><U73/><E66/><V86/><F86/><W18/><G97/><T124/><D124/><U125/><E65/><V135/><F135/><W28/><G96/><T34/><D34/><U104/><E125/><V115/><F115/><W41/><G28/><T113/><D113/><U130/><E73/><V40/><F40/><AGARI ba="0,1" hai="9,12,16,40,45,47,49,50,54,57,58,61,64,70" machi="40" ten="30,2000,0" yaku="7,1,54,1" doraHai="91" who="0" fromWho="2" sc="302,30,309,0,102,-20,277,0" /><INIT seed="7,0,0,4,2,10" ten="332,309,82,277" oya="3" hai0="99,134,111,79,22,30,56,35,6,123,118,1,81" hai1="114,83,36,65,96,46,62,126,131,135,77,105,24" hai2="12,66,119,58,91,5,97,50,82,0,47,45,117" hai3="17,37,11,42,120,130,55,121,52,48,8,41,103"/><W34/><G34/><T85/><D111/><U133/><E114/><V33/><F0/><W49/><G103/><T61/><D123/><U27/><E131/><V100/><F33/><W73/><G17/><T71/><D134/><N who="1" m="51211" /><E126/><V102/><F117/><W4/><G4/><T2/><D118/><U32/><E46/><V107/><F119/><W40/><G73/><T95/><D71/><N who="1" m="42423" /><E36/><V3/><F3/><W15/><G15/><T113/><D6/><U75/><E32/><V129/><F129/><W13/><G13/><T59/><D59/><U16/><E16/><V53/><F102/><AGARI ba="0,0" hai="24,27,75,77,83,96,102,105" m="42423,51211" machi="102" ten="30,1000,0" yaku="20,1" doraHai="10" who="1" fromWho="2" sc="332,0,309,10,82,-10,277,0" owari="332,43.0,319,12.0,72,-43.0,277,-12.0" /></mjloggm>