<mjloggm ver="2.3"><GO type="169" lobby="0"/><UN n0="%E4%B8%83%E3%83%84%E6%98%9F%E3%83%9B%E3%82%AF%E3%82%B5%E3%82%A4" n1="%E3%82%B3%E3%81%98%E3%81%95%E3%82%93%EF%BC%9F" n2="%4B%4F%54%41%2A%2A" n3="%E7%B7%92%E6%96%B9%E6%99%BA%E7%B5%B5%E9%87%8C%2B" dan="17,18,17,16" rate="2151.37,2242.50,2220.25,2095.31" sx="M,M,F,M"/><TAIKYOKU oya="0"/><INIT seed="0,0,0,4,5,65" ten="250,250,250,250" oya="0" hai0="115,102,100,95,122,116,88,127,86,58,10,30,131" hai1="22,2,19,3,69,52,75,87,23,66,118,18,73" hai2="110,60,48,91,93,84,42,70,113,27,101,51,40" hai3="33,28,15,76,120,50,5,121,105,17,20,6,67"/><T125/><D122/><N who="3" m="47209" /><G105/><T123/><D123/><U108/><E118/><V71/><F113/><W106/><G106/><T94/><D116/><U130/><E108/><V111/><F60/><W46/><G76/><T29/><D115/><U63/><E130/><V119/><F119/><W133/><G67/><T83/><D10/><U64/><E87/><V38/><F101/><N who="0" m="39018" /><D58/><U16/><E66/><V135/><F27/><N who="3" m="18591" /><G133/><T36/><D36/><U53/><E64/><V54/><F135/><W74/><G74/><N who="1" m="28170" /><E63/><V26/><F26/><W97/><G97/><T85/><D131/><U126/><E69/><N who="2" m="26123" /><F38/><W134/><G134/><T9/><D9/><U45/><E126/><N who="0" m="48137" /><D29/><U4/><E4/><V43/><F54/><AGARI ba="0,0" hai="5,6,15,17,20,46,50,54" m="18591,47209" machi="54" ten="30,1000,0" yaku="13,1" doraHai="65" who="3" fromWho="2" sc="250,0,250,0,250,-10,250,10" /><INIT seed="1,0,0,3,4,111" ten="250,250,240,260" oya="1" hai0="74,17,43,121,124,106,87,127,14,63,134,1,61" hai1="116,40,22,83,64,79,80,0,126,75,129,132,97" hai2="2,13,114,3,62,52,45,4,91,7,86,66,65" hai3="21,28,110,100,117,69,67,29,30,20,96,103,51"/><U98/><E116/><V58/><F3/><W36/><G36/><T38/><D74/><U8/><E126/><V53/><F2/><W104/><G117/><T109/><D1/><U37/><E132/><V35/><F35/><W10/><G110/><T50/><D109/><U12/><E129/><V68/><F114/><W47/><G10/><T89/><D106/><U105/><E105/><V115/><F115/><W16/><G103/><T55/><D134/><U84/><E64/><V23/><F68/><W6/><G6/><N who="2" m="2089" /><F13/><W113/><G113/><T92/><D121/><U94/><E0/><V85/><F23/><W133/><G133/><T77/><D77/><U11/><E22/><V119/><F119/><W102/><G102/><T19/><D43/><U41/><E37/><V26/><F26/><W33/><G33/><T5/><D38/><U60/><E60/><V25/><F25/><W70/><G67/><N who="2" m="25609" /><F91/><W18/><G18/><T78/><D78/><U49/><E49/><AGARI ba="0,0" hai="45,49,52,53,58,62,85,86" m="25609,2089" machi="49" ten="30,2000,0" yaku="8,1,54,1" doraHai="111" who="2" fromWho="1" sc="250,0,250,-20,240,20,260,0" /><INIT seed="2,0,0,5,2,15" ten="250,230,260,260" oya="2" hai0="112,116,52,90,60,57,59,37,111,13,64,69,88" hai1="2,35,103,95,118,25,109,121,14,20,28,113,72" hai2="38,123,82,128,130,18,7,131,101,55,8,30,122" hai3="81,83,91,132,100,42,117,66,3,79,97,110,115"/><V70/><F70/><W99/><G3/><T46/><D112/><U33/><E72/><V63/><F38/><W41/><G66/><T26/><D111/><U50/><E113/><V80/><F101/><W87/><G117/><T75/><D75/><U62/><E118/><V6/><F30/><W134/><G115/><T120/><D116/><U40/><E2/><V53/><F63/><W31/><G31/><T34/><D120/><N who="2" m="46122" /><F18/><W78/><G110/><T22/><D34/><U65/><E109/><V43/><F43/><W108/><G42/><N who="0" m="22863" /><D59/><U107/><E107/><V85/><F85/><W12/><G12/><T16/><D13/><U44/><E14/><N who="2" m="5399" /><F7/><W127/><G41/><T5/><D5/><U73/><E73/><V98/><F98/><W129/><G108/><T47/><D47/><U114/><E114/><V24/><F24/><W126/><G100/><T56/><D56/><N who="1" m="37063" /><E121/><V93/><F93/><W51/><G51/><AGARI ba="0,0" hai="16,22,26,51,52,57,60,64,69,88,90" m="22863" machi="51" ten="30,8000,1" yaku="24,1,52,1,54,3" doraHai="15" who="0" fromWho="3" sc="250,80,230,0,260,0,260,-80" /><INIT seed="3,0,0,5,2,81" ten="330,230,260,180" oya="3" hai0="135,107,112,67,20,84,48,82,47,17,62,85,74" hai1="59,22,129,76,71,50,113,111,44,121,89,35,28" hai2="134,87,88,61,98,72,79,25,30,11,118,41,37" hai3="125,116,127,132,78,42,10,99,94,46,109,66,105"/><W51/><G116/><T16/><D107/><U102/><E71/><V33/><F118/><W23/><G105/><T97/><D135/><U93/><E35/><V34/><F134/><W130/><G132/><T114/><D97/><U86/><E113/><N who="0" m="43625" /><D74/><U123/><E111/><V128/><F128/><W122/><G122/><T90/><D20/><U53/><E129/><V83/><F34/><W124/><G130/><T5/><D5/><U70/><E70/><V3/><F98/><W38/><G78/><N who="0" m="46167" /><D62/><U8/><E102/><V95/><F61/><W103/><G109/><T63/><D63/><U52/><E76/><V126/><F126/><W18/><G10/><T57/><D57/><U40/><E8/><V68/><F68/><W21/><G66/><T27/><D27/><U43/><E121/><V131/><F131/><W60/><G60/><T0/><D0/><U64/><E123/><V1/><REACH who="2" step="1"/><F11/><REACH who="2" ten="330,230,250,180" step="2"/><W133/><G133/><T100/><D67/><U96/><E64/><V9/><F9/><W29/><G29/><T49/><D100/><U54/><E96/><V119/><F119/><W36/><REACH who="3" step="1"/><G21/><REACH who="3" ten="330,230,250,170" step="2"/><T56/><D56/><U2/><E59/><V80/><F80/><W32/><G32/><T110/><D110/><U12/><E22/><V45/><AGARI ba="0,2" hai="1,3,25,30,33,37,41,45,72,79,83,87,88,95" machi="45" ten="30,7900,0" yaku="1,1,0,1,52,1,54,1,53,0" doraHai="81" doraHaiUra="120" who="2" fromWho="2" sc="330,-20,230,-20,250,99,170,-39" /><INIT seed="4,0,0,2,2,108" ten="310,210,349,131" oya="0" hai0="8,122,70,32,112,58,15,126,79,71,90,102,34" hai1="36,131,73,68,114,63,72,21,2,29,10,54,6" hai2="87,46,38,3,83,14,75,35,5,26,130,82,81" hai3="94,109,77,117,19,104,84,28,18,1,127,42,96"/><T80/><D122/><U44/><E131/><V37/><F130/><W7/><G109/><T45/><D102/><U65/><E114/><V67/><F67/><W118/><G28/><T40/><D90/><U4/><E4/><V69/><F69/><W115/><G127/><T57/><D126/><U88/><E36/><V76/><F37/><W119/><G42/><T25/><D71/><U120/><E120/><V33/><F14/><W60/><G60/><T99/><D99/><U89/><E29/><N who="2" m="19639" /><F87/><W31/><G31/><T116/><D70/><U86/><E21/><V53/><F53/><W9/><G115/><T100/><D100/><U0/><E0/><V39/><F39/><W107/><G77/><T47/><D116/><U134/><E89/><V97/><F97/><W62/><G62/><T113/><D25/><U52/><E134/><V48/><F48/><W41/><G41/><T101/><D101/><U51/><REACH who="1" step="1"/><E54/><REACH who="1" ten="310,200,349,131" step="2"/><V11/><F35/><W78/><G117/><T124/><D124/><U123/><E123/><V13/><F3/><W92/><G118/><T111/><D111/><U103/><E103/><V12/><F38/><W17/><G119/><T95/><D113/><U61/><E61/><V43/><F43/><W56/><G1/><T49/><D112/><U30/><E30/><V64/><F5/><W16/><G7/><T91/><D32/><U133/><E133/><V50/><F76/><W27/><G78/><T85/><D34/><U55/><E55/><V105/><F11/><W128/><G9/><T110/><D8/><U74/><E74/><V23/><F75/><RYUUKYOKU ba="0,1" sc="310,-10,200,30,349,-10,131,-10" hai1="2,6,10,44,51,52,63,65,68,72,73,86,88" /><INIT seed="5,1,1,0,5,102" ten="300,230,339,121" oya="1" hai0="123,49,77,35,31,57,79,3,27,41,63,112,119" hai1="13,90,43,39,131,111,54,68,129,132,69,29,65" hai2="87,44,82,34,118,92,101,96,10,98,100,71,40" hai3="36,117,28,52,11,4,106,47,125,113,62,95,80"/><U93/><E132/><V134/><F71/><W75/><G28/><T104/><D119/><U64/><E111/><V97/><F34/><W56/><G117/><T107/><D3/><U8/><E29/><V45/><F118/><W133/><G133/><T30/><D112/><U12/><E39/><V15/><F134/><W99/><G125/><T7/><D7/><U74/><E43/><V37/><F45/><W127/><G127/><T108/><D108/><U14/><E74/><V116/><F116/><W53/><G113/><T48/><D41/><U91/><E8/><V32/><F32/><W42/><G80/><T16/><D123/><U115/><E115/><V122/><F122/><W0/><G75/><T18/><D35/><U25/><E25/><V109/><F109/><W1/><G1/><T33/><D33/><U103/><E54/><V46/><F46/><W72/><G72/><T2/><D2/><U94/><E14/><V89/><F100/><AGARI ba="1,1" hai="12,13,64,65,68,69,90,91,93,94,100,103,129,131" machi="100" ten="25,2400,0" yaku="22,2" doraHai="102" who="1" fromWho="2" sc="300,0,230,37,339,-27,121,0" /><INIT seed="5,2,0,3,4,37" ten="300,267,312,121" oya="1" hai0="47,48,101,132,49,133,113,4,71,66,86,83,105" hai1="135,30,29,13,63,108,60,0,61,88,3,65,55" hai2="82,32,90,25,99,77,122,68,131,27,10,8,6" hai3="59,109,21,121,106,96,75,40,1,69,56,80,34"/><U117/><E117/><V50/><F122/><W12/><G121/><T127/><D4/><U98/><E135/><N who="0" m="51785" /><D113/><U100/><E108/><V103/><F68/><W125/><G109/><T46/><D127/><U116/><E116/><V43/><F131/><W67/><G1/><T110/><D110/><U18/><E65/><V114/><F32/><W107/><G34/><T87/><D101/><U93/><E0/><V62/><F62/><W102/><G69/><T76/><D105/><U14/><E3/><V111/><F111/><W81/><G125/><T97/><D97/><U31/><E55/><V2/><F10/><W45/><G67/><T119/><D87/><U17/><REACH who="1" step="1"/><E100/><REACH who="1" ten="300,257,312,121" step="2"/><V41/><F103/><W5/><G107/><T35/><D119/><U85/><E85/><V51/><F2/><W104/><G106/><T64/><D71/><U91/><E91/><V94/><F90/><W22/><G75/><T7/><D66/><U128/><E128/><V70/><F70/><W115/><G115/><T134/><D64/><U53/><E53/><V9/><F114/><W36/><G80/><T19/><D134/><U112/><E112/><V38/><F82/><W39/><G81/><T58/><D83/><U129/><E129/><V84/><F84/><W120/><G120/><T95/><D86/><U23/><E23/><V24/><F77/><W16/><G22/><T52/><D76/><U78/><E78/><V11/><F11/><W28/><G21/><T73/><D35/><U118/><E118/><V126/><F8/><W74/><G104/><T15/><D73/><U42/><E42/><RYUUKYOKU ba="2,1" sc="300,-10,257,30,312,-10,121,-10" hai1="13,14,17,18,29,30,31,60,61,63,88,93,98" /><INIT seed="5,3,1,5,1,46" ten="290,287,302,111" oya="1" hai0="45,11,33,40,86,38,25,97,67,84,21,0,15" hai1="55,41,118,66,34,23,19,123,89,100,135,126,32" hai2="107,59,94,127,57,65,13,130,9,16,83,132,98" hai3="50,31,14,6,4,95,125,134,87,112,69,101,8"/><U74/><E123/><V103/><F130/><W90/><G69/><T75/><D75/><U43/><E118/><V44/><F132/><W53/><G134/><T39/><D39/><U105/><E135/><V113/><F127/><W3/><G125/><T47/><D47/><U78/><E126/><V64/><F107/><W81/><G31/><T129/><D129/><U68/><E100/><V1/><F1/><W79/><G112/><T133/><D133/><U24/><E105/><V63/><F113/><W61/><G61/><T60/><D33/><U109/><E109/><V35/><F35/><W111/><G111/><T128/><D97/><U93/><E66/><V54/><F83/><W62/><G62/><T28/><D0/><U17/><E17/><V18/><F44/><W117/><G101/><T116/><D116/><U20/><E20/><V91/><F103/><W99/><G117/><T122/><D122/><U96/><E68/><V26/><F59/><W110/><G110/><T37/><D37/><U104/><E104/><V52/><F54/><W114/><G114/><T48/><D38/><U72/><E72/><V51/><F63/><W42/><G42/><N who="1" m="15882" /><E78/><V119/><F119/><W7/><G3/><T36/><D36/><U27/><E74/><V2/><F2/><W108/><G108/><T70/><D128/><U30/><E55/><V71/><F71/><W77/><G79/><T10/><D10/><U73/><E73/><V85/><F98/><W12/><G8/><T22/><D22/><AGARI ba="3,1" hai="9,13,16,18,22,26,51,52,57,64,65,85,91,94" machi="22" ten="40,8000,1" yaku="8,1,52,1,54,2" doraHai="46" who="2" fromWho="0" sc="290,-89,287,0,302,99,111,0" /><INIT seed="6,0,0,2,2,130" ten="201,287,401,111" oya="2" hai0="39,41,87,43,16,84,100,119,63,125,35,129,14" hai1="62,2,81,57,36,75,27,18,33,73,94,117,112" hai2="83,106,8,85,77,31,124,103,60,109,10,66,91" hai3="6,56,128,99,5,11,32,52,54,45,74,9,90"/><V105/><F124/><W19/><G74/><T23/><D35/><U86/><E117/><V21/><F109/><W38/><G32/><T4/><D129/><U78/><E36/><V95/><F106/><W64/><G128/><T116/><D125/><U42/><E112/><V24/><F105/><W121/><G121/><T29/><D29/><U12/><E42/><V53/><F53/><W134/><G38/><T30/><D30/><U123/><E2/><V37/><F37/><W133/><G19/><T49/><D39/><U34/><E123/><V70/><REACH who="2" step="1"/><F103/><REACH who="2" ten="201,287,391,111" step="2"/><W122/><G122/><T108/><D108/><U0/><E75/><AGARI ba="0,1" hai="8,10,21,24,31,60,66,70,75,77,83,85,91,95" machi="75" ten="30,5800,0" yaku="1,1,2,1,7,1,53,0" doraHai="130" doraHaiUra="50" who="2" fromWho="1" sc="201,0,287,-58,391,68,111,0" /><INIT seed="6,1,0,3,3,31" ten="201,229,459,111" oya="2" hai0="40,111,97,67,12,23,37,51,52,75,123,13,0" hai1="91,25,3,5,95,104,9,45,60,72,50,70,19" hai2="101,120,68,129,83,53,96,78,115,112,80,46,59" hai3="90,49,86,32,22,66,74,124,57,11,8,27,131"/><V7/><F120/><W55/><G74/><T106/><D111/><U79/><E104/><V4/><F129/><W41/><G131/><T103/><D123/><U16/><E79/><V89/><F46/><W29/><G124/><T65/><D0/><U1/><E72/><V18/><F68/><W42/><G66/><T125/><D75/><U69/><E1/><V98/><F18/><W30/><G42/><T87/><D125/><U122/><E122/><V21/><F21/><W127/><G127/><T119/><D119/><U43/><E60/><V133/><F133/><W33/><G41/><T36/><D40/><U54/><E43/><V117/><F89/><W26/><REACH who="3" step="1"/><G22/><REACH who="3" ten="201,229,459,101" step="2"/><T118/><D67/><U17/><E70/><V28/><F117/><W71/><G71/><T34/><D65/><U130/><E69/><V10/><F115/><W73/><G73/><T84/><D23/><U102/><E130/><V110/><F112/><W14/><G14/><T128/><D12/><U135/><E135/><V61/><F110/><W44/><G44/><T116/><D13/><U47/><E47/><V99/><F59/><W2/><G2/><T6/><D118/><U56/><E45/><V76/><F10/><W58/><G58/><T109/><D116/><U81/><E56/><V62/><F53/><W35/><G35/><T94/><D34/><U114/><E3/><V126/><F126/><W132/><G132/><T20/><D109/><U100/><E9/><V93/><F4/><W134/><G134/><T82/><D128/><U24/><E5/><V63/><F7/><W113/><G113/><RYUUKYOKU ba="1,1" sc="201,-10,229,-10,459,-10,101,30" hai3="8,11,26,27,29,30,32,33,49,55,57,86,90" /><INIT seed="7,2,1,0,3,19" ten="191,219,449,131" oya="3" hai0="96,25,4,118,66,21,84,38,17,126,3,61,12" hai1="70,65,94,100,82,29,86,103,28,128,83,6,72" hai2="91,31,97,52,60,1,125,123,36,56,104,54,112" hai3="113,122,88,57,134,27,53,44,106,119,39,7,14"/><W77/><G122/><T71/><D118/><U108/><E108/><V64/><F36/><W92/><G106/><T127/><D38/><U48/><E72/><V98/><F1/><W90/><G119/><T131/><D131/><U46/><E128/><V23/><F123/><W37/><G77/><T78/><D96/><N who="1" m="59415" /><E70/><V45/><F112/><W58/><G113/><T75/><D75/><U107/><E107/><V22/><F125/><N who="0" m="47626" /><D3/><U132/><E65/><V43/><F31/><N who="1" m="11849" /><E132/><V68/><F91/><N who="3" m="34859" /><G39/><T0/><D0/><U89/><E6/><V9/><F104/><W20/><G37/><T116/><D116/><U16/><E16/><V10/><F68/><W49/><G134/><T51/><D51/><U76/><E103/><V62/><F64/><W8/><G92/><T40/><D40/><N who="1" m="24647" /><E76/><V79/><F79/><W101/><G101/><T33/><D33/><U120/><E120/><V85/><F43/><W55/><G55/><T18/><D4/><U42/><E42/><V67/><F67/><W13/><G13/><T99/><D99/><U114/><E114/><V2/><F2/><W69/><G69/><T110/><D78/><U117/><E117/><V81/><F54/><W47/><G47/><T74/><D74/><U105/><E105/><V30/><F45/><W124/><G124/><T35/><D84/><U24/><E24/><V26/><F52/><W87/><G87/><T115/><D115/><U34/><E34/><V129/><F85/><W111/><G111/><T109/><D35/><U63/><E82/><V11/><F129/><W73/><G73/><T50/><D50/><RYUUKYOKU ba="2,1" sc="191,10,219,10,449,-30,131,10" hai0="12,17,18,21,25,61,66,71,109,110" hai1="63,83,86,89" hai3="7,8,14,20,27,44,49,53,57,58" /><INIT seed="7,3,1,4,4,95" ten="201,229,419,141" oya="3" hai0="20,117,49,58,101,11,109,100,42,6,69,60,18" hai1="8,71,82,32,126,53,128,17,45,44,39,119,57" hai2="76,81,50,106,10,21,5,111,31,90,132,107,92" hai3="23,33,114,77,54,14,27,35,89,25,4,103,36"/><W79/><G36/><T24/><D109/><U133/><E71/><V46/><F111/><W102/><G114/><T52/><D117/><U131/><E119/><V12/><F132/><W72/><G72/><T125/><D125/><U3/><E133/><V104/><F31/><W99/><G35/><T118/><D118/><U7/><E126/><V1/><F21/><W121/><G121/><T70/><D70/><U85/><E32/><V55/><F1/><W129/><G33/><T29/><D29/><U9/><E17/><V80/><F76/><N who="3" m="29259" /><G54/><T64/><D42/><U120/><E9/><V108/><F108/><W78/><N who="3" m="29267" /><W62/><DORA hai="116" /><G62/><T43/><D43/><U75/><E75/><V59/><F46/><W19/><G129/><N who="1" m="49738" /><E39/><V115/><F115/><W0/><G0/><AGARI ba="3,1" hai="0,6,11,18,20,24,49,52,58,60,64,69,100,101" machi="0" ten="30,2000,0" yaku="7,1,54,1" doraHai="95,116" who="0" fromWho="3" sc="201,39,229,0,419,0,141,-29" owari="240,4.0,229,-17.0,419,52.0,112,-39.0" /></mjloggm>