<mjloggm ver="2.3"><GO type="185" lobby="0"/><UN n0="%E3%81%91%E3%82%93%E3%81%97%E3%82%8D%E3%83%BC%E3%83%BC%E3%82%8D" n1="%77%61%77%61%33%30%33%30" n2="%4F%4D%49%53%4F%2D%53" n3="" dan="16,16,16,0" rate="2055.08,2157.24,2167.85,1500.00" sx="M,M,M,C"/><TAIKYOKU oya="0"/><INIT seed="0,0,0,4,0,67" ten="350,350,350,0" oya="0" hai0="106,90,65,1,100,43,61,78,109,77,80,74,32" hai1="79,50,128,81,75,52,66,96,47,3,63,94,108" hai2="69,126,101,35,51,54,59,123,38,56,85,133,121" hai3=""/><T60/><D32/><U113/><E3/><V115/><N who="2" m="31008" /><V62/><N who="2" m="31520" /><V37/><F35/><T129/><D1/><U82/><E108/><V118/><F115/><T68/><D129/><U44/><E128/><V116/><F126/><T134/><D109/><U36/><E113/><V112/><F112/><T87/><D134/><U99/><E82/><V71/><F101/><T127/><D127/><U0/><E0/><V55/><F85/><T58/><D43/><U119/><E119/><N who="2" m="45611" /><F133/><T72/><D106/><U64/><E64/><V2/><F2/><T97/><D100/><U33/><E33/><V45/><F59/><T40/><D40/><U111/><E111/><V103/><F103/><T34/><D34/><U76/><E76/><V125/><F125/><T95/><REACH who="0" step="1"/><D77/><REACH who="0" ten="340,350,350,0" step="2"/><U107/><E107/><V135/><F135/><T89/><D89/><U57/><E79/><V130/><F130/><T92/><D92/><U114/><E94/><V104/><F104/><T124/><D124/><U41/><E114/><V93/><F93/><T88/><D88/><U120/><N who="1" m="30752" /><U105/><E105/><V53/><F53/><AGARI ba="0,1" hai="53,58,60,61,65,68,72,74,78,80,87,90,95,97" machi="53" ten="30,5800,0" yaku="1,1,7,1,52,1,53,0" doraHai="67" doraHaiUra="39" who="0" fromWho="2" sc="340,68,350,0,350,-58,0,0" /><INIT seed="0,1,0,5,4,81" ten="408,350,292,0" oya="0" hai0="104,123,129,74,60,3,95,91,34,78,135,54,107" hai1="70,102,84,118,125,0,88,115,45,72,89,79,51" hai2="97,120,110,64,103,62,1,99,100,121,98,126,57" hai3=""/><T113/><N who="0" m="31520" /><T48/><D34/><U109/><E118/><V111/><N who="2" m="30752" /><V53/><N who="2" m="31008" /><V130/><F1/><T71/><D3/><U42/><E70/><V37/><F130/><T66/><D113/><U65/><E0/><V58/><F37/><T131/><D135/><U106/><E115/><V55/><F64/><T39/><D39/><U41/><E65/><V85/><F85/><T50/><D50/><U76/><E72/><V128/><F128/><N who="0" m="49226" /><D78/><U101/><E106/><N who="0" m="40489" /><D74/><U46/><E79/><V92/><F126/><T61/><D60/><U94/><E125/><V124/><F124/><T49/><D54/><U38/><E76/><V68/><F68/><T73/><D73/><U83/><REACH who="1" step="1"/><E109/><REACH who="1" ten="408,340,292,0" step="2"/><N who="2" m="41483" /><F100/><T87/><AGARI ba="1,1" hai="48,49,61,66,71,87,91,95" m="40489,49226,31520" machi="87" ten="30,4000,0" yaku="19,1,52,2" doraHai="81" who="0" fromWho="0" sc="408,52,340,-21,292,-21,0,0" /><INIT seed="0,2,0,3,1,48" ten="460,319,271,0" oya="0" hai0="77,120,54,3,39,83,96,100,101,71,127,46,35" hai1="55,33,131,91,98,122,121,44,53,106,1,104,88" hai2="64,134,79,117,45,2,116,56,61,110,135,111,36" hai3=""/><T84/><N who="0" m="30752" /><T103/><D3/><U76/><N who="1" m="31008" /><U82/><N who="1" m="31264" /><U63/><E1/><V90/><F79/><T60/><D35/><U129/><E33/><V47/><F90/><N who="1" m="34345" /><E63/><V132/><F2/><T113/><D113/><U124/><E44/><N who="2" m="16971" /><F36/><T52/><D127/><U37/><E37/><V75/><F75/><T130/><D130/><N who="1" m="49675" /><E124/><V40/><F40/><T49/><D39/><U118/><E118/><AGARI ba="2,0" hai="56,61,64,110,111,116,117,118,132,134,135" m="16971" machi="118" ten="40,8000,1" yaku="12,1,20,1,34,2" doraHai="48" who="2" fromWho="1" sc="460,0,319,-84,271,84,0,0" /><INIT seed="1,0,0,0,5,33" ten="460,235,355,0" oya="1" hai0="54,52,69,122,83,36,80,82,114,41,106,131,86" hai1="102,126,75,42,87,47,133,117,51,72,107,3,101" hai2="103,89,56,70,74,105,73,60,37,119,67,104,125" hai3=""/><U45/><E117/><V79/><F119/><T110/><N who="0" m="31264" /><T50/><D110/><U93/><E107/><V97/><F125/><T90/><D114/><U38/><E126/><V112/><F112/><T55/><D106/><U130/><E133/><V81/><F37/><T108/><D108/><U124/><E124/><V91/><F73/><T118/><D118/><U84/><E130/><V128/><F128/><T39/><D69/><U123/><N who="1" m="31520" /><U96/><E102/><V135/><F135/><T121/><N who="0" m="31008" /><T94/><REACH who="0" step="1"/><D131/><REACH who="0" ten="450,235,355,0" step="2"/><U95/><E3/><V129/><F129/><T0/><D0/><U48/><E38/><V127/><F127/><T34/><D34/><U88/><REACH who="1" step="1"/><E87/><REACH who="1" ten="450,225,355,0" step="2"/><V44/><F105/><T62/><D62/><U132/><E132/><V113/><F113/><T71/><D71/><U64/><E64/><V66/><F70/><T99/><D99/><U92/><E92/><V43/><F67/><T57/><D57/><U68/><E68/><V49/><AGARI ba="0,2" hai="43,44,49,56,60,66,74,79,81,89,91,97,103,104" machi="49" ten="20,1100,0" yaku="0,1,7,1" doraHai="33" who="2" fromWho="2" sc="450,-4,225,-7,355,31,0,0" /><INIT seed="2,0,0,4,1,73" ten="446,218,386,0" oya="2" hai0="135,76,100,50,56,57,116,41,72,87,47,132,83" hai1="94,107,88,92,109,117,81,36,78,65,119,38,51" hai2="37,131,63,102,85,90,64,115,67,55,3,48,106" hai3=""/><V49/><F115/><T98/><D116/><N who="1" m="44619" /><E107/><V99/><F37/><T124/><D124/><U111/><E65/><V118/><F118/><T108/><D108/><N who="1" m="41547" /><E51/><V53/><F3/><T32/><D32/><U114/><E114/><V58/><F131/><T52/><D72/><U60/><E60/><V34/><F34/><T128/><D128/><U43/><E43/><V127/><F127/><T89/><D76/><U79/><E92/><V84/><F63/><T42/><D42/><U104/><E104/><V54/><F54/><T74/><D74/><U45/><E45/><V0/><F0/><T86/><D57/><U62/><E62/><V112/><F112/><T46/><D47/><U80/><E80/><V133/><F67/><T39/><D83/><U125/><E125/><V75/><F64/><T134/><D89/><U68/><E68/><V123/><F90/><T1/><D1/><U105/><E105/><AGARI ba="0,0" hai="39,41,46,50,52,56,86,87,98,100,105,132,134,135" machi="105" ten="40,2600,0" yaku="20,1,54,1" doraHai="73" who="0" fromWho="1" sc="446,26,218,-26,386,0,0,0" /><INIT seed="4,0,0,4,3,77" ten="472,192,386,0" oya="0" hai0="63,88,71,67,1,102,100,59,126,35,104,122,46" hai1="99,81,103,80,36,130,37,92,131,61,74,115,133" hai2="85,51,98,45,95,89,47,124,116,58,40,117,34" hai3=""/><T50/><N who="0" m="31264" /><T69/><D35/><U0/><E0/><V105/><F34/><T125/><D1/><U84/><E133/><V39/><F58/><T53/><D104/><U72/><E61/><V62/><F124/><N who="0" m="47722" /><D88/><U42/><E42/><V97/><F62/><T70/><AGARI ba="0,0" hai="46,50,53,59,63,67,69,70,71,100,102" m="47722,31264" machi="70" ten="40,2600,0" yaku="18,1,52,1" doraHai="77" who="0" fromWho="0" sc="472,26,192,-13,386,-13,0,0" /><INIT seed="4,1,0,2,3,72" ten="498,179,373,0" oya="0" hai0="77,99,63,115,0,51,112,130,38,96,104,44,108" hai1="128,116,64,134,35,101,58,32,113,120,50,66,74" hai2="61,129,62,82,119,47,67,98,68,1,46,36,95" hai3=""/><T84/><D0/><U87/><N who="1" m="30752" /><U60/><E74/><V92/><F1/><T71/><D130/><U65/><E116/><V91/><F119/><T100/><D108/><U103/><E128/><V107/><F107/><T53/><D96/><U34/><E134/><V39/><F129/><T40/><D71/><U133/><E133/><V42/><F62/><T85/><D63/><U111/><E111/><V73/><F95/><T49/><D38/><U86/><E50/><V135/><F135/><T69/><D69/><U80/><E113/><N who="0" m="43593" /><D77/><U102/><REACH who="1" step="1"/><E80/><REACH who="1" ten="498,169,373,0" step="2"/><V55/><F82/><T41/><D41/><U123/><N who="1" m="31520" /><U83/><E83/><V125/><F36/><T59/><AGARI ba="1,1" hai="40,44,49,51,53,59,84,85,99,100,104" m="43593" machi="59" ten="30,1000,0" yaku="15,1" doraHai="72" who="0" fromWho="0" sc="498,22,169,-6,373,-6,0,0" /><INIT seed="4,2,0,3,0,73" ten="520,163,367,0" oya="0" hai0="109,35,93,99,52,117,81,46,0,114,134,77,34" hai1="103,33,62,130,127,119,80,84,57,112,65,92,71" hai2="126,49,115,76,102,85,106,43,75,108,131,3,50" hai3=""/><T54/><D117/><U55/><E119/><V53/><F108/><T105/><D109/><U45/><E33/><V72/><F3/><T87/><D105/><U123/><N who="1" m="31520" /><U59/><E112/><V42/><F115/><T69/><D69/><U32/><E32/><V98/><F131/><T91/><D0/><U96/><E130/><V79/><F126/><T120/><N who="0" m="30752" /><T38/><D134/><U104/><E104/><V40/><F85/><T82/><D114/><U41/><E55/><V47/><REACH who="2" step="1"/><F49/><REACH who="2" ten="520,163,357,0" step="2"/><T70/><D34/><U60/><E127/><V107/><F107/><T97/><D35/><U51/><REACH who="1" step="1"/><E62/><REACH who="1" ten="520,153,357,0" step="2"/><V64/><F64/><T113/><D113/><U74/><E74/><AGARI ba="2,2" hai="40,42,43,47,50,53,72,74,75,76,79,98,102,106" machi="74" ten="40,5200,0" yaku="1,1,52,2,53,0" doraHai="73" doraHaiUra="2" who="2" fromWho="1" sc="520,0,153,-56,357,76,0,0" /><INIT seed="5,0,0,1,1,33" ten="520,97,433,0" oya="1" hai0="119,83,72,120,85,110,81,94,115,88,91,42,125" hai1="132,1,49,135,108,121,82,62,111,100,55,51,0" hai2="114,101,66,86,70,73,63,127,117,37,75,53,3" hai3=""/><U67/><N who="1" m="31008" /><U97/><E82/><V105/><F117/><T35/><N who="0" m="30752" /><T104/><D35/><U64/><E55/><V36/><F127/><T45/><D119/><U96/><E62/><V57/><F114/><T118/><D118/><U34/><E34/><V95/><F3/><T126/><D115/><U92/><E92/><V69/><F105/><T38/><D110/><U43/><E43/><V48/><F70/><T44/><D104/><U56/><E56/><V124/><F124/><T130/><D130/><U99/><E99/><V41/><F37/><T87/><REACH who="0" step="1"/><D45/><REACH who="0" ten="510,97,433,0" step="2"/><U65/><REACH who="1" step="1"/><E65/><REACH who="1" ten="510,87,433,0" step="2"/><V52/><F53/><T131/><D131/><U90/><E90/><V107/><F107/><T102/><D102/><AGARI ba="0,2" hai="0,1,49,51,64,67,96,97,100,102,108,111,132,135" m="31008" machi="102" ten="25,24000,3" yaku="1,1,22,2,52,3,53,2" doraHai="33" doraHaiUra="128" who="1" fromWho="0" sc="510,-240,87,260,433,0,0,0" /><INIT seed="5,1,0,2,1,91" ten="270,347,433,0" oya="1" hai0="96,113,126,51,127,129,45,69,81,40,80,70,50" hai1="78,99,59,121,90,61,33,85,58,47,112,133,117" hai2="93,0,119,107,94,35,123,97,54,66,36,108,114" hai3=""/><U95/><N who="1" m="31008" /><U49/><E112/><V56/><N who="2" m="31520" /><V109/><F0/><T89/><D113/><U110/><E133/><V65/><F114/><T46/><D129/><U83/><E117/><V64/><F35/><T48/><D96/><U84/><E110/><V100/><F36/><T34/><D34/><U52/><E33/><V72/><F72/><T3/><D3/><U134/><E134/><V87/><F119/><T86/><D81/><U116/><E116/><V120/><N who="2" m="30752" /><V122/><N who="2" m="31264" /><V125/><F125/><T130/><D130/><U55/><REACH who="1" step="1"/><E47/><REACH who="1" ten="270,337,433,0" step="2"/><V92/><REACH who="2" step="1"/><F87/><AGARI ba="1,1" hai="49,52,55,58,59,61,78,83,84,85,87,90,95,99" m="31008" machi="87" ten="30,18000,2" yaku="1,1,2,1,7,1,8,1,52,2,54,1,53,0" doraHai="91" doraHaiUra="105" who="1" fromWho="2" sc="270,0,337,192,433,-182,0,0" /><INIT seed="5,2,0,5,1,57" ten="270,529,251,0" oya="1" hai0="126,110,59,93,121,51,101,122,128,106,73,71,74" hai1="40,115,114,61,89,3,53,69,79,134,113,84,120" hai2="91,42,111,56,86,102,131,90,99,0,66,108,54" hai3=""/><U124/><N who="1" m="30752" /><U81/><E3/><V36/><F0/><T62/><N who="0" m="31008" /><T49/><N who="0" m="31264" /><T112/><D112/><U48/><E134/><V133/><F133/><T104/><D128/><U52/><E124/><V119/><F119/><T96/><D126/><U37/><E37/><V117/><F117/><T129/><D110/><U132/><E132/><V55/><F66/><T127/><D129/><U50/><E40/><V107/><F131/><T87/><D127/><U60/><E69/><V67/><F67/><T100/><D71/><U92/><E50/><V77/><F77/><T116/><D116/><U63/><E48/><V103/><F56/><T41/><D41/><U32/><E32/><V88/><F86/><AGARI ba="2,0" hai="52,53,60,61,63,79,81,84,86,89,92,113,114,115" m="30752" machi="86" ten="50,18000,2" yaku="15,1,52,4,54,1" doraHai="57" who="1" fromWho="2" sc="270,0,529,184,251,-184,0,0" /><INIT seed="5,3,0,4,0,97" ten="270,713,67,0" oya="1" hai0="111,82,68,73,56,67,55,77,119,117,87,47,52" hai1="89,124,90,115,58,39,133,75,43,1,105,134,78" hai2="49,104,59,70,81,65,53,71,135,107,72,60,120" hai3=""/><U36/><E1/><V110/><N who="2" m="30752" /><V86/><F110/><T121/><N who="0" m="31008" /><T2/><D2/><U123/><N who="1" m="31520" /><U88/><E105/><V132/><F72/><T69/><D111/><U51/><E115/><V76/><REACH who="2" step="1"/><F71/><REACH who="2" ten="270,713,57,0" step="2"/><T130/><D68/><U84/><E75/><V57/><F57/><T38/><D69/><U41/><E58/><V100/><F100/><T37/><D73/><U109/><E109/><V103/><F103/><T50/><D119/><U126/><E133/><AGARI ba="3,1" hai="49,53,59,60,65,70,76,81,86,104,107,132,133,135" m="30752" machi="133" ten="40,5200,0" yaku="1,1,20,1,52,1,53,0" doraHai="97" doraHaiUra="114" who="2" fromWho="1" sc="270,0,713,-58,57,68,0,0" /><INIT seed="6,0,0,3,0,68" ten="270,655,125,0" oya="2" hai0="37,128,3,67,62,119,53,126,34,98,122,35,101" hai1="70,123,115,44,57,63,97,105,40,127,104,121,61" hai2="116,111,56,106,1,93,92,76,125,73,95,75,54" hai3=""/><V109/><F1/><T83/><N who="0" m="31264" /><T124/><D119/><U79/><N who="1" m="31008" /><U58/><N who="1" m="31520" /><U72/><E115/><V130/><F116/><T89/><D128/><U39/><E70/><V96/><F130/><T74/><D3/><U32/><E127/><N who="0" m="48681" /><D53/><U80/><E97/><V114/><F125/><T82/><D37/><U81/><E81/><N who="0" m="30729" /><D89/><U77/><E77/><V91/><F114/><T48/><D48/><U47/><E47/><V0/><F0/><T99/><D74/><N who="2" m="28170" /><F76/><T71/><D98/><U52/><E32/><V107/><F56/><T87/><D87/><U43/><E43/><V50/><F54/><AGARI ba="0,0" hai="39,40,44,52,54,57,58,61,63,72,79,80,104,105" m="31520,31008" machi="54" ten="30,12000,2" yaku="7,1,9,1,52,3,54,1" doraHai="68" who="1" fromWho="2" sc="270,0,655,120,125,-120,0,0" owari="270,-13.0,775,72.0,5,-59.0,0,0.0" /></mjloggm>