<mjloggm ver="2.3"><GO type="185" lobby="0"/><UN n0="%E6%A8%BD%E3%81%AA%E3%81%AE%E5%A3%8A%E3%81%95%E3%81%AA%E3%81%84%E3%81%A7" n1="%E3%83%93%E3%83%83%E3%82%B0%E3%83%9E%E3%83%A1" n2="%70%61%77%61%66%75%31" n3="" dan="17,17,19,0" rate="2299.79,2179.89,2393.66,1500.00" sx="M,M,M,C"/><TAIKYOKU oya="0"/><INIT seed="0,0,0,5,4,45" ten="350,350,350,0" oya="0" hai0="38,114,85,71,123,135,43,104,122,37,95,107,76" hai1="1,66,56,128,75,49,82,79,0,105,39,61,68" hai2="60,132,131,94,69,106,70,3,126,108,2,92,46" hai3=""/><T96/><N who="0" m="31264" /><T133/><N who="0" m="31520" /><T72/><D72/><U101/><E128/><V84/><F108/><T73/><D73/><U59/><E39/><V74/><F74/><T88/><D71/><U33/><E33/><V57/><F106/><T129/><D114/><U87/><E75/><V93/><F131/><T54/><D129/><U109/><E109/><V124/><F132/><N who="0" m="50762" /><D43/><U125/><E125/><V115/><F115/><T41/><D41/><U65/><E68/><V80/><F46/><T67/><D67/><U86/><E66/><V118/><F118/><T44/><D76/><U77/><E77/><V36/><F36/><N who="0" m="13930" /><D96/><U83/><E79/><V90/><F70/><T111/><D111/><U117/><E117/><V62/><F69/><T40/><D40/><U53/><E65/><V89/><F124/><T55/><D44/><U120/><E120/><V91/><F126/><T99/><D107/><U42/><E105/><V113/><F113/><T51/><D51/><U78/><E49/><V97/><F97/><T47/><D47/><U63/><E42/><V127/><F127/><T58/><D58/><U112/><E112/><V100/><F57/><T110/><D110/><U102/><E78/><V35/><F35/><T130/><D130/><RYUUKYOKU ba="0,0" sc="350,10,350,10,350,-20,0,0" hai0="54,55,85,88,95,99,104" hai1="0,1,53,56,59,61,63,82,83,86,87,101,102" /><INIT seed="0,1,0,5,0,129" ten="360,360,330,0" oya="0" hai0="99,57,81,70,109,91,102,58,83,79,62,103,84" hai1="119,123,111,80,3,94,107,46,48,112,131,95,36" hai2="50,82,61,49,101,51,118,39,66,97,72,64,43" hai3=""/><T124/><D124/><U40/><N who="1" m="31520" /><U110/><E119/><V42/><F118/><T134/><D109/><N who="1" m="41483" /><E107/><V135/><F82/><T47/><D70/><U89/><E131/><V116/><F72/><T32/><D32/><U38/><E112/><V132/><F116/><T128/><D128/><U98/><E3/><V92/><F64/><T54/><D47/><U74/><E95/><V2/><F2/><T75/><D99/><U56/><E56/><V133/><REACH who="2" step="1"/><F39/><REACH who="2" ten="360,360,320,0" step="2"/><T77/><D77/><AGARI ba="1,1" hai="36,38,40,46,48,74,77,80,89,94,98" m="41483,31520" machi="77" ten="30,2000,0" yaku="14,1,52,1" doraHai="129" who="1" fromWho="0" sc="360,-22,360,32,320,0,0,0" /><INIT seed="1,0,0,5,0,103" ten="338,392,320,0" oya="1" hai0="47,57,100,78,108,59,62,2,120,63,133,74,52" hai1="134,109,102,111,36,38,75,53,128,106,54,50,123" hai2="39,45,114,92,87,125,112,35,131,69,91,86,116" hai3=""/><U32/><N who="1" m="31520" /><U41/><E75/><V132/><F35/><T98/><N who="0" m="30752" /><T124/><D2/><U49/><E32/><V68/><F116/><T71/><D133/><U55/><E134/><V115/><F132/><T119/><D124/><U51/><E41/><V40/><F125/><T43/><D71/><U94/><E94/><V46/><F131/><T1/><D1/><U89/><E89/><V130/><F130/><T44/><D108/><N who="1" m="41547" /><E128/><V42/><REACH who="2" step="1"/><F87/><REACH who="2" ten="338,392,310,0" step="2"/><T72/><D119/><U37/><E102/><V77/><F77/><T80/><D78/><U88/><E88/><V61/><F61/><T121/><D63/><U70/><E106/><V127/><F127/><T107/><D107/><U96/><E96/><V60/><F60/><T90/><D62/><U64/><E64/><V97/><F97/><T65/><D65/><U95/><E95/><V79/><F79/><T3/><D98/><U76/><E76/><V34/><F34/><T117/><D100/><U58/><E70/><V82/><F82/><T93/><D80/><U129/><E129/><V105/><F105/><T113/><D93/><U135/><E135/><V56/><F56/><AGARI ba="0,1" hai="36,37,38,49,50,51,53,54,55,56,58" m="41547,31520" machi="56" ten="50,24000,3" yaku="29,2,28,2,14,1,10,1,34,2,52,1" doraHai="103" who="1" fromWho="2" sc="338,0,392,250,310,-240,0,0" /><INIT seed="1,1,0,0,1,125" ten="338,642,70,0" oya="1" hai0="113,60,109,59,91,53,100,82,84,110,87,79,134" hai1="128,106,64,3,45,124,33,71,32,101,58,132,103" hai2="117,116,93,119,102,104,83,49,123,54,99,129,81" hai3=""/><U66/><E3/><V115/><N who="2" m="31520" /><V76/><F115/><T114/><D100/><U86/><E71/><V52/><F129/><T69/><D69/><U48/><E106/><V51/><F104/><T40/><D40/><U90/><E128/><V133/><F133/><T62/><D62/><U121/><N who="1" m="31008" /><U105/><E105/><V73/><F49/><T42/><D42/><U97/><E124/><V2/><F2/><T34/><D34/><U55/><E132/><V46/><F83/><T37/><D37/><U94/><E33/><V74/><REACH who="2" step="1"/><F54/><REACH who="2" ten="338,642,60,0" step="2"/><T120/><N who="0" m="30752" /><T68/><D134/><U41/><E32/><V38/><F38/><T78/><D114/><U35/><E35/><V1/><F1/><T111/><D113/><U126/><E126/><V107/><F107/><T135/><D135/><U67/><E67/><V131/><F131/><T108/><D108/><U98/><E66/><V63/><F63/><T95/><D111/><U44/><E64/><V57/><F57/><T36/><D110/><U80/><E41/><V127/><F127/><T130/><D109/><U47/><E58/><V61/><F61/><T89/><D130/><U43/><E43/><V0/><F0/><T39/><D68/><U118/><E118/><RYUUKYOKU ba="1,1" sc="338,0,642,0,60,0,0,0" hai0="36,39,53,59,60,78,79,82,84,87,89,91,95" hai1="44,45,47,48,55,80,86,90,94,97,98,101,103" hai2="46,51,52,73,74,76,81,93,99,102,116,117,119" /><INIT seed="1,2,1,3,0,102" ten="338,642,60,0" oya="1" hai0="58,42,55,117,35,86,43,134,40,46,61,132,94" hai1="1,118,95,45,3,59,129,54,71,106,75,56,104" hai2="63,44,100,109,52,48,60,64,135,114,110,79,70" hai3=""/><U127/><E71/><V123/><N who="2" m="31520" /><V116/><F116/><T107/><D35/><U2/><E118/><V67/><F79/><T81/><D94/><U90/><E75/><V130/><F100/><T99/><D117/><U77/><E77/><V78/><F78/><T108/><D108/><U39/><E127/><V126/><F126/><T82/><D99/><U57/><E129/><V69/><F130/><T47/><D107/><U98/><REACH who="1" step="1"/><E54/><REACH who="1" ten="338,632,60,0" step="2"/><V96/><F114/><T68/><D68/><U38/><E38/><V128/><F128/><T83/><D55/><U36/><E36/><V133/><REACH who="2" step="1"/><F96/><REACH who="2" ten="338,632,50,0" step="2"/><T120/><D120/><U37/><E37/><V92/><F92/><T49/><D83/><U33/><E33/><V72/><F72/><T97/><D82/><U115/><E115/><V91/><F91/><T103/><D81/><U74/><E74/><V0/><F0/><T87/><D97/><U41/><AGARI ba="2,3" hai="1,2,3,39,41,45,56,57,59,90,95,98,104,106" machi="41" ten="40,8000,1" yaku="1,1,0,1,52,2,53,1" doraHai="102" doraHaiUra="85" who="1" fromWho="1" sc="338,-42,632,114,50,-42,0,0" /><INIT seed="1,3,0,0,5,71" ten="296,746,8,0" oya="1" hai0="98,59,127,130,34,1,90,61,64,33,95,76,115" hai1="132,51,119,129,91,65,35,105,37,50,131,125,47" hai2="3,108,49,48,81,57,53,87,117,85,56,80,43" hai3=""/><U52/><E35/><V106/><F3/><T88/><D1/><U54/><E105/><V126/><F106/><T78/><D127/><U39/><E119/><V84/><F126/><T93/><D130/><N who="1" m="49675" /><E125/><V63/><F117/><T110/><D110/><U123/><N who="1" m="31520" /><U58/><E132/><V75/><F108/><T60/><D115/><U77/><E77/><V38/><F75/><T82/><D78/><U83/><E65/><V62/><F38/><T66/><D76/><U73/><E73/><V120/><N who="2" m="30752" /><V104/><F104/><T133/><D133/><U32/><E32/><V122/><N who="2" m="31264" /><V45/><F48/><T68/><D82/><U134/><E134/><V92/><F92/><T100/><D34/><U46/><E46/><V55/><AGARI ba="3,0" hai="43,45,49,53,55,56,57,62,63,80,81,84,85,87" m="31264,30752" machi="55" ten="30,6000,1" yaku="0,1,9,1,8,1,52,2" doraHai="71" who="2" fromWho="2" sc="296,-23,746,-43,8,66,0,0" /><INIT seed="2,0,0,5,4,135" ten="273,703,74,0" oya="2" hai0="97,62,89,81,39,72,44,122,57,70,49,91,128" hai1="117,134,111,98,68,99,33,47,55,112,130,58,71" hai2="86,104,43,76,101,63,34,102,108,2,93,100,85" hai3=""/><V46/><F2/><T94/><N who="0" m="31264" /><T45/><D128/><U61/><E33/><V74/><F34/><T84/><D72/><U79/><E112/><V107/><F63/><T53/><D39/><U95/><E117/><V42/><F108/><T109/><D109/><U1/><E1/><V38/><F43/><T75/><D75/><U60/><E99/><V113/><F113/><T88/><D70/><U124/><E79/><V59/><F59/><T54/><D44/><U114/><E95/><V82/><REACH who="2" step="1"/><F93/><REACH who="2" ten="273,703,64,0" step="2"/><T40/><D40/><U32/><E32/><V67/><F67/><T52/><D54/><U69/><E114/><V56/><F56/><T92/><D94/><U50/><E69/><V129/><F129/><T105/><D105/><AGARI ba="0,1" hai="38,42,46,74,76,82,85,86,100,101,102,104,105,107" machi="105" ten="40,3900,0" yaku="1,1,53,1" doraHai="135" doraHaiUra="78" who="2" fromWho="0" sc="273,-39,703,0,64,49,0,0" /><INIT seed="2,1,0,5,2,123" ten="234,703,113,0" oya="2" hai0="73,120,125,65,115,82,121,59,34,99,114,132,131" hai1="57,94,55,36,77,1,0,69,118,48,88,68,83" hai2="78,130,81,33,95,52,71,133,134,79,110,44,62" hai3=""/><V42/><F33/><T74/><N who="0" m="30752" /><T63/><N who="0" m="31008" /><T90/><D34/><U100/><E36/><V64/><F130/><T109/><D125/><U135/><E118/><V67/><F95/><T51/><D132/><N who="2" m="50794" /><F79/><T85/><D131/><U80/><E69/><V50/><F67/><T122/><N who="0" m="31264" /><T116/><D116/><U117/><E68/><V91/><F91/><T35/><D35/><U92/><E83/><V41/><F110/><T47/><D99/><U113/><E113/><N who="0" m="43017" /><D109/><U93/><E117/><V43/><F78/><T2/><D2/><U111/><E77/><V96/><F81/><T61/><D61/><U75/><E80/><V124/><F96/><T87/><D87/><U58/><E111/><V126/><AGARI ba="1,0" hai="41,42,43,44,50,52,62,64,71,124,126" m="50794" machi="126" ten="40,8000,1" yaku="20,1,34,2,54,1" doraHai="123" who="2" fromWho="2" sc="234,-41,703,-41,113,82,0,0" /><INIT seed="2,2,0,0,0,65" ten="193,662,195,0" oya="2" hai0="73,69,48,97,98,67,2,99,49,53,115,70,3" hai1="133,86,93,55,46,75,38,0,56,125,78,79,94" hai2="81,130,36,134,101,124,35,39,107,127,61,126,63" hai3=""/><V76/><F35/><T112/><D73/><U116/><E0/><N who="0" m="41" /><D67/><U95/><E125/><V131/><F101/><T113/><D53/><U45/><E133/><V128/><F107/><T80/><D80/><U58/><E75/><V71/><F134/><T84/><D84/><U50/><E116/><V77/><F71/><AGARI ba="2,0" hai="48,49,69,70,71,97,98,99,112,113,115" m="41" machi="71" ten="40,12000,2" yaku="28,2,11,1,52,3" doraHai="65" who="0" fromWho="2" sc="193,124,662,0,195,-124,0,0" /><INIT seed="4,0,0,2,3,62" ten="317,662,71,0" oya="0" hai0="69,2,43,61,132,129,110,106,54,65,66,42,92" hai1="83,128,36,116,95,79,120,60,37,1,72,131,76" hai2="0,91,123,57,97,94,119,67,86,111,48,118,71" hai3=""/><T84/><D2/><U46/><N who="1" m="30752" /><U115/><E116/><N who="2" m="44587" /><F0/><T58/><D106/><U53/><E79/><V45/><N who="2" m="31520" /><V41/><F111/><T130/><D110/><U124/><E124/><V50/><F71/><T133/><D84/><U105/><E105/><V117/><N who="2" m="44595" /><V55/><DORA hai="74" /><F97/><T87/><D87/><U73/><E73/><V134/><F134/><N who="0" m="51818" /><D92/><U103/><E95/><V93/><F93/><T32/><D32/><U100/><E72/><V125/><F125/><T121/><N who="0" m="31008" /><T85/><D85/><U88/><E83/><V127/><F127/><T96/><D96/><U44/><E103/><V98/><F98/><T90/><D90/><U104/><E88/><V3/><F3/><T126/><D126/><U64/><E100/><V35/><F35/><T112/><D69/><U89/><E89/><V33/><F33/><T113/><D130/><U102/><E131/><V49/><F48/><T63/><D129/><U109/><E128/><V99/><F99/><T40/><D63/><U122/><E60/><V47/><F86/><T56/><D61/><U51/><E109/><V82/><F91/><T39/><D39/><U114/><E37/><V135/><F135/><T52/><D113/><U77/><E122/><RYUUKYOKU ba="0,0" sc="317,0,662,0,71,0,0,0" /><INIT seed="5,1,0,2,0,73" ten="317,662,71,0" oya="1" hai0="34,91,46,35,47,55,52,80,66,116,57,0,58" hai1="74,96,89,2,90,61,53,77,134,92,109,94,127" hai2="131,70,69,38,56,99,117,120,98,85,62,33,105" hai3=""/><U3/><E127/><V36/><N who="2" m="30752" /><V44/><F33/><T101/><D0/><U50/><E134/><V106/><F117/><T84/><D66/><U122/><N who="1" m="31264" /><U93/><E93/><V40/><F85/><T32/><D101/><U37/><E37/><V87/><F131/><T54/><D116/><U113/><E113/><V78/><F36/><T64/><D64/><U121/><N who="1" m="31008" /><U79/><E74/><V97/><F69/><T81/><D91/><U1/><E61/><V59/><F70/><T135/><D84/><U129/><E129/><V114/><F114/><T118/><D135/><U107/><E107/><V108/><F108/><T123/><N who="0" m="31520" /><T110/><D110/><U76/><E109/><V86/><F86/><T115/><D115/><U41/><E41/><V49/><F38/><T45/><D118/><U43/><E43/><V132/><F132/><T100/><D100/><U68/><E68/><V82/><F106/><T111/><D111/><U95/><E96/><V124/><F105/><T125/><D125/><U72/><E72/><V75/><F124/><T67/><D67/><U88/><E3/><V48/><F75/><T102/><D102/><U71/><E71/><V112/><F112/><T130/><D130/><RYUUKYOKU ba="1,0" sc="317,10,662,10,71,-20,0,0" hai0="32,34,35,45,46,47,52,54,55,57,58,80,81" hai1="1,2,50,53,76,77,79,88,89,90,92,94,95" /><INIT seed="5,2,0,5,0,123" ten="327,672,51,0" oya="1" hai0="80,41,109,57,44,35,68,131,99,127,66,46,54" hai1="2,50,74,60,63,81,0,71,90,85,78,129,32" hai2="87,116,86,52,92,110,120,114,122,106,53,39,43" hai3=""/><U62/><E32/><V107/><N who="2" m="30752" /><V48/><N who="2" m="31264" /><V108/><F39/><T77/><D131/><U3/><E129/><V98/><F43/><T94/><D127/><U93/><REACH who="1" step="1"/><E50/><REACH who="1" ten="327,662,51,0" step="2"/><V124/><F124/><T73/><D35/><U49/><E49/><V75/><F114/><T105/><D46/><U96/><E96/><V128/><F48/><T59/><D44/><U38/><E38/><V133/><F98/><T130/><D99/><U82/><E82/><V113/><F113/><T104/><D80/><U101/><E101/><V121/><N who="2" m="31008" /><V97/><F97/><T72/><D130/><U111/><E111/><V67/><F128/><T100/><D109/><U70/><AGARI ba="2,1" hai="0,2,3,60,62,63,70,71,74,78,81,85,90,93" machi="70" ten="40,2600,0" yaku="1,1,0,1,53,0" doraHai="123" doraHaiUra="125" who="1" fromWho="1" sc="327,-15,662,40,51,-15,0,0" /><INIT seed="5,3,0,0,4,105" ten="312,702,36,0" oya="1" hai0="96,103,67,55,83,99,76,126,72,69,73,52,135" hai1="70,59,111,113,101,89,41,88,129,134,132,48,66" hai2="1,86,106,98,102,81,36,77,109,64,54,80,107" hai3=""/><U0/><E0/><V65/><F1/><T114/><D126/><U71/><E111/><V118/><F36/><T125/><D135/><N who="1" m="51755" /><E129/><V57/><F109/><T40/><D40/><U94/><E113/><V42/><F106/><T123/><D125/><U130/><E130/><V133/><F42/><T75/><D99/><U82/><E82/><V110/><F110/><T74/><N who="0" m="31520" /><T45/><D114/><U3/><E3/><V63/><F118/><T87/><D45/><U32/><E32/><V117/><F117/><T91/><D67/><U124/><E89/><V61/><F133/><T68/><D69/><U37/><E101/><V85/><REACH who="2" step="1"/><F63/><REACH who="2" ten="312,702,26,0" step="2"/><T62/><D62/><U60/><E37/><V34/><F34/><T78/><D68/><U120/><N who="1" m="30752" /><U2/><E2/><V95/><F95/><T97/><D78/><AGARI ba="3,1" hai="54,57,61,64,65,77,78,80,81,85,86,98,102,107" machi="78" ten="30,3900,0" yaku="1,1,7,1,9,1,53,0" doraHai="105" doraHaiUra="43" who="2" fromWho="0" sc="312,-45,702,0,26,55,0,0" /><INIT seed="6,0,0,0,5,41" ten="267,702,81,0" oya="2" hai0="60,0,52,108,82,38,130,105,86,78,69,124,87" hai1="91,47,67,83,111,33,113,109,36,45,122,32,116" hai2="107,73,118,121,35,93,81,58,48,75,64,115,117" hai3=""/><V126/><N who="2" m="31008" /><V84/><F35/><T3/><D124/><U125/><N who="1" m="31264" /><U61/><E113/><V98/><F126/><T79/><D130/><U56/><E116/><N who="2" m="44651" /><F48/><T57/><D38/><U42/><E47/><V102/><F58/><T127/><D127/><U1/><E1/><V134/><F64/><T34/><D34/><U74/><E125/><V44/><F44/><T114/><D114/><U80/><E80/><V51/><F51/><T97/><D69/><U119/><E119/><V99/><F115/><T106/><D82/><U77/><E33/><V43/><F43/><T132/><D57/><U112/><E112/><V37/><F37/><T71/><D60/><U85/><E32/><V133/><F84/><T40/><D40/><U110/><E36/><V123/><N who="2" m="31520" /><V59/><F59/><T68/><D0/><U39/><E39/><V90/><F81/><T92/><D3/><U72/><E42/><V100/><F100/><T131/><D86/><U120/><N who="1" m="30752" /><U66/><E45/><V50/><F50/><T94/><D87/><U95/><E67/><V55/><F55/><T49/><D52/><U54/><E54/><V2/><F2/><T128/><D49/><U89/><E66/><V88/><F90/><RYUUKYOKU ba="0,0" sc="267,-10,702,-10,81,20,0,0" hai2="73,75,88,93,98,99,102,107,133,134" /><INIT seed="6,1,0,2,0,101" ten="257,692,101,0" oya="2" hai0="98,104,32,56,125,105,106,38,126,114,65,89,107" hai1="55,121,122,2,44,54,0,123,39,66,58,62,80" hai2="111,117,64,67,83,63,116,124,69,68,1,85,102" hai3=""/><V94/><F1/><T33/><D38/><U52/><E80/><V96/><F124/><N who="0" m="47722" /><D114/><U131/><E131/><V130/><F130/><T35/><D107/><U37/><E37/><V34/><F34/><T59/><D65/><U76/><E76/><V97/><F111/><T115/><D115/><U127/><E127/><V61/><REACH who="2" step="1"/><F97/><REACH who="2" ten="257,692,91,0" step="2"/><T109/><D109/><U73/><E2/><V47/><F47/><T112/><D112/><U91/><E0/><V41/><F41/><T49/><D49/><U113/><E113/><V135/><F135/><T46/><D46/><U128/><E128/><V108/><F108/><T82/><D98/><U78/><E39/><V103/><F103/><T81/><D89/><AGARI ba="1,1" hai="61,63,64,67,68,69,83,85,89,94,96,102,116,117" machi="89" ten="30,11600,0" yaku="1,1,7,1,9,1,53,1" doraHai="101" doraHaiUra="84" who="2" fromWho="0" sc="257,-118,692,0,91,128,0,0" /><INIT seed="6,2,0,2,2,120" ten="139,692,219,0" oya="2" hai0="65,91,85,104,58,35,92,125,73,46,36,75,68" hai1="84,60,105,42,62,89,97,126,54,93,81,70,71" hai2="88,122,96,102,41,114,95,127,101,59,83,48,128" hai3=""/><V3/><N who="2" m="31264" /><V79/><F3/><T63/><D35/><U124/><E42/><V129/><F127/><N who="1" m="48681" /><E105/><V111/><F111/><T135/><D125/><U99/><E99/><V82/><F114/><T90/><D104/><U1/><E1/><V37/><F37/><T86/><D135/><U117/><E117/><V119/><F119/><T115/><D115/><U69/><E54/><V103/><F41/><T116/><D116/><U33/><E33/><V0/><F0/><T134/><D134/><U38/><E38/><V106/><F106/><T2/><D2/><U77/><AGARI ba="2,0" hai="60,62,69,70,71,77,81,84,89,93,97" m="48681" machi="77" ten="40,1100,0" yaku="18,1" doraHai="120" who="1" fromWho="1" sc="139,-6,692,15,219,-9,0,0" owari="133,-47.0,707,66.0,210,-19.0,0,0.0" /></mjloggm>