<mjloggm ver="2.3"><GO type="169" lobby="0"/><UN n0="%4C%41%47%2E%6A%70" n1="%E3%82%AA%E3%83%AC%E3%83%B3%E3%82%B8%E5%A4%AA%E9%83%8E" n2="%E3%82%AD%E3%83%AA%E3%83%8E%40%E6%84%9B" n3="%E7%AC%B9%E9%A4%85" dan="16,16,16,17" rate="2087.75,2014.53,2046.85,2170.56" sx="M,M,F,M"/><TAIKYOKU oya="0"/><INIT seed="0,0,0,2,3,99" ten="250,250,250,250" oya="0" hai0="65,52,4,105,58,117,102,110,5,103,81,108,54" hai1="56,129,33,19,109,1,96,60,17,30,26,95,39" hai2="79,130,37,107,38,34,69,43,93,78,85,126,44" hai3="11,72,14,6,29,134,92,36,87,94,35,31,133"/><T32/><D32/><U77/><E109/><N who="0" m="42089" /><D117/><U21/><E39/><V24/><F37/><W100/><G72/><T88/><D65/><U70/><E70/><V76/><F107/><W13/><G36/><T23/><D23/><U15/><E17/><V12/><F69/><W101/><G35/><T120/><D120/><U119/><E129/><V66/><F66/><W0/><G0/><T106/><D106/><U57/><E77/><V131/><F126/><W47/><G47/><T61/><D54/><U97/><E97/><V55/><F55/><W9/><G87/><N who="0" m="50287" /><D105/><U123/><E123/><V116/><F116/><W86/><G86/><T104/><D104/><U113/><E119/><V49/><F38/><W28/><G28/><T42/><D42/><U62/><E113/><V84/><F12/><W71/><REACH who="3" step="1"/><G71/><REACH who="3" ten="250,250,250,240" step="2"/><T64/><D64/><U127/><E33/><V41/><F84/><W22/><G22/><T90/><D90/><U82/><E21/><V67/><F67/><W8/><G8/><T68/><D68/><U115/><E115/><V125/><F85/><W73/><G73/><T121/><D121/><U89/><E89/><V45/><F34/><W124/><G124/><T128/><D128/><U20/><E127/><V98/><F125/><W91/><G91/><T2/><D2/><U53/><E1/><V16/><F131/><W59/><G59/><T25/><D25/><U10/><E57/><V83/><F130/><W135/><G135/><T112/><D112/><U111/><E111/><V46/><F24/><W3/><G3/><T74/><D74/><U40/><E56/><RYUUKYOKU ba="0,1" sc="250,15,250,-15,250,-15,240,15" hai0="4,5,52,58,61,102,103" hai3="6,9,11,13,14,29,31,92,94,100,101,133,134" /><INIT seed="0,1,1,4,2,110" ten="265,235,235,255" oya="0" hai0="86,116,70,17,19,128,92,113,74,50,115,45,55" hai1="22,100,130,79,112,30,27,10,90,123,91,129,11" hai2="39,94,134,40,18,62,31,35,57,118,49,88,87" hai3="28,13,114,34,32,20,5,53,41,103,82,107,33"/><T59/><D74/><U106/><E123/><V67/><F39/><W3/><G41/><T102/><D116/><U0/><E79/><V73/><F73/><W111/><G103/><T101/><D70/><U15/><E100/><V105/><F105/><W9/><G107/><T8/><D128/><N who="1" m="49259" /><E91/><V104/><F104/><W7/><G82/><T84/><D102/><U37/><E90/><V61/><F118/><W95/><G95/><T43/><D86/><U68/><E106/><V54/><F134/><W85/><G53/><T42/><D42/><U78/><E78/><V25/><F18/><N who="3" m="10319" /><G85/><T98/><D84/><U36/><E68/><V99/><F40/><W121/><G111/><T72/><D72/><U109/><E109/><V2/><F2/><N who="3" m="183" /><G121/><T64/><D64/><U80/><E80/><V122/><F122/><W97/><G97/><T124/><D124/><U24/><E37/><V51/><REACH who="2" step="1"/><F99/><REACH who="2" ten="265,235,225,255" step="2"/><W127/><G127/><T125/><D125/><U12/><E36/><V46/><F46/><W69/><G3/><T133/><D133/><U126/><E126/><V52/><F52/><W120/><G120/><T71/><D43/><U58/><E0/><V60/><F60/><W38/><G38/><T6/><D45/><U4/><E58/><AGARI ba="1,2" hai="25,31,35,49,51,54,57,58,61,62,67,87,88,94" machi="58" ten="30,3900,0" yaku="1,1,7,1,54,1,53,0" doraHai="110" doraHaiUra="93" who="2" fromWho="1" sc="265,0,235,-42,225,62,255,0" /><INIT seed="1,0,0,3,0,131" ten="265,193,287,255" oya="1" hai0="58,45,98,18,120,94,3,52,114,78,65,121,109" hai1="53,22,71,66,79,122,51,7,10,75,16,26,76" hai2="92,39,15,72,31,64,40,5,88,100,86,20,63" hai3="57,73,124,87,14,70,74,97,130,27,60,135,12"/><U91/><E122/><N who="0" m="47209" /><D114/><U67/><E91/><V54/><F72/><W44/><G130/><T47/><D3/><U50/><E75/><V119/><F119/><W29/><G70/><T13/><D65/><U25/><E25/><V48/><F39/><W102/><G124/><T35/><D35/><U9/><E71/><V37/><F37/><W55/><G44/><T11/><D78/><N who="1" m="29739" /><E51/><V133/><F40/><W105/><G87/><T23/><D23/><U96/><E96/><V28/><F100/><W93/><G105/><T106/><D106/><U56/><E7/><V46/><F133/><W61/><G135/><T126/><D126/><U84/><E84/><V0/><F0/><W116/><G116/><T99/><D99/><U89/><E89/><V43/><F43/><W80/><G60/><N who="0" m="35911" /><D109/><U81/><E81/><V62/><F62/><W2/><G2/><T69/><D69/><U36/><E36/><V112/><F112/><W117/><G117/><T32/><D32/><U127/><E127/><V125/><F125/><W134/><G134/><T107/><D107/><U118/><E118/><V33/><F33/><N who="3" m="20671" /><G80/><T104/><D104/><U132/><E132/><V95/><F95/><W128/><G128/><T108/><D108/><U82/><E67/><V19/><REACH who="2" step="1"/><F5/><REACH who="2" ten="265,193,277,255" step="2"/><W110/><G110/><T103/><AGARI ba="0,1" hai="11,13,18,45,47,94,98,103" m="35911,47209" machi="103" ten="30,2000,0" yaku="13,1,54,1" doraHai="131" who="0" fromWho="0" sc="265,30,193,-10,277,-5,255,-5" /><INIT seed="2,0,0,4,1,50" ten="295,183,272,250" oya="2" hai0="18,63,117,103,87,82,7,44,84,83,11,61,133" hai1="120,94,76,60,58,6,23,115,126,73,123,3,89" hai2="1,74,20,127,66,129,71,124,81,10,85,28,86" hai3="95,13,15,93,21,25,88,102,70,31,36,45,79"/><V97/><F129/><W51/><G70/><T67/><D133/><U100/><E115/><V80/><F97/><N who="3" m="59711" /><G79/><T125/><D103/><U53/><E100/><V92/><F92/><W19/><G36/><T91/><D117/><U130/><E130/><V5/><F71/><W90/><G31/><T116/><D116/><U46/><E3/><V9/><F66/><W30/><G30/><T41/><D18/><U4/><E23/><V77/><F9/><W43/><G90/><T131/><D67/><U38/><E126/><N who="2" m="48171" /><F80/><W114/><G114/><T48/><D131/><U106/><E106/><V65/><F65/><W8/><G8/><T118/><D118/><U72/><E76/><V17/><F28/><W119/><G119/><T49/><D125/><U75/><E123/><V56/><F56/><W99/><AGARI ba="0,0" hai="13,15,19,21,25,43,45,51,88,93,99" m="59711" machi="99" ten="30,2000,0" yaku="8,1,54,1" doraHai="50" who="3" fromWho="3" sc="295,-5,183,-5,272,-10,250,20" /><INIT seed="3,0,0,0,5,105" ten="290,178,262,270" oya="3" hai0="81,113,104,25,135,31,75,54,87,85,65,126,32" hai1="49,131,83,12,35,63,100,14,117,122,56,118,119" hai2="68,73,60,52,99,82,97,88,128,5,44,112,42" hai3="24,57,101,109,13,47,43,28,86,62,7,108,98"/><W6/><G86/><T40/><D135/><U121/><E35/><V93/><F112/><W46/><G13/><N who="1" m="5226" /><E49/><N who="2" m="26775" /><F68/><W90/><G90/><T74/><D113/><U127/><E100/><V22/><F5/><W132/><G132/><T1/><D1/><U36/><E36/><V103/><F128/><W58/><G24/><T23/><D40/><U19/><E131/><V120/><F120/><W21/><G21/><T26/><D104/><U106/><E106/><V37/><F37/><W3/><G28/><T116/><D116/><U76/><E19/><V17/><F73/><W45/><G43/><T39/><D39/><U134/><E134/><V0/><F0/><W79/><G79/><T30/><D65/><N who="1" m="39143" /><E127/><V34/><F34/><W67/><G58/><T80/><D126/><U29/><E29/><V130/><F130/><W84/><G84/><AGARI ba="0,0" hai="76,83,84,117,118,119,121,122" m="39143,5226" machi="84" ten="30,1000,0" yaku="12,1" doraHai="105" who="1" fromWho="3" sc="290,0,178,10,262,0,270,-10" /><INIT seed="4,0,0,2,4,105" ten="290,188,262,260" oya="0" hai0="97,93,40,84,89,29,62,135,19,69,33,88,61" hai1="70,91,120,94,128,28,109,96,30,35,124,10,23" hai2="48,116,72,50,82,63,106,60,86,52,44,14,55" hai3="122,130,101,129,1,39,13,5,0,22,12,38,111"/><T83/><D135/><U57/><E70/><V11/><F106/><W74/><G111/><T102/><D40/><U25/><E109/><V64/><F116/><W26/><G101/><T100/><D33/><U8/><E120/><V79/><F64/><W133/><G133/><T65/><D29/><U90/><E124/><V47/><F72/><W31/><G122/><T110/><D110/><U54/><E128/><N who="3" m="49258" /><G74/><T36/><D36/><N who="3" m="13865" /><G5/><AGARI ba="0,0" hai="5,11,14,44,47,48,50,52,55,60,63,79,82,86" machi="5" ten="30,7700,0" yaku="7,1,9,1,8,1,54,1" doraHai="105" who="2" fromWho="3" sc="290,0,188,0,262,77,260,-77" /><INIT seed="5,0,0,2,1,19" ten="290,188,339,183" oya="1" hai0="56,106,32,82,21,42,109,135,108,119,17,83,31" hai1="100,58,36,81,132,124,91,18,74,52,43,37,77" hai2="118,92,33,23,122,59,93,14,40,75,72,111,103" hai3="51,47,112,11,63,49,60,4,64,3,123,5,86"/><U98/><E124/><V7/><F122/><W27/><G123/><T102/><D119/><U79/><E79/><V73/><F33/><W26/><G112/><T114/><D114/><U1/><E91/><V53/><F40/><W133/><G133/><T6/><D135/><U104/><E132/><V96/><F111/><W87/><G3/><T69/><D42/><U35/><E35/><V78/><F118/><W76/><G11/><T41/><D41/><U48/><E1/><V120/><F120/><W80/><G80/><T46/><D46/><U84/><E74/><V101/><F78/><W12/><G12/><T28/><D6/><U13/><REACH who="1" step="1"/><E43/><REACH who="1" ten="290,178,339,183" step="2"/><V24/><F75/><W34/><G76/><T134/><D32/><U9/><AGARI ba="0,1" hai="9,13,18,36,37,48,52,58,77,81,84,98,100,104" machi="9" ten="20,12000,1" yaku="1,1,2,1,0,1,7,1,54,1,53,0" doraHai="19" doraHaiUra="116" who="1" fromWho="1" sc="290,-40,178,130,339,-40,183,-40" /><INIT seed="5,1,0,4,1,101" ten="250,308,299,143" oya="1" hai0="26,60,73,119,49,34,82,126,46,102,40,111,112" hai1="59,105,79,120,51,76,104,81,28,86,27,128,100" hai2="64,67,107,37,38,69,23,31,1,41,63,92,95" hai3="103,116,33,108,50,93,121,74,124,14,44,129,94"/><U84/><E120/><V55/><F1/><W115/><G103/><T30/><D111/><U127/><E100/><V131/><F131/><W56/><G14/><T134/><D119/><U118/><E118/><V2/><F2/><W18/><G18/><T68/><D134/><U6/><E6/><V21/><F31/><W12/><G12/><T47/><D126/><U32/><E127/><V13/><F55/><W11/><G11/><T80/><D73/><U88/><E76/><V0/><F0/><W35/><G94/><T110/><D110/><U78/><E78/><V48/><F48/><W42/><G93/><T19/><D19/><U52/><E128/><V77/><F77/><W17/><G17/><T98/><D47/><U22/><E32/><V62/><F13/><W113/><G74/><T66/><D112/><N who="3" m="43081" /><G124/><T109/><D109/><U53/><E53/><V96/><F41/><N who="3" m="24847" /><G108/><T5/><D5/><U91/><E79/><V25/><F25/><W10/><G10/><T8/><D8/><U45/><E45/><V36/><F107/><AGARI ba="1,0" hai="26,30,34,40,46,49,60,66,68,80,82,98,102,107" machi="107" ten="30,7700,0" yaku="7,1,25,2,52,1" doraHai="101" who="0" fromWho="2" sc="250,80,308,0,299,-80,143,0" /><INIT seed="6,0,0,1,0,50" ten="330,308,219,143" oya="2" hai0="64,81,32,129,54,117,130,133,16,18,22,84,111" hai1="86,90,98,126,14,82,87,66,45,99,69,59,122" hai2="21,104,51,74,2,96,11,68,132,121,134,53,94" hai3="123,20,13,26,128,30,106,25,48,127,33,93,101"/><V41/><F68/><W91/><G123/><T49/><D111/><U62/><E126/><V10/><F104/><W73/><G73/><T95/><D32/><U85/><E122/><V9/><F74/><W114/><G127/><T78/><D64/><U100/><E69/><V89/><F121/><W12/><G128/><N who="0" m="49259" /><D117/><U61/><E61/><V70/><F41/><W23/><G114/><T71/><D71/><U4/><E45/><V60/><F2/><W6/><G101/><T28/><D95/><N who="1" m="58463" /><E99/><V17/><F70/><W65/><G106/><T97/><D97/><U75/><E75/><V115/><F115/><W131/><G131/><T39/><D39/><U34/><E34/><V88/><F89/><W40/><G65/><T63/><D63/><U38/><E38/><V43/><F43/><W76/><G76/><T112/><D133/><N who="2" m="51306" /><F60/><W79/><G79/><T110/><D110/><U125/><E125/><V7/><F7/><W19/><G33/><T3/><D3/><U107/><E107/><V1/><F1/><W8/><G40/><T55/><D112/><U27/><E27/><N who="2" m="14767" /><F9/><AGARI ba="0,0" hai="4,9,14,59,62,66,82,85,86,87,90" m="58463" machi="9" ten="30,1000,0" yaku="8,1" doraHai="50" who="1" fromWho="2" sc="330,0,308,10,219,-10,143,0" /><INIT seed="7,0,0,4,0,5" ten="330,318,209,143" oya="3" hai0="50,128,65,34,61,38,105,41,73,87,43,59,16" hai1="120,86,51,48,84,113,89,129,26,98,3,63,115" hai2="110,130,131,46,4,54,10,108,7,68,112,74,55" hai3="1,12,119,19,17,36,0,44,92,22,104,134,78"/><W70/><G104/><T106/><D73/><U121/><E98/><V24/><F68/><W90/><G119/><T125/><D34/><U29/><E63/><V62/><F74/><W94/><G70/><T27/><D38/><U58/><E3/><V28/><F62/><W49/><G36/><T6/><D6/><U83/><E129/><N who="2" m="49163" /><F112/><N who="1" m="43081" /><E86/><V42/><F108/><W116/><G116/><T103/><D87/><U66/><E66/><V107/><F107/><W81/><G134/><T124/><D61/><U23/><E58/><V135/><F110/><W32/><G32/><T9/><D65/><U93/><E83/><V39/><F135/><W88/><G0/><T100/><D128/><U75/><E75/><V126/><F126/><W14/><G1/><T109/><D109/><U25/><E25/><V97/><F97/><W80/><G78/><T133/><D27/><U56/><E56/><V20/><F4/><W69/><G69/><T123/><D59/><U35/><E35/><V30/><F30/><W111/><G111/><T60/><D60/><U114/><N who="1" m="43089" /><U79/><DORA hai="31" /><E79/><V8/><F7/><W99/><G92/><T67/><D67/><U53/><E53/><AGARI ba="0,0" hai="8,10,20,24,28,39,42,46,53,54,55" m="49163" machi="53" ten="30,3900,0" yaku="19,1,52,2" doraHai="5,31" who="2" fromWho="1" sc="330,0,318,-39,209,39,143,0" owari="330,43.0,279,8.0,248,-15.0,143,-36.0" /></mjloggm>