<mjloggm ver="2.3"><GO type="169" lobby="0"/><UN n0="%E5%80%89%E6%A9%8B%EF%BC%A0%E4%BA%8B%E5%8B%99" n1="%74%6F%72%69%30%36%31%32" n2="%E5%A4%A7%E6%A5%A0%E5%85%AC" n3="%4E%61%6E%61%4E%61%6E%61" dan="16,17,16,16" rate="2120.65,2167.55,2070.75,2086.34" sx="M,M,M,M"/><TAIKYOKU oya="0"/><INIT seed="0,0,0,2,1,57" ten="250,250,250,250" oya="0" hai0="78,62,60,7,94,118,32,97,17,9,134,91,61" hai1="86,120,43,40,5,59,111,133,80,70,102,121,26" hai2="129,99,135,107,18,44,14,76,51,16,98,37,36" hai3="10,58,85,67,95,119,73,20,104,2,112,15,92"/><T45/><D118/><U115/><E70/><V123/><F123/><W93/><G112/><T12/><D32/><U83/><E115/><V42/><F129/><W41/><G73/><T114/><D114/><U50/><E5/><V124/><F135/><W87/><G119/><T71/><D134/><U56/><E133/><V103/><F124/><W4/><G104/><T127/><D127/><U13/><E102/><V34/><F34/><W22/><G41/><T53/><D78/><U39/><E39/><V132/><F132/><W128/><G128/><T6/><D71/><U79/><E111/><V46/><F76/><W122/><G122/><T21/><D21/><N who="3" m="8297" /><G2/><T8/><D8/><U11/><E26/><V68/><F68/><W100/><G100/><T65/><D65/><U24/><E83/><V109/><F109/><W131/><G131/><T29/><D29/><U101/><E24/><V25/><F25/><W38/><G38/><T55/><D55/><U69/><E69/><V54/><F36/><W19/><G4/><T81/><D81/><U74/><E74/><V28/><F28/><W77/><G77/><T64/><D64/><U35/><E35/><V82/><F82/><W125/><G125/><T116/><D116/><U89/><E79/><V130/><F130/><W105/><G105/><T48/><AGARI ba="0,0" hai="6,7,9,12,17,45,48,53,60,61,62,91,94,97" machi="48" ten="30,12000,1" yaku="0,1,8,1,52,3" doraHai="57" who="0" fromWho="0" sc="250,120,250,-40,250,-40,250,-40" /><INIT seed="0,1,0,5,3,128" ten="370,210,210,210" oya="0" hai0="90,129,34,2,72,71,43,106,122,103,7,102,69" hai1="110,77,39,36,18,56,17,45,59,134,13,26,92" hai2="63,88,80,78,73,19,126,125,6,87,118,113,82" hai3="3,68,84,42,64,9,51,50,33,24,93,27,32"/><T5/><D122/><U66/><E77/><V25/><F6/><W133/><G68/><T94/><D72/><U124/><E45/><V23/><F113/><W40/><G64/><T53/><D106/><U4/><E4/><V31/><F118/><W114/><G84/><T99/><D34/><U55/><E26/><V127/><REACH who="2" step="1"/><F63/><REACH who="2" ten="370,210,200,210" step="2"/><W20/><G114/><T109/><D5/><U111/><E110/><V57/><F57/><W12/><G3/><T119/><D7/><U54/><E59/><V21/><F21/><W10/><G20/><T86/><D2/><U15/><E56/><V16/><AGARI ba="1,1" hai="16,19,23,25,31,73,78,80,82,87,88,125,126,127" machi="16" ten="40,8000,1" yaku="1,1,0,1,18,1,54,2,53,0" doraHai="128" doraHaiUra="121" who="2" fromWho="2" sc="370,-41,210,-21,200,93,210,-21" /><INIT seed="1,0,0,2,5,21" ten="329,189,293,189" oya="1" hai0="91,33,117,28,104,62,8,1,39,15,7,50,87" hai1="108,120,68,72,103,57,84,52,23,18,27,6,63" hai2="74,85,121,119,124,10,22,60,106,3,101,113,5" hai3="40,93,126,29,135,55,64,111,35,116,73,132,112"/><U12/><E72/><V34/><F74/><W32/><G112/><T86/><D39/><U45/><E120/><V81/><F119/><W96/><G73/><T107/><D117/><U69/><E108/><V83/><F34/><W31/><G116/><T110/><D110/><U95/><E45/><V115/><F121/><W88/><G111/><T4/><D62/><U79/><E103/><V109/><F109/><W58/><G64/><T92/><D50/><U37/><E37/><V44/><F124/><W26/><G40/><T46/><D46/><U65/><E65/><V90/><F81/><W94/><G94/><T114/><D114/><U97/><E97/><V82/><F83/><W99/><G99/><T9/><REACH who="0" step="1"/><D86/><REACH who="0" ten="319,189,293,189" step="2"/><U48/><E63/><V56/><F44/><W19/><G126/><T14/><D14/><U102/><E69/><V122/><F122/><W123/><G123/><T53/><D53/><U49/><E68/><V16/><F115/><W118/><G118/><T42/><D42/><U98/><E49/><V61/><F113/><W41/><G41/><T131/><D131/><U133/><E133/><V30/><F61/><W24/><REACH who="3" step="1"/><G19/><REACH who="3" ten="319,189,293,179" step="2"/><T2/><D2/><U71/><E71/><V75/><F16/><W25/><G25/><AGARI ba="0,2" hai="1,4,7,8,9,15,25,28,33,87,91,92,104,107" machi="25" ten="40,2600,0" yaku="1,1,52,1,53,0" doraHai="21" doraHaiUra="66" who="0" fromWho="3" sc="319,46,189,0,293,0,179,-26" /><INIT seed="2,0,0,0,2,113" ten="365,189,293,153" oya="2" hai0="24,45,82,130,61,30,119,56,15,19,106,126,0" hai1="63,100,58,62,29,91,111,102,125,133,81,96,115" hai2="51,55,108,74,90,44,43,87,118,110,104,2,97" hai3="89,76,77,93,79,95,109,8,40,83,94,132,121"/><V3/><F74/><W131/><G40/><T64/><D0/><U70/><E115/><V38/><F97/><W120/><G8/><T101/><D130/><U32/><E133/><V98/><F98/><W37/><G37/><T78/><D126/><U13/><E125/><V26/><F104/><W6/><G6/><T48/><D101/><U88/><E32/><V41/><F26/><W31/><G31/><T105/><D119/><U23/><E70/><V9/><F118/><W33/><G33/><T84/><D15/><U85/><E63/><V36/><F41/><W57/><G57/><T59/><D59/><U75/><E75/><V10/><F2/><W1/><G1/><T11/><D11/><U107/><E111/><N who="2" m="42539" /><F3/><W73/><G109/><T114/><D19/><N who="1" m="10735" /><E29/><V21/><F21/><W112/><G112/><T72/><D72/><U12/><E12/><V14/><F43/><W18/><G73/><T27/><D27/><U46/><E107/><V122/><F122/><W52/><G121/><T4/><D4/><U17/><E17/><N who="2" m="8399" /><F10/><W42/><G120/><T99/><D114/><U71/><E100/><V50/><F50/><W35/><G42/><T20/><D99/><U25/><E96/><V124/><F124/><W103/><G103/><T53/><AGARI ba="0,0" hai="20,24,30,45,48,53,56,61,64,78,82,84,105,106" machi="53" ten="20,1500,0" yaku="0,1,7,1" doraHai="113" who="0" fromWho="0" sc="365,15,189,-4,293,-7,153,-4" /><INIT seed="3,0,0,3,2,109" ten="380,185,286,149" oya="3" hai0="40,103,56,59,131,96,129,60,119,118,133,55,57" hai1="105,58,33,99,32,34,48,83,31,95,9,135,82" hai2="14,93,36,130,53,112,30,24,115,22,81,89,132" hai3="68,29,54,18,3,80,117,66,23,120,19,63,6"/><W61/><G117/><N who="0" m="44555" /><D96/><U70/><E70/><V25/><F36/><W122/><G29/><T16/><D103/><U110/><E110/><V28/><F130/><N who="0" m="49674" /><D40/><U52/><E135/><V21/><F132/><W90/><G6/><T8/><D133/><U11/><E31/><V100/><F100/><W13/><G3/><T4/><D16/><U73/><E105/><V94/><F14/><AGARI ba="0,0" hai="4,8,14,55,56,57,59,60" m="49674,44555" machi="14" ten="30,1000,0" yaku="19,1" doraHai="109" who="0" fromWho="2" sc="380,10,185,0,286,-10,149,0" /><INIT seed="4,0,0,0,3,41" ten="390,185,276,149" oya="0" hai0="76,12,11,50,40,55,1,77,95,128,99,47,87" hai1="62,112,16,51,97,92,73,17,59,44,129,80,52" hai2="58,34,22,20,110,2,68,84,83,121,43,56,79" hai3="126,106,32,133,117,30,109,85,42,28,71,125,120"/><T60/><D128/><U131/><E112/><V23/><F34/><W13/><G71/><T45/><D1/><U100/><E73/><V65/><F110/><W114/><G106/><T98/><D87/><U118/><E118/><V74/><F121/><W123/><G109/><T75/><D75/><U39/><E39/><V93/><F2/><W96/><G96/><T124/><D124/><N who="3" m="47721" /><G117/><T72/><D72/><U108/><E80/><V61/><F43/><W86/><G114/><T24/><D24/><U25/><E108/><V88/><AGARI ba="0,0" hai="20,22,23,56,58,61,65,68,74,79,83,84,88,93" machi="88" ten="30,2000,0" yaku="0,1,54,1" doraHai="41" who="2" fromWho="2" sc="390,-10,185,-5,276,20,149,-5" /><INIT seed="5,0,0,4,4,65" ten="380,180,296,144" oya="1" hai0="97,19,20,25,30,50,108,131,15,40,124,35,64" hai1="123,100,87,26,36,22,13,45,46,113,75,116,99" hai2="91,125,2,27,105,106,103,6,57,77,104,132,98" hai3="83,63,82,29,56,86,8,39,16,0,9,109,110"/><U10/><E75/><V81/><F125/><W42/><G29/><T60/><D108/><U121/><E116/><V53/><F132/><W118/><G118/><T78/><D124/><U62/><E36/><V11/><F91/><W102/><G102/><T14/><D131/><U73/><E73/><V4/><F27/><W92/><G92/><T28/><D78/><U33/><E33/><V74/><REACH who="2" step="1"/><F6/><REACH who="2" ten="380,180,286,144" step="2"/><W47/><G109/><T96/><D25/><U70/><E26/><V44/><F44/><W119/><G110/><T84/><D30/><U54/><E46/><V66/><F66/><W52/><G119/><T12/><D28/><U38/><E45/><V24/><F24/><W129/><G129/><T71/><D64/><U111/><E111/><V55/><F55/><W59/><G56/><T89/><D89/><U72/><E54/><V122/><F122/><W128/><G128/><T31/><D31/><U127/><E127/><V41/><F41/><W88/><G0/><T80/><D40/><U5/><E123/><V67/><F67/><W21/><G83/><T130/><D130/><U17/><E121/><V37/><F37/><W107/><G107/><T58/><D80/><U23/><E38/><V69/><F69/><W1/><G1/><T120/><D120/><U117/><E70/><V115/><F115/><W76/><G76/><T79/><D79/><U114/><E113/><V95/><F95/><W90/><G90/><T126/><D126/><U48/><E114/><V7/><F7/><W134/><G134/><T61/><D71/><U43/><E117/><V51/><AGARI ba="0,1" hai="2,4,11,51,53,57,74,77,81,98,103,104,105,106" machi="51" ten="20,8000,1" yaku="1,1,5,1,0,1,7,1,53,1" doraHai="65" doraHaiUra="93" who="2" fromWho="2" sc="380,-20,180,-40,286,90,144,-20" /><INIT seed="6,0,0,2,1,61" ten="360,140,376,124" oya="2" hai0="89,94,23,122,7,47,45,1,38,103,70,71,20" hai1="91,99,57,129,88,37,113,29,69,34,65,126,22" hai2="15,3,90,14,120,119,21,5,134,104,84,63,75" hai3="68,62,30,125,25,106,131,82,100,73,9,17,56"/><V67/><F75/><W58/><G131/><T135/><D122/><U81/><E69/><V128/><F104/><W66/><G125/><T35/><D35/><U16/><E37/><V13/><F119/><W98/><G17/><T83/><D103/><U76/><E34/><V40/><F120/><W28/><G9/><T50/><D83/><U43/><E43/><V48/><F134/><W101/><G101/><T105/><D105/><U108/><E108/><V107/><F107/><W127/><G127/><T0/><D38/><U109/><E109/><V8/><F128/><W130/><G130/><T102/><D102/><U110/><E126/><V111/><F111/><W41/><G41/><T52/><D47/><U114/><E29/><V60/><F60/><W39/><G39/><T77/><D77/><U96/><E110/><V78/><F78/><N who="3" m="44367" /><G30/><T51/><D135/><U18/><E18/><V42/><F21/><W55/><G55/><T72/><D23/><U79/><E129/><V59/><REACH who="2" step="1"/><F48/><REACH who="2" ten="360,140,366,124" step="2"/><W123/><G123/><T86/><D20/><U92/><E79/><V85/><F85/><W53/><G106/><T12/><D72/><U118/><E118/><V115/><F115/><W124/><G124/><T64/><D51/><U46/><E114/><V121/><F121/><W32/><G32/><T36/><D36/><U33/><E33/><V117/><F117/><W26/><G62/><N who="0" m="40215" /><D71/><U27/><E113/><V54/><F54/><W87/><G53/><T19/><D52/><U116/><E116/><V112/><F112/><W95/><G68/><T10/><D50/><U4/><E76/><RYUUKYOKU ba="0,1" sc="360,-10,140,-10,366,30,124,-10" hai2="3,5,8,13,14,15,40,42,59,63,67,84,90" /><INIT seed="6,1,1,3,2,29" ten="350,130,396,114" oya="2" hai0="125,126,9,123,19,8,127,90,51,97,56,20,18" hai1="32,98,31,73,33,102,133,95,34,40,76,4,10" hai2="36,13,62,27,78,64,87,82,67,81,96,103,84" hai3="0,46,53,37,105,75,59,104,101,94,14,119,132"/><V85/><F36/><W11/><G119/><T68/><D68/><U65/><E133/><V5/><F5/><W100/><G0/><T38/><D38/><U25/><E40/><V121/><F121/><W28/><G132/><T26/><D123/><U63/><E76/><V88/><F13/><W122/><G75/><T124/><N who="0" m="31744" /><DORA hai="55" /><T108/><D108/><U16/><E16/><N who="0" m="6185" /><D51/><U17/><E17/><V52/><F85/><W86/><G122/><T89/><D56/><U113/><E73/><V1/><F1/><W60/><G28/><N who="0" m="17479" /><D97/><U44/><E44/><V50/><F27/><W23/><G46/><T131/><D131/><U70/><E113/><V128/><F62/><W134/><G37/><T57/><D57/><U22/><E22/><V120/><F128/><W21/><G134/><T35/><D35/><U7/><E7/><V77/><F120/><W114/><G114/><T118/><D118/><U79/><E79/><V99/><F77/><W47/><G47/><T92/><D92/><U83/><E83/><V66/><F103/><W106/><G101/><T93/><D93/><U109/><E109/><V12/><F12/><AGARI ba="1,1" hai="4,10,12,25,31,32,33,34,63,65,70,95,98,102" machi="12" ten="30,7700,0" yaku="7,1,52,3" doraHai="29,55" who="1" fromWho="2" sc="350,0,130,90,396,-80,114,0" /><INIT seed="7,0,0,1,2,30" ten="350,220,316,114" oya="3" hai0="41,37,106,111,83,79,102,25,86,77,133,52,45" hai1="62,126,14,94,46,124,117,32,49,12,8,97,134" hai2="39,26,128,60,100,112,114,121,109,63,105,84,11" hai3="66,1,31,110,88,68,18,65,3,4,10,29,0"/><W89/><G110/><T75/><D111/><U34/><E62/><V122/><F109/><W38/><G38/><T116/><D116/><U91/><E117/><V93/><F39/><W115/><G115/><N who="2" m="44073" /><F11/><W42/><G42/><T108/><D108/><U27/><E134/><V72/><F26/><W57/><G68/><T5/><D5/><U7/><E14/><V19/><F19/><W132/><G132/><T53/><D133/><U73/><E73/><V129/><F72/><W120/><G120/><N who="2" m="46185" /><F60/><W78/><G78/><T23/><D77/><U33/><REACH who="1" step="1"/><E27/><REACH who="1" ten="350,210,316,114" step="2"/><V64/><F63/><W43/><G43/><AGARI ba="0,1" hai="7,8,12,32,33,34,43,46,49,91,94,97,124,126" machi="43" ten="40,8000,1" yaku="1,1,2,1,52,3,53,0" doraHai="30" doraHaiUra="35" who="1" fromWho="3" sc="350,0,210,90,316,0,114,-80" owari="350,45.0,300,-10.0,316,12.0,34,-47.0" /></mjloggm>