<mjloggm ver="2.3"><GO type="169" lobby="0"/><UN n0="%E9%BA%BB%E9%9B%80%E3%81%A7%E9%A3%9F%E3%81%88%21" n1="%55%74%61%6D%61%78" n2="%E3%82%A8%E3%82%B9%E3%82%BF%E3%83%BC" n3="%E7%B7%91%E3%81%AE%E3%83%A9%E3%83%B3%E3%83%97" dan="18,16,17,16" rate="2294.85,2104.84,2173.63,2154.83" sx="M,M,M,M"/><TAIKYOKU oya="0"/><INIT seed="0,0,0,2,2,98" ten="250,250,250,250" oya="0" hai0="2,83,67,71,63,60,100,6,59,99,134,4,13" hai1="52,90,39,97,36,56,85,132,117,24,19,14,122" hai2="127,111,48,37,32,125,92,76,81,94,8,123,135" hai3="33,77,43,46,41,128,82,28,42,70,106,53,10"/><T89/><D2/><U115/><E122/><V104/><F37/><W1/><G70/><T129/><D129/><U73/><E73/><V62/><F32/><W121/><G128/><T30/><D134/><U5/><E132/><V38/><F38/><W22/><G33/><T45/><D30/><U107/><E117/><V54/><F104/><W116/><G106/><T51/><D89/><U74/><E74/><V26/><F123/><W120/><G53/><T23/><D83/><U27/><E5/><V126/><F62/><W3/><G3/><T57/><D23/><U58/><E58/><V112/><F112/><W15/><G1/><T108/><D108/><U131/><E131/><V69/><F69/><W95/><G95/><N who="0" m="58495" /><D13/><U55/><E55/><V64/><F64/><W20/><G116/><T88/><D88/><U119/><E39/><V113/><F113/><W93/><G93/><T47/><D71/><U35/><E36/><V31/><F111/><W72/><G121/><T17/><D17/><U25/><E35/><N who="2" m="20983" /><F8/><W80/><G80/><T68/><D68/><U124/><E115/><V40/><F40/><N who="3" m="15467" /><G28/><T79/><D79/><U78/><E78/><V96/><F96/><W16/><G120/><T133/><D133/><U87/><E119/><V44/><F135/><W102/><G10/><T118/><D118/><U110/><E110/><V18/><F18/><W49/><G22/><T34/><D34/><U29/><E107/><V66/><F66/><W109/><G109/><T7/><D51/><N who="1" m="30751" /><E29/><V65/><F65/><AGARI ba="0,0" hai="4,6,7,45,47,57,59,60,63,65,67" m="58495" machi="65" ten="30,2900,0" yaku="8,1,52,1" doraHai="98" who="0" fromWho="2" sc="250,29,250,0,250,-29,250,0" /><INIT seed="0,1,0,0,1,64" ten="279,250,221,250" oya="0" hai0="2,77,17,100,31,88,127,133,56,91,61,5,121" hai1="106,63,102,60,99,40,84,98,109,12,118,44,43" hai2="59,49,41,53,131,28,113,112,30,93,108,103,47" hai3="35,87,94,123,32,25,76,13,10,23,117,78,52"/><T120/><D77/><U50/><E118/><V69/><F108/><W24/><G117/><T134/><D100/><U132/><E132/><N who="0" m="50793" /><D31/><U29/><E109/><V15/><F69/><W58/><G123/><N who="0" m="47179" /><D127/><U51/><E29/><V130/><F28/><W21/><G94/><T104/><D104/><U37/><E12/><V54/><F30/><N who="3" m="17679" /><G87/><T3/><D17/><U115/><E84/><V7/><F93/><W62/><G35/><T101/><D101/><U42/><E102/><V124/><F103/><W20/><G32/><T135/><N who="0" m="50801" /><T33/><DORA hai="95" /><D33/><U45/><E106/><V107/><F107/><W79/><G25/><T81/><D81/><U122/><E122/><V14/><F7/><AGARI ba="1,0" hai="7,10,13,20,23,52,58,62,76,78,79" m="17679" machi="7" ten="30,2000,0" yaku="8,1,54,1" doraHai="64,95" who="3" fromWho="2" sc="279,0,250,0,221,-23,250,23" /><INIT seed="1,0,0,4,4,48" ten="279,250,198,273" oya="1" hai0="2,68,50,61,5,10,131,99,7,83,8,26,44" hai1="116,66,107,92,0,128,82,64,30,28,132,41,40" hai2="80,62,74,104,31,109,13,134,11,98,133,78,95" hai3="102,14,24,4,42,106,12,15,60,124,90,57,38"/><U67/><E116/><V94/><F31/><N who="1" m="11817" /><E107/><V53/><F109/><W96/><G124/><T70/><D131/><U125/><E128/><V97/><F104/><W43/><G4/><T22/><D99/><U129/><E0/><V130/><F130/><W69/><G69/><T46/><D83/><U39/><E39/><V9/><F9/><W18/><G38/><T103/><D103/><U23/><E129/><V16/><F98/><W105/><G105/><T81/><D81/><U114/><E114/><V19/><F19/><W135/><G135/><N who="2" m="51721" /><F97/><W21/><REACH who="3" step="1"/><G90/><REACH who="3" ten="279,250,198,263" step="2"/><T65/><D70/><U72/><E132/><V27/><F27/><W73/><G73/><T113/><D113/><U93/><E72/><V25/><F25/><W87/><G87/><T112/><D112/><U89/><E125/><V49/><F62/><W86/><G86/><T47/><D26/><U1/><E1/><V76/><F78/><W36/><G36/><T45/><D7/><U37/><E37/><V6/><F6/><W91/><G91/><T123/><D123/><U121/><E121/><V33/><F33/><W84/><G84/><T127/><D127/><U59/><E89/><V17/><F17/><W35/><G35/><T75/><D75/><U126/><E126/><V119/><F119/><W20/><G20/><T101/><D22/><U88/><E23/><V108/><F108/><W63/><G63/><T118/><D118/><U77/><E88/><V55/><F49/><W51/><G51/><T79/><D79/><U85/><E77/><V3/><F3/><W71/><G71/><T52/><D10/><RYUUKYOKU ba="0,1" sc="279,10,250,-30,198,10,263,10" hai0="2,5,8,44,45,46,47,50,52,61,65,68,101" hai2="11,13,16,53,55,74,76,80,94,95" hai3="12,14,15,18,21,24,42,43,57,60,96,102,106" /><INIT seed="2,1,1,4,0,19" ten="289,220,208,273" oya="2" hai0="102,111,119,95,123,41,35,46,94,125,63,85,104" hai1="1,79,15,75,39,49,113,77,44,87,10,74,133" hai2="68,100,118,29,80,28,58,109,120,82,20,16,60" hai3="101,115,33,69,27,98,37,4,51,26,110,96,103"/><V2/><F2/><W25/><G37/><T116/><D123/><U5/><E113/><V81/><F118/><N who="0" m="45098" /><D111/><U130/><E130/><V91/><F68/><W131/><G131/><T13/><D35/><U11/><E133/><V112/><F100/><W135/><G135/><T56/><D125/><U54/><E39/><V99/><F112/><W30/><G110/><T84/><D104/><U89/><E75/><V70/><F70/><W17/><G115/><T129/><D13/><U0/><E74/><V72/><F72/><W108/><G4/><T64/><D129/><U9/><E1/><V66/><F120/><W105/><G108/><T83/><D102/><U97/><E97/><V52/><F66/><W121/><G121/><T12/><D12/><U93/><REACH who="1" step="1"/><E10/><REACH who="1" ten="289,210,208,273" step="2"/><V90/><F109/><W71/><G98/><T48/><D84/><U61/><E61/><V62/><F60/><W126/><G96/><T107/><D107/><U32/><E32/><V40/><F40/><W134/><G105/><T53/><D41/><U86/><E86/><V42/><F42/><W50/><G134/><T23/><D23/><U124/><E124/><V92/><REACH who="2" step="1"/><F90/><AGARI ba="1,2" hai="46,48,53,56,63,64,83,85,90,94,95" m="45098" machi="90" ten="30,1000,0" yaku="12,1" doraHai="19" who="0" fromWho="2" sc="289,33,210,0,208,-13,273,0" /><INIT seed="3,0,0,4,1,73" ten="322,210,195,273" oya="3" hai0="117,110,20,106,56,54,89,28,100,92,9,26,11" hai1="84,21,130,39,7,33,67,40,12,83,70,135,99" hai2="61,46,66,87,101,10,3,29,1,91,128,52,23" hai3="88,125,124,134,60,121,32,133,109,69,131,37,98"/><W86/><G121/><T57/><D117/><U59/><E33/><V126/><F128/><W13/><G32/><T75/><D75/><U25/><E130/><V4/><F101/><W97/><G37/><T15/><D110/><U103/><E70/><V35/><F35/><W82/><G131/><T64/><D106/><U17/><E40/><V115/><F115/><W68/><G13/><T0/><D100/><U112/><E39/><V38/><F38/><W50/><G50/><N who="0" m="30807" /><D0/><U5/><E112/><V119/><F119/><W79/><G109/><T55/><D64/><U95/><E12/><V72/><F72/><N who="3" m="43367" /><G60/><N who="0" m="35903" /><D15/><U63/><REACH who="1" step="1"/><E135/><REACH who="1" ten="322,200,195,273" step="2"/><N who="3" m="51722" /><G68/><T76/><D76/><AGARI ba="0,1" hai="5,7,17,21,25,59,63,67,76,83,84,95,99,103" machi="76" ten="30,7700,0" yaku="1,1,7,1,8,1,52,1,53,0" doraHai="73" doraHaiUra="104" who="1" fromWho="0" sc="322,-77,200,87,195,0,273,0" /><INIT seed="4,0,0,5,0,32" ten="245,287,195,273" oya="0" hai0="89,116,13,72,64,109,73,94,119,91,44,56,102" hai1="132,83,115,16,111,12,50,31,28,112,87,67,14" hai2="84,80,45,65,128,103,26,36,23,105,74,127,76" hai3="92,1,79,55,81,125,108,7,104,71,22,99,47"/><T49/><D109/><U66/><E111/><V61/><F127/><W58/><G108/><T90/><D13/><U85/><E50/><V78/><F128/><W121/><G71/><T97/><D64/><N who="1" m="24619" /><E14/><V70/><F105/><W63/><G104/><T48/><D56/><U37/><E37/><V62/><F62/><W82/><G125/><T96/><D49/><U46/><E46/><V134/><F103/><W69/><G69/><T11/><D11/><N who="1" m="6175" /><E87/><V29/><F134/><W101/><G47/><T131/><D131/><U0/><E0/><V34/><F34/><W21/><G121/><T9/><D9/><U95/><E95/><V118/><F118/><N who="0" m="45098" /><D48/><U75/><E75/><N who="0" m="28745" /><D44/><U57/><E57/><V24/><F24/><W88/><G1/><T114/><D114/><N who="1" m="43563" /><E132/><V2/><F74/><W59/><G59/><T4/><D4/><U110/><E110/><V54/><F2/><W52/><G7/><T40/><D40/><U30/><E31/><V135/><F135/><W41/><G41/><T19/><D19/><U33/><E33/><V106/><F54/><W8/><G8/><T18/><D18/><U42/><E42/><V53/><F53/><W130/><G130/><T93/><AGARI ba="0,0" hai="89,90,91,93,94,96,97,102" m="28745,45098" machi="93" ten="40,3900,0" yaku="34,2" doraHai="32" who="0" fromWho="0" sc="245,39,287,-13,195,-13,273,-13" /><INIT seed="4,1,0,5,3,24" ten="284,274,182,260" oya="0" hai0="42,111,70,32,129,75,104,121,17,43,20,6,1" hai1="52,38,2,60,96,117,132,23,84,69,109,101,4" hai2="122,93,95,91,16,26,120,77,51,25,119,97,118" hai3="80,87,5,30,56,81,65,35,61,14,102,8,99"/><T28/><D104/><U44/><E109/><V116/><F77/><W127/><G127/><T46/><D75/><U126/><E132/><V18/><F51/><W114/><G114/><T106/><D106/><U67/><E126/><V78/><F78/><W71/><G56/><T11/><D70/><U54/><E84/><V72/><F72/><W88/><G81/><T73/><D73/><U55/><E117/><V50/><F50/><W33/><REACH who="3" step="1"/><G30/><REACH who="3" ten="284,274,182,250" step="2"/><T112/><D112/><U10/><E23/><V58/><F58/><W47/><G47/><T0/><D46/><U39/><REACH who="1" step="1"/><E44/><REACH who="1" ten="284,264,182,250" step="2"/><V15/><F119/><W53/><G53/><T133/><D20/><U94/><AGARI ba="1,2" hai="2,4,10,38,39,52,54,55,60,67,69,94,96,101" machi="94" ten="30,7900,0" yaku="1,1,2,1,0,1,54,1,53,0" doraHai="24" doraHaiUra="31" who="1" fromWho="1" sc="284,-40,264,102,182,-21,250,-21" /><INIT seed="5,0,0,4,4,102" ten="244,366,161,229" oya="1" hai0="96,65,121,135,10,20,52,59,6,80,47,43,75" hai1="50,64,33,108,58,34,100,126,110,18,98,22,13" hai2="37,116,23,35,62,49,88,69,70,66,131,119,26" hai3="123,71,78,97,68,2,3,5,42,63,61,124,73"/><U11/><E126/><V21/><F37/><W101/><G124/><T1/><D135/><U129/><E129/><V122/><F122/><W55/><G123/><T94/><D121/><U83/><E83/><V14/><F70/><W87/><G42/><T99/><D65/><U24/><E50/><V91/><F131/><W31/><G73/><T25/><D75/><U4/><E58/><V103/><F35/><W95/><G31/><T53/><D80/><U90/><E90/><V109/><F109/><N who="1" m="42089" /><E64/><V125/><F125/><W89/><G78/><T134/><D134/><U86/><E86/><V105/><F49/><W19/><G71/><T130/><D130/><U57/><E57/><V72/><F14/><W46/><G68/><T77/><D77/><U54/><E54/><V112/><F21/><W115/><G115/><T12/><D1/><U104/><AGARI ba="0,0" hai="4,11,13,18,22,24,33,34,98,100,104" m="42089" machi="104" ten="30,3000,0" yaku="10,1,52,1" doraHai="102" who="1" fromWho="1" sc="244,-10,366,30,161,-10,229,-10" /><INIT seed="5,1,0,1,3,73" ten="234,396,151,219" oya="1" hai0="110,106,130,6,58,1,78,55,9,132,65,72,119" hai1="117,81,15,70,92,69,88,99,51,35,84,111,104" hai2="93,13,103,109,30,135,75,101,97,122,31,115,20" hai3="118,95,68,43,11,123,44,34,49,5,45,22,53"/><U129/><E117/><V24/><F109/><W46/><G34/><T14/><D110/><U52/><E35/><V54/><F122/><W3/><G118/><T131/><D119/><U114/><E111/><V67/><F31/><W17/><G68/><T38/><D38/><U128/><E104/><V89/><F135/><W25/><G123/><T2/><D106/><U29/><E29/><V23/><F75/><W62/><G95/><T64/><D132/><U112/><E15/><V113/><F54/><W107/><G107/><T98/><D98/><U102/><E69/><V77/><F67/><N who="0" m="25674" /><D72/><U8/><E8/><V48/><F48/><W96/><G96/><T57/><D78/><N who="1" m="46135" /><E102/><V33/><F77/><W42/><REACH who="3" step="1"/><G62/><REACH who="3" ten="234,396,151,209" step="2"/><N who="0" m="36159" /><D131/><N who="1" m="50251" /><E70/><V71/><F71/><W7/><G7/><T85/><D6/><U10/><E10/><V125/><F33/><W74/><G74/><T120/><D9/><U86/><E99/><V60/><F101/><W21/><G21/><T27/><D120/><U63/><E63/><V76/><F60/><W12/><G12/><T16/><D14/><U121/><E121/><V82/><F13/><W116/><G116/><T28/><D85/><U19/><E19/><V127/><F103/><W56/><AGARI ba="1,1" hai="3,5,11,17,22,25,42,43,44,45,46,49,53,56" machi="56" ten="30,4000,0" yaku="1,1,0,1,53,1" doraHai="73" doraHaiUra="50" who="3" fromWho="3" sc="234,-11,396,-21,151,-11,209,53" /><INIT seed="6,0,0,2,0,56" ten="223,375,140,262" oya="2" hai0="18,29,132,52,67,55,112,38,122,82,57,17,71" hai1="106,4,121,111,95,118,10,0,69,28,68,5,79" hai2="84,92,65,42,77,116,21,24,91,108,30,129,31" hai3="104,89,37,64,35,41,78,88,117,133,40,59,73"/><V102/><F116/><W96/><G117/><T90/><D122/><U98/><E106/><V7/><F129/><W105/><G35/><T119/><D119/><U97/><E111/><V34/><F108/><W27/><G27/><T128/><D128/><U33/><E121/><V107/><F7/><W6/><G73/><T94/><D132/><U36/><E36/><V15/><F42/><W1/><G78/><T81/><D112/><U49/><E79/><V113/><F113/><W11/><G133/><T61/><D38/><U110/><E110/><V126/><F126/><W2/><G37/><T60/><D29/><U83/><E83/><V58/><F77/><W53/><G64/><T25/><D55/><U86/><E28/><N who="2" m="17423" /><F34/><W80/><G80/><T26/><D26/><U3/><E33/><V20/><F107/><W14/><G105/><T39/><D39/><U85/><E118/><V54/><F102/><N who="3" m="62535" /><G2/><T50/><D50/><U45/><E3/><V99/><F99/><W46/><G1/><T12/><D17/><U22/><E98/><V131/><F65/><W76/><G76/><T135/><D135/><U127/><E5/><V32/><F32/><W8/><G41/><T130/><D130/><U43/><E127/><V48/><F131/><W13/><G6/><T103/><D103/><N who="1" m="60863" /><E22/><V51/><F48/><N who="3" m="26695" /><G8/><N who="0" m="6407" /><D25/><U63/><E69/><V44/><F44/><W134/><G11/><T123/><D123/><U75/><E75/><V47/><F47/><W19/><G134/><T23/><D23/><U9/><E10/><V62/><F51/><N who="3" m="31167" /><G13/><T100/><D100/><U109/><E109/><RYUUKYOKU ba="0,0" sc="223,0,375,0,140,0,262,0" hai0="52,57,60,61,67,71,81,82,90,94" hai1="0,4,9,43,45,49,63,68,85,86" hai2="15,20,30,31,54,58,62,84,91,92" hai3="14,19,88,89" /><INIT seed="6,1,0,4,4,68" ten="223,375,140,262" oya="2" hai0="109,103,84,46,57,58,132,15,134,36,16,112,51" hai1="65,113,53,99,29,102,106,74,44,87,30,69,41" hai2="9,123,50,47,0,17,122,61,38,27,4,76,43" hai3="55,131,121,104,81,60,52,14,92,117,125,13,11"/><V2/><F2/><W75/><G104/><T33/><D33/><U5/><E74/><V79/><F61/><W10/><G117/><T95/><D109/><U100/><E100/><V85/><F50/><W129/><G92/><T59/><D36/><U97/><E97/><V6/><F4/><W39/><G39/><T108/><D108/><U54/><E5/><V115/><F115/><W101/><G101/><T116/><D116/><U22/><E113/><V56/><F56/><W70/><G121/><T107/><D107/><U19/><E87/><V45/><F45/><W1/><G1/><T48/><D112/><U49/><E69/><V127/><F127/><W91/><G125/><T130/><D130/><N who="3" m="49673" /><G70/><T26/><D26/><U110/><E110/><V94/><F79/><N who="3" m="44287" /><G91/><N who="0" m="53735" /><D103/><U18/><E65/><V23/><F94/><W89/><G89/><T118/><D118/><U20/><E30/><V111/><F111/><W114/><G114/><T96/><D96/><U119/><E29/><V86/><REACH who="2" step="1"/><F85/><REACH who="2" ten="223,375,130,262" step="2"/><W62/><G62/><T124/><D124/><U67/><E119/><V135/><F135/><N who="0" m="51754" /><D46/><U34/><E44/><V98/><F98/><W66/><G60/><T31/><D31/><U73/><E99/><V128/><F128/><W42/><G66/><T32/><D32/><U7/><E67/><V3/><F3/><W133/><G133/><T120/><D120/><U28/><E34/><V82/><AGARI ba="1,1" hai="0,6,9,17,23,27,38,43,47,76,82,86,122,123" machi="82" ten="30,6000,0" yaku="1,1,0,1,52,1,53,0" doraHai="68" doraHaiUra="90" who="2" fromWho="2" sc="223,-21,375,-21,130,73,262,-21" /><INIT seed="6,2,0,2,3,32" ten="202,354,203,241" oya="2" hai0="113,70,74,91,104,127,35,117,15,93,69,10,8" hai1="54,118,86,63,25,103,71,108,31,33,107,9,28" hai2="84,131,81,62,73,3,105,17,0,37,96,115,135" hai3="68,60,126,29,66,44,119,53,133,65,11,16,123"/><V75/><F37/><W85/><G119/><T109/><D109/><U40/><E108/><V114/><F131/><W111/><G111/><T52/><D104/><U79/><E31/><V98/><F62/><W77/><G123/><T45/><D35/><U101/><E40/><V64/><F64/><W90/><G29/><T58/><D117/><U122/><E122/><V121/><F17/><W21/><G66/><T34/><D34/><U49/><E107/><V26/><F26/><W19/><G77/><T134/><D74/><N who="2" m="28170" /><F121/><W24/><G133/><T67/><D134/><U57/><E118/><V36/><F36/><W106/><G106/><T51/><D51/><BYE who="0" /><U48/><E48/><V2/><F105/><UN n0="%E9%BA%BB%E9%9B%80%E3%81%A7%E9%A3%9F%E3%81%88%21" /><W82/><G126/><T92/><D127/><U55/><E71/><V80/><F135/><W129/><G129/><T6/><D45/><U50/><E63/><V94/><F94/><W12/><G44/><T125/><D125/><U4/><E55/><V99/><F84/><W72/><G72/><T5/><D67/><U78/><E50/><V47/><F47/><W120/><G120/><T22/><D22/><BYE who="0" /><U27/><E27/><V43/><F43/><W83/><REACH who="3" step="1"/><G53/><REACH who="3" ten="202,354,203,231" step="2"/><UN n0="%E9%BA%BB%E9%9B%80%E3%81%A7%E9%A3%9F%E3%81%88%21" /><T61/><D113/><AGARI ba="2,1" hai="0,2,3,80,81,96,98,99,113,114,115" m="28170" machi="113" ten="40,18000,2" yaku="28,2,15,1,52,3" doraHai="32" who="2" fromWho="0" sc="202,-186,354,0,203,196,231,0" /><INIT seed="6,3,0,3,4,54" ten="16,354,399,231" oya="2" hai0="76,57,102,1,11,111,60,104,35,101,99,74,58" hai1="22,41,53,48,45,23,63,129,83,30,105,32,69" hai2="118,51,16,70,123,2,17,114,37,3,73,87,0" hai3="18,40,7,39,56,29,86,126,8,109,121,14,81"/><V120/><F37/><W64/><G109/><T72/><D111/><U4/><E105/><V61/><F73/><W20/><G126/><T34/><D11/><U38/><E129/><V107/><F107/><W79/><G121/><T78/><D60/><U47/><E4/><V49/><F118/><W19/><G39/><T122/><D104/><U125/><E125/><V44/><F114/><W33/><G40/><T12/><D12/><U66/><E32/><V130/><F87/><W82/><G33/><T43/><D43/><U98/><E30/><V27/><F130/><W106/><G106/><T97/><REACH who="0" step="1"/><D122/><REACH who="0" ten="6,354,399,231" step="2"/><U89/><E41/><V135/><F123/><W24/><G82/><T90/><D90/><U15/><E89/><V132/><F61/><AGARI ba="3,1" hai="7,8,14,18,19,20,24,29,56,61,64,79,81,86" machi="61" ten="40,2600,0" yaku="8,1,52,1" doraHai="54" who="3" fromWho="2" sc="6,0,354,0,399,-35,231,45" /><INIT seed="7,0,0,1,3,53" ten="6,354,364,276" oya="3" hai0="9,67,125,31,57,93,23,70,51,35,32,103,86" hai1="118,123,52,56,12,76,8,15,120,40,121,47,102" hai2="69,43,77,3,117,34,45,98,66,61,71,82,89" hai3="41,20,64,55,44,59,129,24,83,87,5,60,48"/><W97/><G129/><T10/><D93/><U131/><E131/><V1/><F34/><W42/><G97/><T108/><D86/><U107/><E118/><V26/><F117/><W73/><G5/><T22/><D103/><U81/><E102/><V2/><F26/><W134/><G73/><T27/><D51/><U19/><E15/><V30/><F30/><W62/><G62/><T36/><D67/><U116/><E107/><V133/><F133/><W124/><G124/><T54/><D54/><U126/><E116/><V75/><F89/><W25/><G25/><T29/><D36/><U37/><E126/><V90/><F90/><W110/><G110/><T122/><D70/><U58/><REACH who="1" step="1"/><E52/><REACH who="1" ten="6,344,364,276" step="2"/><V6/><F98/><W13/><G13/><T4/><D125/><U33/><E33/><V16/><F6/><W132/><G132/><T63/><D108/><U17/><E17/><V135/><F16/><W114/><G134/><T112/><D112/><U88/><E88/><V109/><F135/><W78/><REACH who="3" step="1"/><G114/><REACH who="3" ten="6,344,364,266" step="2"/><T38/><D38/><U95/><E95/><V99/><F109/><W127/><G127/><T0/><D122/><U7/><E7/><V50/><REACH who="2" step="1"/><F99/><REACH who="2" ten="6,344,354,266" step="2"/><W79/><G79/><T100/><D100/><U84/><AGARI ba="0,3" hai="8,12,19,37,40,47,56,58,76,81,84,120,121,123" machi="84" ten="30,12000,2" yaku="1,1,0,1,52,2,53,3" doraHai="53" doraHaiUra="119" who="1" fromWho="1" sc="6,-30,344,150,354,-30,266,-60" owari="-24,-52.0,494,59.0,324,12.0,206,-19.0" /></mjloggm>