<mjloggm ver="2.3"><GO type="169" lobby="0"/><UN n0="%E3%81%A7%E3%81%97%EF%BC%96" n1="%6B%75%7A%75%6E" n2="%64%75%72%72%72%72%72" n3="%E3%82%B3%E3%81%98%E3%81%95%E3%82%93%EF%BC%9F" dan="17,17,16,18" rate="2108.59,2145.09,2119.26,2226.14" sx="M,M,M,M"/><TAIKYOKU oya="0"/><INIT seed="0,0,0,0,2,37" ten="250,250,250,250" oya="0" hai0="119,114,91,46,105,3,110,11,39,45,14,127,122" hai1="19,73,92,5,97,98,81,1,62,82,38,72,43" hai2="124,24,65,94,115,76,121,125,40,26,4,117,2" hai3="56,54,36,57,28,108,58,70,113,32,7,51,15"/><T47/><D122/><U44/><E19/><V96/><F121/><W80/><G113/><T13/><D119/><U111/><E111/><V0/><F115/><W25/><G108/><T31/><D114/><U120/><E120/><V123/><F123/><W27/><G70/><T29/><D110/><U6/><E62/><V84/><F65/><W95/><G36/><T42/><D105/><U129/><E129/><V93/><F117/><W102/><G80/><T50/><D127/><U133/><E133/><V109/><F109/><W99/><REACH who="3" step="1"/><G27/><REACH who="3" ten="250,250,250,240" step="2"/><T134/><D134/><U106/><E81/><V71/><F26/><W55/><G55/><T135/><D135/><U60/><E82/><V49/><F24/><W63/><G63/><T41/><D39/><U89/><E60/><V75/><F71/><W85/><G85/><T131/><D131/><U21/><E73/><V59/><F84/><W101/><G101/><T88/><D50/><U61/><E72/><V79/><F75/><W78/><G78/><T48/><D48/><U74/><E74/><V128/><F49/><W77/><G77/><T10/><D47/><U20/><E61/><V67/><F128/><W33/><G33/><T64/><D64/><U68/><E68/><V103/><F67/><W118/><G118/><T107/><D107/><U17/><E106/><V12/><F103/><W126/><G126/><T23/><D23/><U69/><E20/><V132/><F132/><W112/><G112/><T66/><D66/><U53/><E21/><V8/><F125/><W86/><G86/><T18/><D3/><N who="2" m="1066" /><F124/><W30/><G30/><RYUUKYOKU ba="0,1" sc="250,15,250,-15,250,-15,240,15" hai0="10,11,13,14,18,29,31,41,42,45,46,88,91" hai3="7,15,25,28,32,51,54,56,57,58,95,99,102" /><INIT seed="0,1,1,1,5,57" ten="265,235,235,255" oya="0" hai0="36,134,15,79,127,62,135,81,11,0,30,74,122" hai1="42,116,126,8,109,103,87,50,43,115,119,14,31" hai2="132,113,90,96,123,34,107,105,2,13,121,95,60" hai3="93,55,25,94,4,71,38,7,53,51,117,32,128"/><T133/><D122/><U124/><E109/><V26/><F2/><W10/><G117/><T69/><D127/><N who="1" m="48683" /><E115/><V92/><F113/><W61/><G38/><T39/><D30/><U97/><E87/><V45/><F13/><W99/><G128/><T111/><D111/><U112/><E112/><V52/><F132/><W44/><G32/><T67/><REACH who="0" step="1"/><D0/><REACH who="0" ten="255,235,235,255" step="2"/><U100/><E31/><V12/><F123/><W129/><G129/><T49/><D49/><U118/><E50/><V59/><F121/><W104/><G51/><T88/><D88/><U101/><E97/><V83/><F90/><W54/><G44/><T102/><D102/><U27/><E27/><V23/><F96/><W46/><G46/><T70/><D70/><U75/><E75/><V21/><F45/><W5/><G99/><T37/><D37/><U131/><E131/><V85/><F26/><W80/><G71/><T86/><D86/><U108/><E108/><V91/><F85/><W73/><G25/><T82/><D82/><U120/><E120/><V58/><F91/><W9/><G80/><T84/><D84/><U66/><E103/><V47/><F83/><W6/><G73/><T110/><D110/><U1/><E1/><V48/><F47/><W114/><G114/><T89/><D89/><U24/><E24/><V65/><F48/><W78/><G78/><T63/><D63/><U33/><E101/><V76/><F34/><W28/><G61/><T22/><D22/><N who="2" m="8202" /><F76/><W35/><G28/><T3/><D3/><U41/><E33/><V68/><F68/><W106/><N who="3" m="1024" /><DORA hai="72" /><W17/><G35/><RYUUKYOKU ba="1,2" sc="255,30,235,-10,235,-10,255,-10" hai0="11,15,36,39,62,67,69,74,79,81,133,134,135" /><INIT seed="0,2,2,2,3,84" ten="285,225,225,245" oya="0" hai0="133,135,95,5,13,62,107,52,44,87,47,54,86" hai1="131,109,120,106,129,9,48,125,34,115,40,71,74" hai2="113,30,51,126,101,90,10,39,60,72,68,132,118" hai3="89,50,18,1,42,75,122,21,33,128,78,29,25"/><T97/><D107/><U64/><RYUUKYOKU type="yao9" ba="2,2" sc="285,0,225,0,225,0,245,0" hai1="9,34,40,48,64,71,74,106,109,115,120,125,129,131" /><INIT seed="0,3,2,5,0,51" ten="285,225,225,245" oya="0" hai0="119,100,122,132,46,108,85,133,13,39,53,34,7" hai1="112,10,58,47,75,64,61,121,113,36,130,18,5" hai2="3,30,105,92,24,55,72,19,6,109,17,117,60" hai3="77,101,103,2,83,45,131,0,41,87,111,76,23"/><T42/><D122/><U15/><E121/><V124/><F105/><W4/><G111/><T78/><D119/><U73/><E130/><V32/><F72/><W26/><G131/><T44/><D108/><U27/><E27/><V62/><F109/><W114/><G114/><N who="1" m="44138" /><E18/><V49/><F117/><W104/><G77/><T37/><D34/><U98/><E98/><V22/><F124/><W33/><G33/><T40/><D100/><U126/><E126/><V84/><F19/><W20/><G20/><T14/><D7/><U71/><E71/><V79/><F79/><W29/><G4/><T91/><D78/><U56/><E58/><V66/><F66/><W129/><G129/><T57/><D91/><U93/><E93/><V118/><F118/><W82/><G82/><T52/><D57/><U106/><E106/><V96/><F84/><AGARI ba="3,2" hai="13,14,37,39,40,42,44,46,52,53,84,85,132,133" machi="84" ten="25,12000,1" yaku="22,2,52,2,54,1" doraHai="51" who="0" fromWho="2" sc="285,149,225,0,225,-129,245,0" /><INIT seed="0,4,0,1,0,111" ten="434,225,96,245" oya="0" hai0="39,101,115,7,37,55,44,64,83,14,25,15,84" hai1="98,51,100,69,58,104,94,4,126,61,134,97,129" hai2="105,22,89,90,116,20,53,88,106,16,50,42,70" hai3="127,65,112,123,108,124,49,41,5,80,31,52,102"/><T32/><D64/><U67/><E126/><N who="3" m="48170" /><G108/><T110/><D101/><U122/><E129/><V43/><F70/><W19/><G5/><T93/><D93/><U38/><E134/><V2/><F2/><W130/><G130/><T45/><D110/><U56/><E122/><V54/><F116/><W29/><G41/><N who="2" m="15369" /><F50/><W121/><G102/><T12/><D7/><U26/><E38/><V128/><F16/><W92/><G112/><T33/><D15/><U57/><E4/><V40/><N who="2" m="15377" /><V131/><DORA hai="10" /><F131/><W17/><G80/><T13/><D13/><U3/><E3/><V21/><F128/><W63/><G92/><T68/><D83/><U82/><E82/><V118/><F118/><W135/><G135/><T28/><D28/><N who="3" m="10825" /><G17/><T73/><D39/><U71/><E71/><V47/><F47/><N who="3" m="27711" /><G19/><T114/><D37/><U91/><REACH who="1" step="1"/><E26/><REACH who="1" ten="434,215,96,245" step="2"/><V62/><F62/><W0/><G0/><T36/><D25/><U46/><E46/><V1/><F1/><W34/><G34/><T85/><D36/><U23/><E23/><N who="2" m="5891" /><V78/><DORA hai="96" /><F78/><W117/><G117/><T103/><D44/><U77/><E77/><V76/><F76/><W119/><G119/><T113/><D45/><U18/><E18/><V86/><F86/><W74/><G74/><T125/><D73/><U9/><E9/><V8/><F8/><W24/><G24/><T35/><D125/><U6/><E6/><V95/><F95/><W72/><G72/><T99/><D115/><U60/><E60/><V87/><F87/><W27/><G27/><T11/><D114/><U120/><E120/><RYUUKYOKU ba="4,1" sc="434,-30,215,10,96,10,245,10" hai1="51,56,57,58,61,67,69,91,94,97,98,100,104" hai2="53,54,88,89,90,105,106" hai3="63,65,121,123" /><INIT seed="1,5,1,2,0,71" ten="404,225,106,255" oya="1" hai0="74,129,103,122,106,75,38,23,78,119,85,59,31" hai1="54,27,34,8,56,52,120,15,108,32,133,90,19" hai2="80,4,13,67,29,28,6,2,76,62,20,5,10" hai3="132,16,72,46,3,45,0,70,112,96,125,61,30"/><U25/><E120/><V53/><F53/><W81/><G112/><T92/><D119/><U91/><E133/><V65/><F65/><W26/><G132/><T82/><D129/><U42/><E108/><V115/><F115/><W123/><G123/><T110/><D110/><U98/><E42/><V107/><F107/><W94/><G125/><T86/><D106/><U18/><E98/><V87/><F2/><W57/><G70/><T114/><D114/><U102/><E102/><V7/><REACH who="2" step="1"/><F20/><REACH who="2" ten="404,225,96,255" step="2"/><W11/><G0/><T1/><D23/><U35/><E54/><V111/><F111/><W131/><G3/><T124/><D1/><U68/><E68/><AGARI ba="5,2" hai="4,5,6,7,10,13,28,29,62,67,68,76,80,87" machi="68" ten="40,1300,0" yaku="1,1,53,0" doraHai="71" doraHaiUra="100" who="2" fromWho="1" sc="404,0,225,-28,96,48,255,0" /><INIT seed="2,0,0,4,3,75" ten="404,197,144,255" oya="2" hai0="129,63,105,35,101,32,89,85,1,116,131,13,76" hai1="11,17,25,83,42,108,119,65,7,133,97,84,126" hai2="86,90,36,104,37,12,4,51,62,29,127,102,71" hai3="70,115,79,40,107,23,91,3,114,52,47,125,19"/><V123/><F123/><W64/><G107/><T26/><D1/><U24/><E108/><V112/><F112/><N who="3" m="43051" /><G3/><T82/><D116/><U43/><E119/><V128/><F128/><N who="0" m="49226" /><D13/><U93/><E126/><V28/><F127/><W50/><G125/><T49/><D49/><U73/><E73/><V109/><F109/><W68/><G64/><T38/><D38/><U117/><E133/><V124/><F124/><W18/><G91/><T30/><D63/><U33/><E117/><V2/><F2/><W96/><G96/><N who="0" m="61607" /><D32/><U60/><E25/><V22/><F37/><N who="3" m="21903" /><G79/><AGARI ba="0,0" hai="26,30,35,76,79,82,85,89" m="61607,49226" machi="79" ten="30,3900,0" yaku="19,1,52,2" doraHai="75" who="0" fromWho="3" sc="404,39,197,0,144,0,255,-39" /><INIT seed="3,0,0,1,0,47" ten="443,197,144,216" oya="3" hai0="83,122,65,124,96,22,27,40,41,84,90,6,63" hai1="102,127,67,117,1,82,126,116,58,7,44,80,135" hai2="134,86,26,92,115,87,34,57,37,76,91,109,118" hai3="97,62,49,19,32,14,23,73,111,112,70,130,123"/><W60/><G112/><T103/><D122/><U54/><E7/><V0/><F115/><W95/><G123/><T133/><D6/><U132/><E1/><V48/><F118/><N who="1" m="45673" /><E102/><V52/><F37/><W16/><G130/><T20/><D20/><U98/><E98/><V33/><F0/><W99/><G32/><T59/><D133/><N who="1" m="51275" /><E80/><V74/><F134/><W68/><G73/><T69/><D69/><U50/><E82/><V45/><F74/><W61/><G70/><T46/><D124/><N who="1" m="47659" /><E67/><V75/><F75/><W21/><G95/><T8/><D8/><U113/><E113/><V64/><F109/><W114/><G99/><T89/><D89/><U31/><E31/><V108/><F108/><W93/><G93/><T17/><D103/><U71/><E71/><V119/><F119/><W120/><G97/><T42/><D96/><U121/><E121/><V11/><F11/><W106/><G68/><T78/><D90/><U13/><E13/><V29/><F34/><W129/><G120/><T38/><AGARI ba="0,0" hai="17,22,27,38,40,41,42,46,59,63,65,78,83,84" machi="38" ten="20,1500,0" yaku="0,1,7,1" doraHai="47" who="0" fromWho="0" sc="443,15,197,-4,144,-4,216,-7" /><INIT seed="4,0,0,5,4,2" ten="458,193,140,209" oya="0" hai0="124,127,98,21,70,12,117,108,72,73,101,134,79" hai1="62,90,109,82,129,18,5,84,80,131,33,27,22" hai2="76,14,99,59,121,42,78,118,35,40,126,122,49" hai3="87,123,107,71,91,86,133,104,64,105,37,45,88"/><T55/><D70/><U56/><E109/><V116/><F35/><W66/><G133/><T31/><D55/><U8/><E33/><V96/><F14/><W58/><G123/><N who="2" m="47113" /><F49/><W6/><G71/><T41/><D41/><N who="2" m="15978" /><F59/><W39/><G45/><T130/><D31/><U83/><E131/><V65/><F65/><N who="3" m="25195" /><G6/><T128/><D21/><U46/><E46/><V67/><F67/><W85/><G58/><T74/><D12/><N who="1" m="5135" /><E129/><N who="0" m="49769" /><D117/><N who="2" m="45162" /><F126/><N who="0" m="48170" /><D108/><U68/><E68/><V111/><F111/><W43/><G43/><T135/><D79/><AGARI ba="0,0" hai="76,78,79,96,99" m="45162,15978,47113" machi="79" ten="40,5200,0" yaku="28,2,12,1" doraHai="2" who="2" fromWho="0" sc="458,-52,193,0,140,52,209,0" /><INIT seed="5,0,0,2,1,17" ten="406,193,192,209" oya="1" hai0="62,129,97,99,81,13,100,112,110,66,8,16,127" hai1="26,29,42,72,7,46,60,37,95,125,54,76,61" hai2="104,83,85,14,131,0,80,124,86,128,45,41,121" hai3="3,21,51,123,33,38,9,6,34,74,109,71,70"/><U73/><E125/><V130/><F121/><W23/><G109/><T103/><D110/><U18/><E7/><V50/><F0/><W107/><G123/><T59/><D112/><U2/><E2/><V68/><F104/><W65/><G38/><T25/><D127/><U10/><E95/><V48/><F124/><W1/><G107/><T11/><D129/><U28/><E76/><N who="2" m="46215" /><F14/><W119/><G6/><N who="0" m="3223" /><D81/><U27/><E72/><V96/><F96/><N who="0" m="36938" /><D11/><U36/><E73/><V92/><F68/><W35/><G74/><T115/><D115/><U40/><E10/><V77/><F92/><W79/><G34/><T90/><D90/><U30/><E54/><V111/><F111/><W44/><G9/><T57/><D57/><U117/><E117/><V4/><F4/><W88/><G79/><T78/><D78/><U5/><E5/><V133/><F133/><W63/><G119/><T102/><D102/><U91/><E91/><V49/><AGARI ba="0,0" hai="41,45,48,49,50,77,83,86,128,130,131" m="46215" machi="49" ten="40,1500,0" yaku="19,1" doraHai="17" who="2" fromWho="2" sc="406,-4,193,-7,192,15,209,-4" /><INIT seed="6,0,0,5,4,5" ten="402,186,207,205" oya="2" hai0="80,28,2,13,41,59,23,114,27,109,79,90,73" hai1="24,77,115,120,52,72,33,47,128,130,134,42,87" hai2="29,125,32,38,12,111,11,35,63,1,39,116,14" hai3="20,55,62,127,101,113,98,106,49,70,81,112,117"/><V37/><F116/><W21/><G127/><T19/><D114/><N who="3" m="44137" /><G117/><T66/><D109/><U6/><E115/><V123/><F123/><W50/><G81/><T10/><D41/><U83/><E120/><V25/><F125/><W17/><G20/><T46/><D46/><U0/><E134/><V74/><F74/><W121/><G121/><T45/><D45/><U124/><E124/><V40/><F111/><W26/><G55/><T118/><D118/><U65/><E65/><AGARI ba="0,0" hai="17,21,26,49,50,62,65,70,98,101,106" m="44137" machi="65" ten="30,2000,0" yaku="15,1,11,1" doraHai="5" who="3" fromWho="1" sc="402,0,186,-20,207,0,205,20" /><INIT seed="7,0,0,3,5,77" ten="402,166,207,225" oya="3" hai0="74,30,42,6,17,48,54,120,47,59,39,69,110" hai1="75,20,24,63,23,13,49,67,72,122,101,85,97" hai2="53,125,28,87,70,12,123,78,10,84,134,95,33" hai3="102,86,29,93,44,135,45,22,11,105,56,111,88"/><W38/><G135/><T55/><D110/><U112/><E112/><V83/><F70/><W40/><G111/><T66/><D120/><U19/><E122/><V27/><F123/><W117/><G117/><T108/><D108/><U7/><E7/><V73/><F134/><W113/><G113/><T32/><D74/><U16/><E49/><V118/><F118/><W34/><G34/><T37/><D37/><U128/><E128/><V133/><F133/><W1/><G45/><T124/><D124/><U46/><E46/><V116/><F116/><W130/><G56/><T82/><D6/><U91/><E97/><V43/><F43/><W61/><G61/><N who="0" m="40143" /><D55/><U35/><E101/><V99/><F53/><W31/><G130/><T3/><D3/><U129/><E35/><V94/><F94/><W15/><G1/><T96/><D96/><U121/><E129/><V79/><F79/><W114/><G22/><T68/><D68/><U76/><E76/><V98/><F98/><W21/><G21/><T107/><D17/><U51/><E51/><V62/><F62/><W89/><G114/><T92/><D92/><U50/><E50/><V41/><F41/><W109/><G109/><T4/><D4/><U60/><E121/><V132/><F125/><W126/><G126/><T65/><D65/><U36/><E36/><V119/><F132/><W131/><G131/><T9/><D9/><U58/><E63/><V100/><F119/><W57/><G102/><T71/><D71/><U2/><E2/><V25/><F25/><W106/><G38/><T80/><D107/><N who="3" m="40969" /><G40/><T90/><D39/><RYUUKYOKU ba="0,0" sc="402,-15,166,15,207,15,225,-15" hai1="13,16,19,20,23,24,58,60,67,72,75,85,91" hai2="10,12,27,28,33,73,78,83,84,87,95,99,100" owari="387,49.0,181,-32.0,222,2.0,210,-19.0" /></mjloggm>