<mjloggm ver="2.3"><GO type="169" lobby="0"/><UN n0="%E7%9F%B3%E5%B7%9D%E6%99%BA%E6%99%B6" n1="%E6%AD%A3%E9%96%80%E3%81%AE%E3%83%A1%E3%82%A4%E3%81%A1%E3%82%83%E3%82%93" n2="%73%7A%2E%64%31" n3="%E3%82%B1%E3%82%A4%E3%83%AD%E3%83%B3" dan="16,16,16,16" rate="2082.38,2102.82,2088.09,2157.49" sx="F,M,M,F"/><TAIKYOKU oya="0"/><INIT seed="0,0,0,4,3,85" ten="250,250,250,250" oya="0" hai0="54,30,133,25,12,9,32,17,53,76,132,84,103" hai1="71,1,38,118,105,27,80,104,95,20,77,16,33" hai2="88,4,128,134,52,69,111,123,28,115,29,86,112" hai3="10,107,106,74,58,109,49,70,122,90,6,42,51"/><T5/><D103/><U34/><E118/><V135/><F69/><W15/><G74/><T3/><D76/><U0/><E38/><V125/><F4/><W35/><G35/><T83/><D84/><U99/><E71/><V126/><F123/><W11/><G70/><T23/><D83/><U47/><E34/><V89/><F86/><W55/><G109/><T82/><D82/><U18/><E33/><V37/><F111/><W130/><G130/><T64/><REACH who="0" step="1"/><D64/><REACH who="0" ten="240,250,250,250" step="2"/><U68/><E80/><V36/><REACH who="2" step="1"/><F52/><AGARI ba="0,1" hai="3,5,9,12,17,23,25,30,32,52,53,54,132,133" machi="52" ten="40,18000,2" yaku="1,1,2,1,24,2,54,1,53,1" doraHai="85" doraHaiUra="13" who="0" fromWho="2" sc="240,190,250,0,250,-180,250,0" /><INIT seed="0,1,0,4,3,97" ten="430,250,70,250" oya="0" hai0="99,60,121,105,42,73,40,16,49,19,32,110,117" hai1="25,61,88,66,91,123,118,5,100,29,115,122,36" hai2="24,71,130,112,93,116,55,17,37,12,70,52,67" hai3="51,23,4,104,38,14,111,106,65,82,75,13,44"/><T98/><D117/><U68/><E118/><V48/><F116/><W101/><G38/><T132/><D121/><U119/><E119/><V87/><F112/><W74/><G65/><T80/><D132/><U131/><E36/><V47/><F130/><W102/><G111/><T8/><D32/><U128/><E5/><V95/><F24/><W81/><G51/><T62/><D110/><U77/><E77/><V31/><F31/><W86/><G86/><T133/><D49/><U127/><E127/><V90/><F37/><W2/><G23/><T85/><D85/><U92/><E115/><V53/><F71/><W83/><G2/><T76/><D105/><N who="3" m="40553" /><G44/><T56/><D62/><U129/><E100/><N who="3" m="38506" /><G4/><T59/><D60/><U89/><REACH who="1" step="1"/><E92/><REACH who="1" ten="430,240,70,250" step="2"/><V21/><F93/><W125/><G125/><T18/><D76/><U45/><E45/><V124/><F124/><W57/><G57/><T84/><D59/><U33/><AGARI ba="1,1" hai="25,29,33,61,66,68,88,89,91,122,123,128,129,131" machi="33" ten="40,8000,1" yaku="1,1,0,1,19,1,54,1,53,0" doraHai="97" doraHaiUra="96" who="1" fromWho="1" sc="430,-41,240,93,70,-21,250,-21" /><INIT seed="1,0,0,2,4,101" ten="389,333,49,229" oya="1" hai0="0,63,73,105,123,84,13,19,120,34,50,116,102" hai1="83,106,56,16,51,77,4,85,134,25,110,117,62" hai2="107,24,39,113,22,43,97,130,60,128,127,80,15" hai3="115,66,54,122,3,132,78,28,74,36,10,44,135"/><U45/><E117/><V98/><F113/><W68/><G122/><T100/><D73/><U55/><E134/><N who="3" m="51242" /><G115/><T65/><D0/><U119/><E119/><V133/><F15/><W126/><G126/><T26/><D50/><U5/><E110/><V1/><F133/><W112/><G112/><T67/><D84/><U82/><E106/><V11/><F80/><N who="3" m="45143" /><G28/><N who="0" m="19735" /><D116/><U61/><E82/><V108/><F127/><W99/><G99/><N who="0" m="61599" /><D102/><U91/><E91/><V104/><F108/><W17/><G17/><T14/><D14/><U103/><E103/><V90/><F97/><W29/><G29/><T114/><D114/><U32/><E32/><V35/><F98/><W109/><G109/><T20/><D67/><U6/><REACH who="1" step="1"/><E56/><REACH who="1" ten="389,323,49,229" step="2"/><V58/><F90/><W64/><G68/><T75/><D75/><U129/><E129/><N who="2" m="49771" /><F35/><W7/><G36/><T94/><D94/><U87/><E87/><V59/><F59/><W47/><G44/><T8/><D123/><U86/><E86/><V48/><F39/><W12/><G3/><T52/><D120/><U38/><E38/><V124/><F124/><W49/><AGARI ba="0,1" hai="7,10,12,47,49,54,64,66" m="45143,51242" machi="49" ten="30,1100,0" yaku="20,1" doraHai="101" who="3" fromWho="3" sc="389,-3,323,-5,49,-3,229,21" /><INIT seed="2,0,0,4,5,96" ten="386,318,46,250" oya="2" hai0="3,69,30,29,135,68,26,128,21,56,130,131,115" hai1="32,42,24,22,40,114,38,85,91,35,126,6,86" hai2="20,133,18,7,16,27,117,23,92,33,63,124,4" hai3="88,74,13,89,84,53,1,41,2,0,129,110,9"/><V8/><F117/><W105/><G110/><T93/><D115/><U99/><E114/><V108/><F63/><W28/><G74/><T65/><D3/><U80/><E126/><V83/><F108/><W71/><G71/><T109/><D109/><U87/><E32/><V98/><F124/><W46/><G105/><T49/><D135/><U103/><E35/><V43/><F133/><W97/><G28/><T37/><D37/><U25/><E6/><V51/><F83/><W48/><G129/><T102/><D30/><U134/><E134/><V119/><F119/><W123/><G97/><N who="0" m="59695" /><D49/><U120/><E25/><V118/><F118/><W106/><G106/><T19/><D19/><N who="1" m="12383" /><E38/><V82/><F82/><W36/><G84/><N who="1" m="32362" /><E120/><V44/><F33/><W76/><G76/><T77/><D77/><U116/><E116/><V100/><F8/><W11/><G123/><T67/><D67/><U61/><E61/><AGARI ba="0,0" hai="21,26,29,56,61,65,68,69,128,130,131" m="59695" machi="61" ten="30,3900,0" yaku="25,1,19,1,52,1" doraHai="96" who="0" fromWho="1" sc="386,39,318,-39,46,0,250,0" /><INIT seed="3,0,0,1,3,133" ten="425,279,46,250" oya="3" hai0="106,73,71,19,56,87,80,74,18,45,89,49,85" hai1="51,20,3,107,116,63,54,44,34,7,84,134,114" hai2="31,60,16,129,81,131,72,59,100,25,128,53,27" hai3="15,121,65,0,40,117,47,8,118,93,70,50,62"/><W10/><G121/><T2/><D106/><U125/><E34/><V21/><F100/><W92/><G0/><T119/><D71/><U99/><E3/><V42/><F42/><W29/><G29/><T32/><D119/><U24/><E7/><V122/><F81/><W77/><G8/><T96/><D32/><U41/><E114/><V105/><F105/><W103/><G103/><T97/><D56/><U135/><E116/><V33/><REACH who="2" step="1"/><F72/><REACH who="2" ten="425,279,36,250" step="2"/><W127/><G117/><T67/><D74/><U108/><E41/><V30/><F30/><W132/><G118/><T78/><D73/><U64/><E107/><V90/><F90/><W35/><G132/><T79/><D89/><U110/><E134/><V123/><AGARI ba="0,1" hai="16,21,25,27,31,33,53,59,60,122,123,128,129,131" machi="123" ten="40,8000,1" yaku="1,1,0,1,19,1,54,1,53,0" doraHai="133" doraHaiUra="61" who="2" fromWho="2" sc="425,-20,279,-20,36,90,250,-40" /><INIT seed="4,0,0,4,0,18" ten="405,259,126,210" oya="0" hai0="53,7,37,123,30,6,101,8,12,133,14,96,72" hai1="56,111,88,106,117,112,103,58,110,3,82,70,24" hai2="43,93,10,65,107,32,90,100,2,71,80,33,81" hai3="28,52,47,75,128,5,21,49,38,25,45,79,122"/><T50/><D133/><U105/><E3/><V63/><F43/><W13/><G128/><T87/><D37/><U115/><E70/><V44/><F44/><W132/><G132/><T34/><D123/><U31/><E117/><V60/><F60/><W26/><G122/><T119/><D119/><U125/><E125/><V16/><F100/><W35/><G75/><T98/><D72/><U84/><E56/><V97/><F107/><N who="1" m="40969" /><E58/><V83/><REACH who="2" step="1"/><F2/><REACH who="2" ten="405,259,116,210" step="2"/><W94/><G45/><T77/><D101/><U54/><E103/><V23/><F23/><W129/><G38/><T120/><D120/><U99/><E54/><V64/><F64/><W46/><G47/><T17/><D53/><U131/><E131/><V57/><F57/><W118/><G129/><T134/><D134/><U76/><E110/><V40/><F40/><W130/><G130/><T19/><D50/><U78/><E111/><V104/><F104/><W66/><G66/><T9/><D98/><U11/><E99/><V135/><F135/><W108/><G108/><T126/><D96/><U73/><E11/><V67/><F67/><W20/><G118/><T51/><D51/><U89/><E112/><V55/><F55/><W4/><G35/><T92/><D9/><U124/><E115/><V22/><F22/><W74/><G13/><AGARI ba="0,1" hai="10,13,16,32,33,63,65,71,80,81,83,90,93,97" machi="13" ten="40,5200,0" yaku="1,1,54,1,53,1" doraHai="18" doraHaiUra="95" who="2" fromWho="3" sc="405,0,259,0,116,62,210,-52" /><INIT seed="5,0,0,4,2,47" ten="405,259,178,158" oya="1" hai0="25,115,124,85,1,132,98,123,2,9,39,41,78" hai1="130,21,133,105,83,77,129,61,67,102,22,52,112" hai2="126,30,109,111,26,75,27,34,60,135,127,91,110" hai3="80,18,45,82,121,50,44,13,64,28,15,97,73"/><U117/><E112/><V101/><F75/><W86/><G121/><T8/><D132/><U40/><E40/><V46/><F101/><W87/><G73/><T58/><D124/><N who="2" m="47658" /><F60/><W71/><G71/><T120/><D115/><U32/><E32/><N who="2" m="20567" /><F91/><W24/><G64/><T76/><D98/><U116/><E133/><V84/><F84/><W51/><G97/><T29/><D85/><U114/><E114/><V74/><F46/><W20/><G13/><T81/><D58/><N who="1" m="35015" /><E67/><V134/><F74/><W125/><G125/><T16/><D81/><N who="3" m="31337" /><G87/><T17/><D41/><U6/><E105/><V104/><F104/><W54/><G86/><T62/><D62/><U43/><E43/><V94/><F94/><W33/><G33/><T36/><D29/><AGARI ba="0,0" hai="27,29,34,109,110,111,134,135" m="20567,47658" machi="29" ten="40,8000,1" yaku="18,1,23,1,34,2" doraHai="47" who="2" fromWho="0" sc="405,-80,259,0,178,80,158,0" /><INIT seed="6,0,0,3,3,17" ten="325,259,258,158" oya="2" hai0="5,133,45,111,62,55,82,66,4,88,112,100,81" hai1="61,107,23,56,105,90,127,131,98,101,67,86,84" hai2="18,57,78,77,91,34,50,87,48,15,51,108,129" hai3="36,134,26,72,52,7,118,109,40,37,85,28,80"/><V110/><F34/><W114/><G118/><T75/><D111/><N who="2" m="42538" /><F129/><W33/><G109/><T104/><D112/><U27/><E131/><V115/><F115/><W64/><G72/><T125/><D133/><U14/><E127/><V53/><F78/><W59/><G134/><T31/><D125/><U128/><E128/><V16/><F77/><W71/><G114/><T130/><D130/><U123/><E123/><V46/><F46/><W99/><G7/><T30/><D75/><U47/><E14/><V12/><F12/><W13/><G13/><T35/><D35/><U60/><E47/><V89/><F89/><W76/><G99/><T96/><D45/><U11/><E11/><N who="2" m="6271" /><F18/><W20/><G33/><T135/><D88/><U106/><E86/><V113/><F113/><W121/><G40/><T117/><D135/><U44/><E44/><V0/><F0/><W122/><G121/><T63/><D117/><U103/><E103/><V25/><F25/><W6/><G6/><T132/><D132/><U92/><E61/><V102/><F102/><W58/><G122/><T95/><D4/><U9/><E9/><V10/><F10/><W24/><G26/><T83/><D5/><U116/><REACH who="1" step="1"/><E116/><REACH who="1" ten="325,249,258,158" step="2"/><V54/><F57/><W70/><G59/><T73/><D73/><U120/><E120/><V22/><F87/><W69/><REACH who="3" step="1"/><G64/><REACH who="3" ten="325,249,258,148" step="2"/><T124/><D66/><U41/><E41/><V97/><F53/><W79/><G79/><T3/><D55/><U42/><E42/><V1/><F54/><W38/><G38/><T119/><D119/><U39/><E39/><V94/><F1/><RYUUKYOKU ba="0,2" sc="325,-30,249,10,258,10,148,10" hai1="23,27,56,60,67,84,90,92,98,101,105,106,107" hai2="22,48,50,51,91,94,97" hai3="20,24,28,36,37,52,58,69,70,71,76,80,85" /><INIT seed="6,1,2,2,2,8" ten="295,259,268,158" oya="2" hai0="42,55,23,74,128,78,107,59,58,116,3,127,29" hai1="81,66,0,69,20,54,104,67,5,41,52,102,119" hai2="87,84,22,27,25,126,77,95,61,35,57,40,85" hai3="79,111,13,37,46,122,99,10,18,114,106,45,89"/><V101/><F126/><W21/><G122/><T65/><D127/><U12/><E119/><V123/><F123/><W132/><G111/><T92/><D107/><U38/><E0/><V112/><F112/><W94/><G106/><T62/><D128/><U32/><E32/><V134/><F134/><W26/><G132/><T48/><D116/><U15/><E38/><V86/><F35/><W47/><G114/><T14/><D3/><U30/><E41/><V50/><F22/><W6/><G37/><T121/><D42/><U68/><E104/><V7/><F7/><W39/><G39/><T73/><D78/><U36/><E36/><V70/><F70/><W16/><REACH who="3" step="1"/><G79/><REACH who="3" ten="295,259,268,148" step="2"/><T71/><D121/><U120/><E120/><V108/><F108/><W53/><G53/><T105/><D105/><U75/><E52/><N who="2" m="33959" /><F77/><W19/><AGARI ba="1,3" hai="6,10,13,16,18,19,21,26,45,46,47,89,94,99" machi="19" ten="30,12000,2" yaku="1,1,0,1,8,1,52,1,54,1,53,1" doraHai="8" doraHaiUra="90" who="3" fromWho="3" sc="295,-31,259,-31,268,-61,148,153" /><INIT seed="7,0,0,4,1,120" ten="264,228,207,301" oya="3" hai0="39,98,77,75,112,119,63,29,128,25,54,95,103" hai1="106,5,76,91,94,86,36,122,82,13,121,17,90" hai2="49,89,1,74,102,46,40,12,129,34,30,101,45" hai3="114,21,104,134,2,99,109,27,37,47,52,0,88"/><W118/><G118/><T84/><D119/><U113/><E36/><V68/><F129/><W58/><G134/><T124/><D128/><U10/><E113/><V55/><F68/><W67/><G114/><T4/><D124/><U42/><E106/><V38/><F1/><W60/><G109/><T61/><D39/><U14/><E42/><V69/><F69/><W19/><G104/><T64/><D4/><U59/><E59/><V6/><F74/><W16/><G19/><T87/><D54/><U56/><E56/><V31/><F31/><W116/><G116/><T35/><D63/><U107/><E107/><V51/><F34/><W44/><G67/><T53/><D53/><U117/><E90/><V83/><F30/><W71/><G71/><T132/><D132/><U126/><E126/><V70/><F70/><W50/><G37/><T48/><D48/><U92/><E92/><V125/><F38/><W62/><G62/><T97/><D61/><U105/><E105/><V3/><F3/><N who="3" m="1067" /><G50/><T110/><D64/><U65/><E65/><V28/><F28/><W73/><G73/><T131/><D131/><U26/><E117/><V78/><F125/><W18/><G18/><T96/><D110/><U93/><E93/><AGARI ba="0,0" hai="16,21,27,44,47,52,58,60,88,93,99" m="1067" machi="93" ten="30,11600,0" yaku="25,1,54,3" doraHai="120" who="3" fromWho="1" sc="264,0,228,-116,207,0,301,116" owari="264,6.0,112,-39.0,207,-19.0,417,52.0" /></mjloggm>