<mjloggm ver="2.3"><GO type="225" lobby="0"/><UN n0="%69%70%73%E6%88%A6%E5%A3%AB" n1="%63%72%65%61%6D%38%32%34" n2="%E3%81%98%E3%81%98%E3%81%84%E3%81%8C%E5%91%BC%E3%82%93%E3%81%A0" n3="%E3%81%AE%E3%82%93%E3%81%B4" dan="16,16,16,16" rate="2122.00,2052.35,2092.98,2092.59" sx="M,M,M,M"/><TAIKYOKU oya="0"/><INIT seed="0,0,0,3,4,68" ten="250,250,250,250" oya="0" hai0="82,131,55,65,1,86,5,6,10,41,19,125,38" hai1="71,16,95,9,114,11,111,90,21,122,134,72,132" hai2="24,104,51,48,59,3,34,99,85,101,84,73,113" hai3="0,49,108,40,127,64,17,33,12,93,62,39,124"/><T112/><D112/><U117/><E122/><V107/><F113/><W20/><G0/><T129/><D125/><N who="3" m="48201" /><G33/><T83/><D65/><U78/><E117/><V116/><F116/><W77/><G108/><T58/><D6/><U46/><E71/><V45/><F73/><W35/><G35/><T29/><D29/><U50/><E114/><V31/><F3/><W7/><G7/><T61/><D19/><U96/><E78/><V126/><F107/><W91/><G77/><T80/><REACH who="0" step="1"/><D86/><REACH who="0" ten="240,250,250,250" step="2"/><U56/><E111/><V103/><F126/><W37/><G49/><T89/><D89/><U105/><E72/><V102/><F51/><W27/><G27/><T67/><D67/><U43/><E132/><V128/><F48/><W100/><G100/><T63/><D63/><U135/><E135/><V8/><F102/><W15/><G40/><T119/><D119/><U22/><E134/><V110/><F103/><W47/><G47/><AGARI ba="0,1" hai="1,5,10,38,41,47,55,58,61,80,82,83,129,131" machi="47" ten="40,3900,0" yaku="1,1,52,1,53,0" doraHai="68" doraHaiUra="18" who="0" fromWho="3" sc="240,49,250,0,250,0,250,-39" /><INIT seed="0,1,0,1,3,16" ten="289,250,250,211" oya="0" hai0="120,33,72,90,54,11,82,23,42,57,38,132,102" hai1="116,93,5,39,85,110,7,91,20,129,48,119,55" hai2="3,19,89,52,31,133,130,62,131,58,29,96,41" hai3="4,81,128,2,53,28,79,66,98,114,76,112,35"/><T64/><D120/><U70/><E39/><V27/><F3/><W109/><G109/><T71/><D33/><U88/><E110/><V74/><F74/><W123/><G128/><N who="2" m="49193" /><F133/><W9/><G123/><T45/><D102/><U10/><E129/><V13/><F41/><W32/><G53/><T111/><D111/><U46/><E70/><V101/><F89/><W15/><G98/><T117/><D117/><U106/><E106/><N who="2" m="63783" /><F27/><W104/><G104/><T43/><D43/><U30/><E91/><V75/><F75/><W21/><G66/><T49/><D11/><AGARI ba="1,0" hai="11,13,19,29,31,52,58,62" m="63783,49193" machi="11" ten="30,2000,0" yaku="19,1,54,1" doraHai="16" who="2" fromWho="0" sc="289,-23,250,0,250,23,211,0" /><INIT seed="1,0,0,1,3,115" ten="266,250,273,211" oya="1" hai0="119,24,88,68,41,10,31,125,74,59,96,120,46" hai1="55,8,9,62,82,86,23,105,0,66,5,26,12" hai2="133,3,110,94,127,78,116,107,75,61,100,71,11" hai3="39,114,131,4,37,2,44,14,22,79,67,111,45"/><U35/><E105/><V109/><F94/><W108/><G114/><T40/><D68/><U30/><E55/><V132/><F127/><W33/><G33/><T16/><D125/><U103/><E103/><V104/><F116/><W15/><G131/><T47/><D74/><U83/><E86/><V36/><F36/><W17/><G67/><T80/><D120/><U34/><E34/><V73/><F11/><W112/><G112/><T25/><D59/><U99/><E99/><N who="2" m="61471" /><F3/><W50/><G79/><T42/><D119/><U21/><E21/><V63/><F63/><W85/><G85/><N who="0" m="50215" /><D96/><U49/><E49/><V1/><F1/><W93/><G93/><T53/><D31/><U51/><E51/><V124/><F107/><W69/><G69/><T84/><D84/><U102/><E102/><V130/><F130/><W97/><G97/><T7/><D7/><U101/><E101/><V70/><F70/><W128/><G128/><T89/><D89/><U54/><E54/><V6/><F6/><W20/><G2/><T77/><D77/><U134/><E134/><N who="2" m="51819" /><F124/><W113/><G113/><T76/><D76/><U58/><REACH who="1" step="1"/><E9/><REACH who="1" ten="266,240,273,211" step="2"/><V48/><F48/><W72/><G72/><N who="2" m="27721" /><F78/><W13/><G50/><N who="0" m="28887" /><D47/><U90/><E90/><V43/><F43/><W81/><G44/><T135/><D135/><U27/><E27/><V91/><F91/><W29/><G45/><T60/><D24/><U38/><E38/><V95/><F95/><W87/><G37/><T92/><D92/><U65/><E65/><AGARI ba="0,1" hai="61,65,71,109,110" m="27721,51819,61471" machi="65" ten="40,2600,0" yaku="20,1,23,1" doraHai="115" who="2" fromWho="1" sc="266,0,240,-26,273,36,211,0" /><INIT seed="2,0,0,0,3,130" ten="266,214,309,211" oya="2" hai0="120,129,87,88,135,23,51,25,38,64,8,40,116" hai1="119,81,55,29,121,104,32,110,125,18,47,94,15" hai2="48,111,84,101,124,83,68,39,96,133,42,26,100" hai3="95,90,33,122,41,36,77,54,67,99,61,72,70"/><V127/><F133/><W106/><G122/><T75/><D120/><U105/><E119/><V78/><F68/><W131/><G131/><T12/><D75/><U92/><E121/><V114/><F114/><W59/><G33/><T89/><D38/><U31/><E110/><V79/><F111/><W74/><G106/><T93/><D129/><U134/><E125/><N who="2" m="48203" /><F39/><W21/><G77/><T113/><D113/><U24/><E31/><V126/><F126/><W108/><G108/><T1/><D1/><U27/><E27/><V45/><F26/><W30/><G30/><T91/><D64/><U71/><E71/><V4/><F4/><W128/><G21/><T80/><D135/><U65/><E65/><V85/><F96/><W0/><G0/><T132/><D132/><U66/><E66/><V9/><F9/><W60/><G128/><T19/><D116/><U53/><E134/><V43/><F42/><W17/><G17/><N who="0" m="8327" /><D80/><AGARI ba="0,0" hai="43,45,48,78,79,80,83,84,85,100,101" m="48203" machi="80" ten="30,1500,0" yaku="18,1" doraHai="130" who="2" fromWho="0" sc="266,-15,214,0,309,15,211,0" /><INIT seed="2,1,0,3,3,97" ten="251,214,324,211" oya="2" hai0="114,30,66,17,29,41,67,55,107,106,52,132,94" hai1="32,113,15,44,103,70,40,37,28,85,83,79,121" hai2="129,56,25,50,111,125,117,23,11,90,133,89,86" hai3="27,108,77,69,95,49,34,43,73,63,26,36,8"/><V16/><F117/><W78/><G108/><T10/><D114/><U42/><E113/><V57/><F111/><W87/><G36/><T131/><D131/><U128/><E70/><V92/><F129/><W119/><G119/><T72/><D72/><U65/><E128/><V21/><F125/><W39/><G39/><T96/><D132/><U58/><E121/><V104/><F104/><W110/><G110/><T12/><D41/><U35/><E42/><V80/><F133/><W13/><G73/><T18/><D18/><U99/><E28/><N who="0" m="10857" /><D107/><U75/><E15/><V101/><F23/><W120/><G120/><T62/><D106/><U9/><E9/><V14/><F50/><W1/><G1/><T122/><D122/><U51/><E75/><V91/><F101/><W6/><G34/><T47/><D47/><U19/><E19/><N who="2" m="12479" /><F92/><W48/><G69/><T24/><D24/><N who="3" m="9257" /><G63/><T61/><D61/><U7/><E7/><V22/><F11/><W0/><G0/><T124/><D124/><U109/><E109/><V76/><AGARI ba="1,0" hai="14,16,22,56,57,76,80,86,89,90,91" m="12479" machi="76" ten="30,3000,0" yaku="8,1,54,1" doraHai="97" who="2" fromWho="2" sc="251,-11,214,-11,324,33,211,-11" /><INIT seed="2,2,0,2,4,85" ten="240,203,357,200" oya="2" hai0="87,77,46,69,83,60,35,80,121,18,23,128,64" hai1="58,4,61,52,101,16,25,0,117,53,27,59,105" hai2="37,30,74,70,20,127,88,7,48,57,78,116,1" hai3="110,28,71,8,11,47,102,36,5,6,81,123,119"/><V9/><F70/><W103/><G71/><T41/><D121/><U33/><E117/><V97/><F37/><W67/><G67/><T115/><D128/><U62/><E33/><V120/><F116/><W122/><G119/><T79/><D35/><U38/><E38/><V22/><F120/><W118/><G118/><T2/><D2/><U124/><E124/><V34/><F34/><W106/><G36/><T26/><D115/><U44/><E44/><V92/><F92/><W99/><G81/><T45/><REACH who="0" step="1"/><D41/><REACH who="0" ten="230,203,357,200" step="2"/><U68/><E68/><V132/><F132/><W73/><G123/><T32/><D32/><U129/><E129/><V107/><F107/><W10/><G122/><T93/><D93/><U54/><E54/><V24/><F127/><W84/><G110/><T40/><D40/><U96/><REACH who="1" step="1"/><E16/><REACH who="1" ten="230,193,357,200" step="2"/><V12/><F30/><W72/><G28/><T63/><D63/><U13/><E13/><V15/><F12/><W94/><G5/><T111/><D111/><U51/><E51/><V31/><F48/><W50/><G6/><T100/><D100/><U112/><E112/><V75/><F7/><W126/><G126/><T21/><D21/><U133/><E133/><V131/><F22/><W19/><G19/><T65/><D65/><U108/><E108/><V125/><F20/><W66/><G66/><T49/><D49/><U90/><E90/><V89/><F125/><W56/><G103/><T113/><D113/><U104/><E104/><V42/><F15/><W39/><G106/><T130/><D130/><U29/><E29/><V55/><F131/><W17/><G17/><RYUUKYOKU ba="2,2" sc="230,15,193,15,357,-15,200,-15" hai0="18,23,26,45,46,60,64,69,77,79,80,83,87" hai1="0,4,25,27,52,53,58,59,61,62,96,101,105" /><INIT seed="3,3,2,3,2,9" ten="245,208,342,185" oya="3" hai0="65,32,64,104,71,17,67,85,87,18,108,90,112" hai1="101,50,116,55,12,29,122,19,25,37,52,44,126" hai2="22,115,134,73,63,89,131,23,62,34,83,54,107" hai3="0,128,95,94,100,49,76,72,66,130,124,120,56"/><W36/><G0/><T60/><D108/><U20/><E122/><V24/><F107/><W80/><G120/><T106/><D32/><U48/><E37/><V41/><F34/><W51/><G36/><T103/><D112/><U125/><E116/><V129/><F73/><W42/><G124/><N who="1" m="47722" /><E101/><V53/><F115/><W47/><G100/><T88/><D103/><U92/><E92/><V38/><F38/><W39/><G39/><T135/><D135/><U3/><E3/><V121/><F134/><W117/><G117/><T99/><D65/><U4/><E4/><V97/><F121/><W74/><G74/><T93/><D99/><U14/><E19/><V40/><F97/><W35/><G35/><T70/><D93/><U28/><E28/><V59/><F83/><W114/><G114/><T109/><D109/><U75/><E75/><V110/><F110/><W45/><G66/><T86/><D86/><U6/><E6/><V7/><F7/><W33/><G33/><T82/><REACH who="0" step="1"/><D60/><REACH who="0" ten="235,208,342,185" step="2"/><U123/><E123/><V79/><F63/><W133/><G133/><T132/><D132/><U1/><E1/><V102/><F62/><W5/><G5/><T68/><D68/><U127/><E127/><V43/><F102/><W11/><G11/><T26/><D26/><U57/><AGARI ba="3,3" hai="12,14,20,25,29,44,48,50,52,55,57" m="47722" machi="57" ten="30,7900,0" yaku="18,1,52,2,54,1" doraHai="9" who="1" fromWho="1" sc="235,-23,208,118,342,-23,185,-42" owari="212,-19.0,326,43.0,319,12.0,143,-36.0" /></mjloggm>