<mjloggm ver="2.3"><GO type="169" lobby="0"/><UN n0="%55%74%61%6D%61%78" n1="%E9%BA%BB%E9%9B%80%49%51%31%32%30" n2="%E3%82%88%E3%82%8D%E3%81%97%E3%81%8F%E3%81%A7%E3%81%99%E2%99%AA" n3="%E3%83%A2%E3%83%B3%E3%82%B9%E3%82%BF%E3%83%BC%EF%BC%95" dan="16,16,17,16" rate="2100.53,2160.95,2080.95,2102.69" sx="M,M,F,M"/><TAIKYOKU oya="0"/><INIT seed="0,0,0,1,3,18" ten="250,250,250,250" oya="0" hai0="133,66,96,103,46,68,22,39,81,37,63,35,58" hai1="113,0,44,14,98,135,60,79,105,70,32,53,71" hai2="104,40,54,59,101,10,108,93,42,64,95,52,62" hai3="110,76,111,102,106,38,99,20,65,73,123,19,8"/><T5/><D133/><U92/><E0/><V45/><F108/><W25/><G38/><T17/><D35/><U119/><E119/><V23/><F104/><W130/><G65/><T83/><D5/><U48/><E105/><V9/><F23/><W31/><G123/><T6/><D6/><U97/><E32/><V56/><F64/><W72/><G76/><T86/><D68/><U24/><E24/><V132/><F132/><W120/><G120/><T55/><D66/><U11/><E98/><V128/><F128/><W49/><G130/><T26/><D83/><U107/><E107/><V3/><F3/><W67/><G67/><T124/><D46/><U75/><E60/><V134/><F134/><W91/><G91/><T114/><D124/><U112/><E79/><V7/><F7/><W129/><G129/><T80/><D80/><U82/><E82/><V85/><F85/><W87/><G87/><T122/><D114/><N who="1" m="44139" /><E75/><V28/><F28/><W131/><G131/><T61/><D61/><U15/><E135/><V74/><F74/><W13/><G73/><T126/><D126/><U100/><E11/><N who="2" m="4107" /><F45/><W16/><G72/><T29/><D29/><U84/><E84/><V57/><F101/><W27/><REACH who="3" step="1"/><G49/><REACH who="3" ten="250,250,250,240" step="2"/><T12/><D122/><U118/><E118/><V21/><F62/><W30/><G30/><T43/><D39/><U78/><E78/><V51/><F51/><W117/><G117/><T2/><D37/><U109/><E109/><V33/><F33/><AGARI ba="0,1" hai="8,13,16,19,20,25,27,31,33,99,102,106,110,111" machi="33" ten="40,5200,0" yaku="1,1,52,1,54,1,53,0" doraHai="18" doraHaiUra="127" who="3" fromWho="2" sc="250,0,250,0,250,-52,240,62" /><INIT seed="1,0,0,5,5,57" ten="250,250,198,302" oya="1" hai0="128,130,78,104,48,106,96,41,135,7,109,22,43" hai1="82,20,55,64,84,131,67,86,54,129,107,110,126" hai2="17,66,71,99,33,122,75,69,42,0,100,6,29" hai3="10,105,52,85,3,76,114,134,91,53,127,87,125"/><U77/><E107/><V62/><F122/><W23/><G105/><T49/><D7/><U120/><E120/><V56/><F75/><W30/><G114/><T16/><D78/><U90/><E126/><N who="3" m="48138" /><G134/><T11/><D11/><U95/><E110/><V93/><F42/><N who="0" m="15882" /><D109/><U133/><E133/><V15/><F0/><W34/><G34/><T72/><D72/><U116/><E116/><V46/><F6/><N who="3" m="1375" /><G76/><T27/><D106/><U63/><E64/><V70/><F46/><W50/><G91/><T79/><D79/><U12/><E12/><V51/><F51/><W83/><G83/><T37/><D37/><U40/><E20/><V28/><REACH who="2" step="1"/><F33/><REACH who="2" ten="250,250,188,302" step="2"/><W103/><G50/><T101/><D135/><U31/><E40/><V21/><AGARI ba="0,1" hai="15,17,21,28,29,56,62,66,69,70,71,93,99,100" machi="21" ten="30,7900,0" yaku="1,1,2,1,0,1,52,1,53,0" doraHai="57" doraHaiUra="124" who="2" fromWho="2" sc="250,-20,250,-39,188,89,302,-20" /><INIT seed="2,0,0,1,0,119" ten="230,211,277,282" oya="2" hai0="0,58,88,27,33,92,128,72,47,114,86,121,45" hai1="126,44,102,35,61,8,96,24,115,78,80,21,108" hai2="84,90,99,124,112,36,125,60,59,123,9,133,11" hai3="43,63,25,117,111,131,38,17,12,97,37,18,22"/><V56/><F112/><W105/><G117/><T54/><D114/><U49/><E108/><V31/><F36/><W28/><G111/><T62/><D72/><U87/><E126/><N who="2" m="48747" /><F133/><W101/><G131/><T48/><D0/><U23/><E115/><V93/><F31/><W51/><G51/><T10/><D128/><U118/><E118/><V94/><F123/><W20/><G43/><T107/><D107/><U83/><E83/><V55/><F59/><W79/><G79/><T40/><D121/><U77/><E77/><V32/><F32/><W81/><G81/><T110/><D110/><U85/><E85/><V7/><F7/><W52/><G28/><T66/><D33/><U1/><E61/><V69/><F69/><W53/><REACH who="3" step="1"/><G63/><REACH who="3" ten="230,211,277,272" step="2"/><T100/><D62/><U2/><E49/><V103/><AGARI ba="0,1" hai="9,11,55,56,60,84,90,93,94,99,103" m="48747" machi="103" ten="30,1500,0" yaku="18,1" doraHai="119" who="2" fromWho="2" sc="230,-5,211,-5,277,25,272,-5" /><INIT seed="2,1,0,5,2,35" ten="225,206,302,267" oya="2" hai0="91,11,54,69,67,62,75,92,38,123,68,43,6" hai1="20,113,86,0,85,44,55,33,105,32,130,132,126" hai2="115,93,100,80,78,64,129,131,94,15,114,56,103" hai3="102,96,57,72,81,42,73,22,3,37,10,79,98"/><V25/><F25/><W124/><G124/><T53/><D75/><U59/><E105/><V121/><F15/><W128/><G128/><N who="2" m="49225" /><F56/><W101/><G73/><T109/><D109/><U133/><E130/><V4/><F64/><W110/><G110/><T28/><D28/><U51/><E126/><V120/><F4/><N who="3" m="1311" /><G57/><T111/><D111/><U125/><E125/><V58/><F58/><W9/><G9/><T45/><D123/><N who="2" m="47178" /><F93/><W29/><G22/><T107/><D107/><U41/><E20/><V65/><F65/><W108/><G29/><T17/><D17/><U112/><E33/><V26/><F26/><W87/><G108/><T74/><D69/><U89/><E32/><V21/><F21/><W99/><G87/><T63/><D74/><U23/><E23/><V97/><F100/><W24/><G24/><T95/><D62/><U82/><E59/><V14/><F14/><W119/><G119/><T30/><D92/><N who="1" m="54319" /><E55/><V70/><F70/><W117/><G117/><T18/><D30/><U19/><E19/><V106/><F94/><W104/><G102/><T5/><D18/><U16/><E16/><V36/><F36/><W48/><G48/><T61/><D61/><U7/><E7/><V1/><F1/><W116/><G116/><T27/><D6/><U134/><E0/><V46/><F46/><AGARI ba="1,0" hai="37,42,46,72,79,81,96,98,99,101,104" m="1311" machi="46" ten="30,2000,0" yaku="25,1,52,1" doraHai="35" who="3" fromWho="2" sc="225,0,206,0,302,-23,267,23" /><INIT seed="3,0,0,5,4,84" ten="225,206,279,290" oya="3" hai0="56,117,107,93,54,128,91,118,78,38,116,55,89" hai1="94,125,105,67,95,109,113,47,37,25,130,36,57" hai2="108,133,103,30,71,8,124,111,135,85,68,0,92" hai3="134,79,104,99,6,72,10,50,31,58,119,51,49"/><W33/><G119/><T62/><D38/><U52/><E105/><V28/><F0/><W26/><G72/><T69/><D107/><U17/><E113/><V61/><F8/><W65/><G79/><T96/><D78/><U15/><E25/><V1/><F1/><W76/><G76/><T53/><D69/><N who="2" m="26698" /><F61/><W2/><G134/><N who="2" m="51209" /><F124/><W59/><REACH who="3" step="1"/><G65/><REACH who="3" ten="225,206,279,280" step="2"/><T80/><D128/><U21/><E67/><V29/><F85/><W42/><G42/><T5/><D5/><U132/><E132/><V123/><F123/><W131/><G131/><T126/><D126/><U97/><E125/><V86/><F86/><W75/><G75/><T9/><D80/><U19/><E130/><V24/><F24/><W34/><G34/><T32/><D32/><U46/><E97/><AGARI ba="0,1" hai="28,29,30,92,97,103,108,111" m="51209,26698" machi="97" ten="40,1300,0" yaku="20,1" doraHai="84" who="2" fromWho="1" sc="225,0,206,-13,279,23,280,0" /><INIT seed="4,0,0,5,5,90" ten="225,193,302,280" oya="0" hai0="23,99,70,97,31,11,103,128,65,13,20,29,98" hai1="122,32,34,116,105,118,109,21,3,38,37,69,96" hai2="16,67,25,39,113,63,93,19,75,10,107,74,52" hai3="44,131,68,7,46,130,54,104,110,1,108,101,123"/><T126/><D126/><U0/><E21/><N who="0" m="8265" /><D70/><U42/><E109/><V100/><F39/><N who="1" m="14857" /><E42/><V14/><F107/><W8/><G68/><T36/><D36/><U41/><E41/><V84/><F113/><W15/><G123/><T102/><D65/><U133/><E69/><V87/><F67/><W114/><G114/><T49/><D49/><U61/><E61/><V134/><F134/><W2/><G104/><T121/><D128/><N who="3" m="49193" /><G101/><N who="0" m="38411" /><D121/><U73/><E122/><V50/><F63/><W71/><G71/><T80/><D80/><U9/><E96/><N who="2" m="59407" /><F75/><W58/><G110/><T81/><D81/><U76/><E105/><V125/><F125/><W45/><G108/><T59/><D59/><U53/><E53/><V112/><F74/><W66/><G66/><T17/><AGARI ba="0,0" hai="11,13,17,29,31,97,98,99" m="38411,8265" machi="17" ten="30,1500,0" yaku="8,1" doraHai="90" who="0" fromWho="0" sc="225,15,193,-5,302,-5,280,-5" /><INIT seed="4,1,0,5,1,108" ten="240,188,297,275" oya="0" hai0="69,53,93,72,20,120,21,5,132,58,78,48,101" hai1="77,33,135,84,102,91,116,17,12,22,68,129,123" hai2="117,26,66,100,44,74,15,106,41,61,75,38,85" hai3="63,49,2,71,3,16,45,119,87,97,113,99,92"/><T79/><D69/><U70/><E116/><V65/><F117/><W121/><G119/><T29/><D120/><U107/><E33/><V114/><F66/><W31/><G31/><T81/><D132/><U64/><E123/><V14/><F85/><W43/><G121/><T128/><D128/><U109/><E109/><V56/><F114/><W124/><G113/><T7/><D79/><U131/><E77/><V50/><F26/><W98/><G124/><T54/><D53/><U52/><E64/><V122/><F122/><W0/><G63/><T90/><D101/><U126/><E126/><V86/><F86/><W83/><G71/><T103/><D103/><U28/><E28/><V13/><REACH who="2" step="1"/><F38/><REACH who="2" ten="240,188,287,275" step="2"/><W118/><G118/><T10/><D29/><U34/><E70/><V39/><F39/><W23/><G2/><T46/><D7/><U130/><E68/><V80/><F80/><W6/><G6/><T62/><D81/><U1/><E135/><V133/><F133/><W30/><G30/><T32/><D72/><U89/><E84/><V40/><F40/><W35/><G35/><T47/><D32/><U110/><E34/><V18/><F18/><W95/><G3/><T112/><D112/><U127/><E1/><V111/><F111/><W27/><G0/><T11/><D5/><U37/><E37/><V67/><F67/><W105/><G105/><T125/><D125/><U76/><E127/><V104/><F104/><W36/><G36/><T115/><D115/><U9/><E110/><V24/><F24/><W88/><AGARI ba="1,1" hai="16,23,27,43,45,49,83,87,88,92,95,97,98,99" machi="88" ten="30,7900,0" yaku="0,1,8,1,54,2" doraHai="108" who="3" fromWho="3" sc="240,-40,188,-21,287,-21,275,92" /><INIT seed="5,0,0,0,4,93" ten="200,167,266,367" oya="1" hai0="12,38,48,26,49,109,133,98,134,117,45,83,77" hai1="42,112,46,19,17,20,35,79,104,106,39,132,116" hai2="55,16,75,78,118,129,125,43,22,95,131,14,66" hai3="82,92,74,53,67,91,23,62,135,30,1,50,10"/><U36/><E116/><V47/><F118/><W70/><G135/><N who="0" m="51723" /><D117/><U115/><E132/><V123/><F123/><W3/><G74/><N who="0" m="43447" /><D26/><U64/><E35/><V44/><F125/><W86/><G10/><T89/><D12/><U127/><E127/><V73/><F66/><W34/><G34/><T102/><D89/><U128/><E64/><V60/><F95/><W8/><G8/><T96/><D102/><U4/><E4/><V7/><F7/><W58/><G30/><T84/><D84/><U114/><E79/><V31/><F31/><W120/><G120/><T101/><D109/><U27/><E128/><N who="2" m="49227" /><F78/><W24/><G24/><T90/><D90/><U32/><E32/><V130/><N who="2" m="49235" /><V37/><DORA hai="54" /><F60/><W13/><G82/><T108/><D108/><U68/><E68/><V99/><F75/><W110/><G110/><T100/><D100/><U52/><E17/><AGARI ba="0,0" hai="1,3,13,17,23,50,53,58,62,67,70,86,91,92" machi="17" ten="40,5200,0" yaku="25,2,52,1" doraHai="93,54" who="3" fromWho="1" sc="200,0,167,-52,266,0,367,52" /><INIT seed="6,0,0,4,1,43" ten="200,115,266,419" oya="2" hai0="89,109,94,29,97,133,9,8,6,18,80,99,104" hai1="46,44,84,57,27,65,56,72,124,95,130,40,71" hai2="77,70,134,54,121,74,34,52,61,31,55,15,39" hai3="51,76,49,47,0,96,115,13,58,21,132,4,41"/><V123/><F134/><W73/><G132/><T7/><D109/><U127/><E72/><V114/><F114/><W102/><G115/><T117/><D133/><U20/><E130/><V112/><F112/><W91/><G0/><T135/><D135/><U122/><E122/><V69/><F39/><W87/><G73/><T106/><D29/><U78/><E71/><V111/><F111/><W131/><G131/><T35/><D35/><U98/><E40/><V1/><F1/><W3/><G3/><T12/><D80/><U116/><E116/><V75/><F15/><W82/><G102/><T30/><D30/><U26/><E84/><V38/><F38/><W101/><G101/><T93/><D18/><U86/><E86/><V107/><F107/><W119/><G119/><T125/><D125/><U126/><E78/><V100/><F100/><W50/><G58/><T64/><D64/><U105/><E105/><V67/><F70/><W32/><G32/><T16/><D7/><U22/><E126/><V129/><F74/><W17/><G4/><T5/><D6/><U92/><E65/><V88/><F129/><W108/><G108/><T14/><REACH who="0" step="1"/><D117/><REACH who="0" ten="190,115,266,419" step="2"/><U63/><REACH who="1" step="1"/><E63/><REACH who="1" ten="190,105,266,419" step="2"/><V66/><F61/><W48/><G82/><T83/><D83/><U81/><E81/><N who="2" m="45247" /><F67/><W113/><G76/><T53/><D53/><U128/><E128/><V120/><F66/><W37/><G113/><T28/><D28/><U90/><E90/><AGARI ba="0,2" hai="5,8,9,12,14,16,89,90,93,94,97,99,104,106" machi="90" ten="30,7700,0" yaku="1,1,7,1,9,1,54,1,53,0" doraHai="43" doraHaiUra="42" who="0" fromWho="1" sc="190,97,105,-77,266,0,419,0" /><INIT seed="7,0,0,3,0,115" ten="287,28,266,419" oya="3" hai0="85,88,108,91,132,25,10,45,82,70,47,75,97" hai1="66,33,15,2,30,27,58,119,64,62,94,44,86" hai2="112,18,133,135,98,84,93,40,92,42,118,79,39" hai3="74,73,4,113,109,31,60,17,54,124,95,100,117"/><W120/><G113/><T80/><D108/><U76/><E2/><V19/><F112/><W49/><G4/><T121/><D70/><U6/><E66/><V13/><F118/><W59/><G124/><T102/><D121/><U55/><E33/><V7/><F7/><W87/><G117/><T123/><D132/><U130/><E130/><V111/><F111/><W48/><G74/><T38/><D38/><U26/><E30/><V131/><F131/><W110/><G73/><T96/><D10/><U16/><E6/><V69/><F69/><W35/><G31/><T28/><D97/><U126/><E76/><V52/><F39/><W23/><G35/><T78/><D91/><U107/><E107/><V65/><F65/><W36/><G120/><T29/><D29/><U67/><E67/><V34/><F34/><W77/><G36/><T129/><D129/><U21/><E126/><V51/><F133/><W83/><G110/><T11/><D11/><U50/><E44/><N who="2" m="27751" /><F135/><W22/><G22/><T134/><D134/><U61/><E119/><V114/><F114/><W122/><G122/><T37/><D37/><U106/><E106/><V5/><F5/><W128/><G128/><T57/><D57/><U41/><E41/><N who="2" m="15979" /><F98/><N who="3" m="59487" /><G109/><T68/><D68/><U53/><E53/><V127/><F127/><W81/><G83/><T99/><D123/><U104/><E104/><V103/><F103/><W105/><G105/><N who="0" m="63687" /><D99/><U89/><REACH who="1" step="1"/><E64/><REACH who="1" ten="287,18,266,419" step="2"/><V125/><F125/><W32/><G32/><T20/><D28/><U12/><E12/><AGARI ba="0,1" hai="12,17,23,48,49,54,59,60,77,81,87" m="59487" machi="12" ten="30,1500,0" yaku="8,1" doraHai="115" who="3" fromWho="1" sc="287,0,18,-15,266,0,419,25" owari="287,9.0,3,-50.0,266,-13.0,444,54.0" /></mjloggm>