<mjloggm ver="2.3"><GO type="169" lobby="0"/><UN n0="%E3%81%A1%E3%81%A3%E3%81%93%E3%82%8C%40" n1="%E3%82%AA%E3%82%AB%E3%83%AB%E3%83%88%E4%B8%80%E8%89%B2" n2="%E3%81%A1%E3%82%87%E3%82%8A%E3%81%8A" n3="%E5%B1%B1%E8%B6%8A" dan="16,16,16,17" rate="2104.05,2131.75,2108.90,2155.55" sx="M,M,M,M"/><TAIKYOKU oya="0"/><INIT seed="0,0,0,3,0,62" ten="250,250,250,250" oya="0" hai0="126,111,19,84,115,55,99,113,106,14,46,93,13" hai1="102,123,29,130,104,24,50,82,94,107,47,9,70" hai2="109,45,44,120,60,31,122,15,74,18,127,135,3" hai3="16,118,69,78,124,28,64,105,52,4,76,8,129"/><T101/><D126/><U79/><E123/><V65/><F3/><W43/><G118/><T11/><D111/><U80/><E130/><V100/><F74/><W35/><G129/><T72/><D72/><U71/><E94/><V88/><F100/><W134/><G124/><T75/><D75/><U17/><E79/><V12/><F127/><W121/><G134/><T20/><D106/><U7/><E17/><V39/><F31/><W63/><G121/><T59/><D46/><U89/><E80/><V30/><F30/><W1/><G43/><T21/><D84/><U38/><E38/><V10/><F109/><W42/><G42/><T83/><D83/><U26/><E26/><V6/><F135/><W133/><G133/><T36/><D36/><U66/><E71/><V98/><F44/><W51/><G105/><T114/><REACH who="0" step="1"/><D14/><REACH who="0" ten="240,250,250,250" step="2"/><U85/><E107/><V57/><F45/><W48/><G1/><T90/><D90/><U73/><E73/><V22/><F39/><W53/><G78/><T61/><AGARI ba="0,1" hai="11,13,19,20,21,55,59,61,93,99,101,113,114,115" machi="61" ten="30,3000,0" yaku="1,1,0,1,53,0" doraHai="62" doraHaiUra="34" who="0" fromWho="0" sc="240,40,250,-10,250,-10,250,-10" /><INIT seed="0,1,0,4,4,108" ten="280,240,240,240" oya="0" hai0="127,73,40,53,46,69,5,43,67,109,11,121,135" hai1="36,95,37,70,49,16,119,116,6,66,81,32,25" hai2="29,7,88,87,65,24,72,58,86,39,48,13,80" hai3="112,111,51,115,107,94,99,83,35,59,130,122,61"/><T33/><D121/><U57/><E6/><V71/><F39/><W91/><G35/><T132/><D127/><U15/><E81/><V101/><F71/><W90/><G51/><T120/><D120/><U64/><E70/><V23/><F72/><W8/><G122/><T17/><D33/><U84/><E36/><V47/><F101/><N who="3" m="62911" /><G8/><T62/><D17/><U85/><E37/><V21/><F65/><W125/><G61/><T76/><D109/><U105/><E105/><V103/><F103/><W26/><G59/><T93/><D93/><U131/><E131/><V3/><F58/><W52/><G52/><T12/><D76/><U42/><E42/><V100/><F100/><W54/><G54/><T92/><D92/><U133/><E133/><N who="0" m="51273" /><D73/><U20/><E84/><N who="2" m="50183" /><F3/><W79/><G26/><T22/><D22/><U27/><E27/><V56/><F56/><W78/><G111/><T126/><D126/><U10/><E32/><V63/><F63/><W110/><G125/><T18/><D5/><N who="1" m="3535" /><E119/><V4/><F4/><W50/><G110/><T117/><D117/><U14/><E25/><V113/><F7/><W114/><G50/><AGARI ba="1,0" hai="11,12,18,40,43,46,50,53,62,67,69" m="51273" machi="50" ten="30,1500,0" yaku="20,1" doraHai="108" who="0" fromWho="3" sc="280,18,240,0,240,0,240,-18" /><INIT seed="0,2,0,2,5,21" ten="298,240,240,222" oya="0" hai0="123,24,73,135,91,112,2,122,81,51,79,29,20" hai1="116,104,16,32,1,107,131,53,46,48,127,108,113" hai2="103,37,6,8,27,52,7,61,47,121,132,80,39" hai3="59,66,4,55,50,18,45,34,9,89,33,82,56"/><T36/><D112/><U95/><E116/><V93/><F121/><W69/><G69/><T129/><D36/><U17/><E113/><V88/><F132/><W62/><G18/><T76/><D135/><U109/><E1/><V96/><F7/><W35/><G82/><T63/><D129/><U72/><E72/><V38/><F27/><W15/><REACH who="3" step="1"/><G89/><REACH who="3" ten="298,240,240,212" step="2"/><T5/><D91/><U102/><E16/><V106/><F80/><W58/><AGARI ba="2,1" hai="4,9,15,33,34,35,45,50,55,56,58,59,62,66" machi="58" ten="40,5200,0" yaku="1,1,2,1,0,1,53,0" doraHai="21" doraHaiUra="78" who="3" fromWho="3" sc="298,-28,240,-15,240,-15,212,68" /><INIT seed="1,0,0,5,0,88" ten="270,225,225,280" oya="1" hai0="77,64,103,128,22,68,6,86,114,63,96,116,98" hai1="49,134,90,34,113,57,48,111,84,55,81,132,102" hai2="97,79,66,95,33,73,24,93,75,39,29,1,37" hai3="28,74,78,107,60,104,70,20,61,131,17,94,80"/><U13/><E113/><V54/><F1/><W133/><G131/><T44/><D114/><U16/><E34/><V10/><F66/><W11/><G133/><N who="1" m="51306" /><E111/><V14/><F54/><W117/><G117/><T62/><D116/><U85/><E102/><V122/><F122/><W129/><G129/><T115/><D128/><U110/><E110/><V106/><F39/><W0/><G28/><T65/><D115/><U56/><E84/><V91/><F37/><W30/><G30/><T12/><D44/><N who="1" m="28039" /><E49/><V50/><F50/><W82/><G82/><T69/><D103/><U31/><E31/><V89/><F79/><W112/><G112/><T26/><D77/><U92/><E81/><V123/><F106/><W126/><G94/><T47/><D86/><U87/><E87/><V42/><F42/><W45/><G45/><T125/><D47/><U32/><E32/><V25/><F25/><W76/><G76/><T52/><D125/><U72/><E72/><V27/><F27/><W46/><G46/><T35/><D35/><U100/><E100/><V121/><F73/><W36/><G36/><T83/><D83/><U135/><N who="1" m="51314" /><U4/><DORA hai="7" /><E4/><V130/><F75/><W127/><G104/><T101/><D101/><U3/><E3/><V9/><F130/><W119/><G107/><T99/><D6/><U118/><E118/><V59/><F123/><W5/><G119/><T58/><D12/><U43/><E43/><V71/><F14/><N who="3" m="9271" /><G127/><T2/><D2/><U51/><E51/><V23/><F33/><W109/><G126/><T41/><D41/><U38/><E38/><RYUUKYOKU ba="0,0" sc="270,-10,225,30,225,-10,280,-10" hai1="13,16,56,57,85,90,92" /><INIT seed="1,1,0,1,1,86" ten="260,255,215,270" oya="1" hai0="29,90,0,82,78,101,127,69,58,113,50,49,55" hai1="89,95,115,99,124,97,96,121,67,30,119,77,4" hai2="98,131,27,31,132,75,59,105,87,120,64,54,44" hai3="133,84,11,56,14,116,112,34,74,5,63,26,134"/><U6/><E115/><V60/><F120/><W114/><G74/><T126/><D113/><N who="3" m="43625" /><G84/><N who="0" m="50455" /><D69/><U66/><E119/><V3/><F75/><W117/><G56/><T17/><D0/><U18/><E121/><V35/><F3/><W93/><G93/><T118/><D118/><N who="3" m="45673" /><G63/><T38/><D38/><U71/><E124/><N who="0" m="47657" /><D29/><AGARI ba="1,0" hai="5,11,14,26,29,34,133,134" m="45673,43625" machi="29" ten="40,5200,0" yaku="12,1,34,2" doraHai="86" who="3" fromWho="0" sc="260,-55,255,0,215,0,270,55" /><INIT seed="2,0,0,2,4,82" ten="205,255,215,325" oya="2" hai0="58,41,123,114,89,53,95,2,73,129,8,90,75" hai1="113,54,66,23,103,65,135,91,128,122,16,40,79" hai2="10,57,6,94,85,0,69,115,126,112,68,86,74" hai3="55,17,104,124,106,92,37,70,29,72,9,18,100"/><V35/><F74/><W127/><G70/><T46/><D123/><U118/><E113/><V64/><F35/><W4/><G37/><T3/><D114/><U12/><E118/><V131/><F112/><W71/><G71/><T130/><D53/><U76/><E122/><V39/><F39/><W102/><G29/><T47/><D58/><U110/><E110/><V80/><F115/><W99/><G72/><T56/><D56/><U43/><E128/><V132/><F131/><N who="0" m="50186" /><D47/><U48/><E135/><V81/><F132/><W120/><G120/><T25/><D25/><U50/><E103/><V33/><F94/><W62/><G55/><T107/><D107/><U125/><E125/><N who="3" m="48202" /><G62/><T14/><D90/><U98/><E65/><V97/><F97/><N who="3" m="61455" /><G106/><T51/><D3/><AGARI ba="0,0" hai="3,4,9,17,18,92,99,102" m="61455,48202" machi="3" ten="30,1000,0" yaku="18,1" doraHai="82" who="3" fromWho="0" sc="205,-10,255,0,215,0,325,10" /><INIT seed="3,0,0,5,0,38" ten="195,255,215,335" oya="3" hai0="79,10,41,104,68,12,55,6,37,27,51,25,111" hai1="30,96,2,81,39,1,7,110,16,94,9,103,19" hai2="74,3,48,87,85,98,77,100,122,5,32,17,31" hai3="65,101,97,67,18,0,43,56,114,59,20,128,112"/><W86/><G128/><T26/><D111/><U121/><E110/><V4/><F122/><W33/><G33/><T47/><D68/><U105/><E121/><V66/><F74/><W130/><G130/><T123/><D123/><U14/><E30/><V13/><F66/><W8/><G43/><T120/><D120/><U88/><E39/><V58/><F3/><W91/><G8/><T62/><D104/><U63/><E81/><V129/><F129/><W54/><G0/><T75/><D62/><U80/><E80/><V57/><F57/><W28/><G28/><T108/><D108/><U49/><E63/><V46/><F58/><W92/><G59/><T132/><D132/><U113/><E113/><V73/><F73/><W40/><G40/><T119/><D75/><U11/><E49/><V29/><F32/><W78/><G78/><T82/><D119/><U50/><E50/><V61/><F61/><W93/><G114/><T124/><D124/><U53/><E53/><V126/><F126/><W106/><G106/><T44/><D79/><U69/><E69/><V115/><F115/><W133/><G133/><T34/><REACH who="0" step="1"/><D82/><REACH who="0" ten="185,255,215,335" step="2"/><U116/><E116/><V134/><F134/><W52/><G112/><T70/><D70/><U36/><E105/><V45/><F77/><W23/><G67/><T131/><D131/><U89/><E94/><V135/><F135/><W118/><G118/><T127/><D127/><U102/><E1/><V99/><F100/><W21/><G65/><T95/><D95/><N who="1" m="56431" /><E102/><V72/><F72/><W35/><G101/><T117/><D117/><U22/><E2/><RYUUKYOKU ba="0,1" sc="185,30,255,-10,215,-10,335,-10" hai0="6,10,12,25,26,27,34,37,41,44,47,51,55" /><INIT seed="4,1,1,2,4,135" ten="215,245,205,325" oya="0" hai0="46,48,9,19,119,74,52,35,60,88,103,39,66" hai1="47,77,57,115,75,67,50,109,14,71,5,101,18" hai2="70,120,87,21,20,51,44,124,122,30,93,130,4" hai3="83,49,54,1,7,11,132,134,2,113,37,123,73"/><T84/><D119/><U85/><E109/><V110/><F110/><W33/><G113/><T29/><D74/><U107/><E115/><V114/><F70/><W36/><G33/><T68/><D103/><U131/><E131/><V112/><F4/><W16/><G1/><T13/><D29/><U118/><E118/><V79/><F93/><W94/><G94/><T133/><D133/><N who="3" m="51305" /><G16/><T22/><D39/><U72/><E71/><V65/><F87/><W82/><G123/><T117/><D117/><U78/><E78/><V127/><F79/><N who="3" m="44399" /><G83/><N who="0" m="49183" /><D22/><U108/><E108/><V69/><F69/><W86/><G86/><T58/><D68/><U10/><E18/><V27/><F27/><W80/><G80/><T91/><D91/><U0/><E0/><V64/><F30/><W31/><G31/><T61/><D61/><N who="1" m="38319" /><E101/><V59/><F59/><AGARI ba="1,1" hai="2,7,11,36,37,49,54,59" m="44399,51305" machi="59" ten="30,1000,0" yaku="20,1" doraHai="135" who="3" fromWho="2" sc="215,0,245,0,205,-13,325,23" /><INIT seed="5,0,0,3,2,124" ten="215,245,192,348" oya="1" hai0="126,85,20,87,10,133,62,40,108,127,122,29,63" hai1="132,0,103,105,78,77,70,66,98,69,111,64,42" hai2="88,33,15,80,19,109,89,38,27,94,65,130,50" hai3="57,129,104,68,8,110,71,11,93,56,73,121,47"/><U91/><E132/><V16/><F38/><W106/><G93/><T125/><D108/><U131/><E111/><V83/><F109/><W12/><G110/><T96/><D122/><U36/><E0/><V4/><F65/><W53/><G12/><T32/><D32/><U75/><E36/><V99/><F130/><W3/><G53/><T86/><D133/><U97/><E42/><V37/><F37/><W39/><G39/><T17/><D40/><U21/><E131/><V22/><F33/><W6/><G73/><T49/><D49/><U52/><E69/><V114/><F4/><W58/><G47/><T82/><D96/><U81/><E78/><V118/><F118/><W102/><G102/><T24/><D82/><N who="2" m="31274" /><F50/><W2/><G121/><T95/><D95/><U44/><E70/><V5/><F5/><W90/><G90/><T59/><D59/><U34/><E34/><V120/><F114/><W54/><G54/><T43/><D43/><U67/><E21/><N who="2" m="13759" /><F120/><W51/><G51/><T60/><REACH who="0" step="1"/><D10/><REACH who="0" ten="205,245,192,348" step="2"/><U18/><E98/><V25/><F25/><W1/><G57/><T35/><D35/><U135/><E97/><V100/><AGARI ba="0,1" hai="15,16,22,88,89,94,99,100" m="13759,31274" machi="100" ten="30,4000,0" yaku="8,1,54,2" doraHai="124" who="2" fromWho="2" sc="205,-10,245,-20,192,50,348,-10" /><INIT seed="6,0,0,5,3,15" ten="195,225,242,338" oya="2" hai0="57,93,130,91,24,42,115,33,114,65,16,0,92" hai1="47,45,10,127,78,79,108,64,5,88,86,110,98" hai2="82,22,131,106,95,29,9,14,63,96,41,83,7" hai3="121,20,34,113,51,13,3,12,119,61,54,30,90"/><V77/><F106/><W66/><G121/><T132/><D0/><U56/><E127/><V117/><F117/><W38/><G38/><T50/><D130/><U71/><E71/><V105/><F105/><W72/><G3/><T49/><D132/><U74/><E74/><V48/><F131/><W11/><G119/><T123/><D123/><U21/><E98/><V107/><F107/><W69/><G34/><T62/><D93/><U76/><E21/><V18/><F63/><W87/><G72/><T73/><D73/><U85/><E85/><V122/><F29/><W27/><G11/><T26/><D33/><U101/><E101/><V46/><F122/><W31/><G31/><T36/><D36/><U53/><E64/><V70/><F70/><W40/><G40/><T120/><D120/><U19/><E108/><V35/><F35/><W60/><G60/><T6/><D6/><U37/><E37/><V55/><F41/><W128/><G113/><N who="0" m="43019" /><D26/><U124/><E124/><V1/><REACH who="2" step="1"/><F77/><REACH who="2" ten="195,225,232,338" step="2"/><W81/><G128/><T52/><D42/><U44/><E76/><V134/><F134/><W126/><G126/><T109/><D65/><U84/><E78/><V23/><F23/><W17/><G30/><T125/><D125/><U118/><E118/><V80/><F80/><W32/><G32/><T89/><D109/><U67/><E67/><V102/><AGARI ba="0,1" hai="1,7,9,14,18,22,46,48,55,82,83,95,96,102" machi="102" ten="20,12000,1" yaku="1,1,0,1,7,1,52,1,53,1" doraHai="15" doraHaiUra="97" who="2" fromWho="2" sc="195,-40,225,-40,232,130,338,-40" /><INIT seed="6,1,0,2,5,107" ten="155,185,362,298" oya="2" hai0="16,51,36,9,63,85,31,29,47,49,35,95,17" hai1="123,66,121,19,52,50,7,25,97,87,131,20,68" hai2="67,100,120,72,59,94,24,22,102,125,133,116,98" hai3="90,58,135,132,126,86,14,119,32,79,92,37,103"/><V73/><F120/><N who="1" m="46153" /><E131/><V43/><F116/><W96/><G37/><T129/><D129/><U2/><E87/><V38/><F102/><W117/><G32/><T12/><D36/><U30/><E97/><V3/><F3/><W130/><G58/><T8/><D63/><N who="1" m="40031" /><E7/><V23/><F22/><W11/><G130/><T18/><D35/><U105/><E105/><V71/><F71/><W78/><G14/><N who="0" m="7239" /><D18/><U91/><E91/><V21/><F21/><W48/><G48/><N who="0" m="18507" /><D47/><N who="1" m="27743" /><E2/><V80/><F80/><N who="3" m="49479" /><G126/><T62/><D62/><U111/><E111/><V57/><F125/><W112/><G11/><T115/><D115/><U6/><E6/><V77/><F72/><W113/><G78/><T89/><AGARI ba="1,0" hai="9,12,17,29,31,85,89,95" m="18507,7239" machi="89" ten="30,2000,0" yaku="8,1,54,1" doraHai="107" who="0" fromWho="0" sc="155,23,185,-6,362,-11,298,-6" /><INIT seed="7,0,0,4,3,126" ten="178,179,351,292" oya="3" hai0="4,5,67,13,50,42,93,127,134,72,81,122,120" hai1="70,40,17,49,102,38,107,55,97,26,110,78,35" hai2="113,63,115,8,80,23,88,125,31,105,45,37,48" hai3="53,28,92,54,123,43,46,7,132,59,34,71,60"/><W41/><G123/><T30/><D127/><U77/><E110/><V119/><F119/><W76/><G132/><T64/><D134/><U114/><E114/><N who="2" m="43531" /><F105/><W33/><G71/><T66/><D30/><U75/><E75/><V124/><F37/><W1/><G76/><T9/><D4/><U101/><E101/><V121/><F63/><W22/><G22/><T51/><D93/><U68/><E77/><V58/><F58/><W14/><G1/><T56/><D72/><U39/><E78/><V83/><F83/><W94/><G33/><T96/><D81/><U6/><E6/><V18/><F31/><W112/><G112/><T79/><D79/><U44/><E39/><V91/><F8/><N who="3" m="4383" /><G34/><T131/><D131/><U130/><E130/><V19/><F19/><W116/><G116/><T82/><D82/><U16/><E17/><V3/><F3/><W25/><G53/><N who="0" m="31799" /><D122/><U135/><E135/><V12/><F121/><W108/><G108/><T95/><D120/><U104/><E104/><V90/><F80/><W61/><G61/><T69/><D69/><U87/><E68/><V47/><F47/><W29/><G29/><T32/><D32/><U85/><E70/><V133/><F133/><W106/><G106/><T36/><D36/><U73/><E73/><V129/><F129/><W11/><G11/><T118/><D118/><U20/><E35/><V57/><F57/><AGARI ba="0,0" hai="16,20,26,38,40,44,49,55,57,85,87,97,102,107" machi="57" ten="30,2000,0" yaku="7,1,54,1" doraHai="126" who="1" fromWho="2" sc="178,0,179,20,351,-20,292,0" owari="178,-32.0,199,-20.0,331,43.0,292,9.0" /></mjloggm>