<mjloggm ver="2.3"><GO type="185" lobby="0"/><UN n0="%E9%80%9F%E8%A6%8B%E5%B9%B8%E4%B8%80" n1="%E3%82%B5%E3%83%89%E3%82%A5%E3%83%BC" n2="%E8%90%AC%E6%81%8B%E6%AC%A1%E9%83%8E" n3="" dan="17,16,17,0" rate="2064.73,2112.92,2266.45,1500.00" sx="M,M,M,C"/><TAIKYOKU oya="0"/><INIT seed="0,0,0,0,5,88" ten="350,350,350,0" oya="0" hai0="106,125,128,52,0,46,100,72,108,93,61,133,84" hai1="50,1,92,51,39,75,86,56,3,91,80,115,32" hai2="119,45,41,81,111,68,73,82,96,87,107,67,53" hai3=""/><T127/><D0/><U135/><E32/><V120/><N who="2" m="30752" /><V64/><F119/><T83/><D133/><U94/><E39/><V112/><F112/><T65/><D128/><U54/><E135/><V33/><F33/><T104/><D72/><U60/><E115/><V40/><F111/><T34/><D108/><U63/><E51/><V69/><F53/><T47/><D93/><U126/><E126/><N who="0" m="48137" /><D100/><U121/><N who="1" m="31008" /><U89/><E75/><V62/><F73/><T129/><D129/><U101/><E101/><V118/><F118/><T117/><D52/><U85/><E80/><V134/><F134/><T55/><D55/><U110/><E110/><V130/><F130/><T79/><D34/><U43/><E43/><V95/><F40/><T44/><D117/><U114/><E114/><V113/><F113/><T35/><D35/><U131/><E131/><V124/><F124/><T97/><D97/><U98/><E98/><V103/><F87/><T2/><D2/><AGARI ba="0,0" hai="1,2,3,50,54,56,60,63,85,86,89,91,92,94" m="31008" machi="2" ten="40,8000,1" yaku="9,1,52,3" doraHai="88" who="1" fromWho="0" sc="350,-80,350,80,350,0,0,0" /><INIT seed="1,0,0,4,0,130" ten="270,430,350,0" oya="1" hai0="109,107,85,48,112,2,47,65,102,122,89,125,80" hai1="37,63,64,62,83,56,74,41,96,108,104,95,116" hai2="51,36,67,58,101,33,124,55,123,77,133,93,53" hai3=""/><U120/><N who="1" m="30752" /><U52/><E116/><V70/><N who="2" m="31520" /><V103/><F33/><T98/><N who="0" m="31264" /><T43/><D2/><U132/><E104/><V105/><F124/><T135/><D112/><U113/><E113/><V54/><F133/><T91/><D109/><U66/><E132/><V69/><F77/><T73/><D125/><U75/><E83/><V117/><F117/><T72/><D135/><U71/><E66/><V78/><F78/><T57/><D91/><U87/><E87/><V35/><F35/><T94/><D107/><U45/><REACH who="1" step="1"/><E108/><REACH who="1" ten="270,420,350,0" step="2"/><V129/><F105/><T50/><D65/><U42/><E42/><V61/><F93/><T1/><D1/><U38/><E38/><V84/><F84/><T0/><D0/><U126/><E126/><V97/><F97/><T118/><D118/><U115/><E115/><V3/><F3/><T128/><D128/><U49/><E49/><V121/><N who="2" m="31008" /><V134/><F134/><T106/><D106/><U88/><AGARI ba="0,1" hai="37,41,45,52,56,62,63,64,71,74,75,88,95,96" m="30752" machi="88" ten="20,12000,2" yaku="1,1,0,1,7,1,52,1,54,2,53,1" doraHai="130" doraHaiUra="119" who="1" fromWho="1" sc="270,-60,420,130,350,-60,0,0" /><INIT seed="1,1,0,3,4,83" ten="210,550,290,0" oya="1" hai0="123,93,134,119,114,68,58,105,89,77,129,79,70" hai1="107,106,84,118,74,90,34,94,56,113,50,115,111" hai2="81,64,135,66,41,102,38,97,96,75,0,131,32" hai3=""/><U42/><E118/><V76/><F0/><T80/><N who="0" m="31520" /><T46/><D114/><U91/><E74/><V133/><F32/><T108/><D134/><U44/><E34/><V33/><F33/><T124/><D108/><U63/><E111/><V92/><F131/><T72/><D124/><U100/><E100/><V104/><F133/><T49/><D105/><U57/><E57/><V103/><REACH who="2" step="1"/><F135/><REACH who="2" ten="210,550,280,0" step="2"/><T98/><D129/><U99/><E113/><V82/><F82/><T71/><D119/><U88/><E115/><V112/><F112/><T40/><D79/><U95/><REACH who="1" step="1"/><E91/><REACH who="1" ten="210,540,280,0" step="2"/><V53/><F53/><AGARI ba="1,2" hai="42,44,50,53,56,63,84,88,90,94,95,99,106,107" machi="53" ten="30,18000,2" yaku="1,1,2,1,7,1,52,1,54,1,53,2" doraHai="83" doraHaiUra="101" who="1" fromWho="2" sc="210,0,540,202,280,-182,0,0" /><INIT seed="1,2,0,4,0,37" ten="210,742,98,0" oya="1" hai0="38,52,98,113,48,69,88,99,90,40,50,71,96" hai1="34,44,103,115,129,36,84,125,130,107,0,47,100" hai2="49,65,46,86,91,54,82,72,45,97,116,41,123" hai3=""/><U42/><E115/><V1/><N who="2" m="31520" /><V51/><F1/><T114/><D38/><U3/><E34/><V102/><F116/><T79/><D79/><U81/><E125/><V56/><F72/><T110/><D110/><U35/><E35/><V120/><N who="2" m="30752" /><V66/><REACH who="2" step="1"/><F56/><REACH who="2" ten="210,742,88,0" step="2"/><T57/><D114/><U32/><E32/><V76/><F76/><T75/><D75/><U39/><E0/><V83/><F83/><T74/><D74/><U68/><E3/><V112/><F112/><T118/><D118/><U2/><E2/><V77/><F77/><T105/><D113/><U58/><E130/><V87/><F87/><T126/><D126/><U111/><E129/><V94/><AGARI ba="2,1" hai="41,45,46,49,51,54,65,66,82,86,91,94,97,102" m="30752,31520" machi="94" ten="20,12000,3" yaku="1,1,0,1,7,1,8,1,52,3,53,2" doraHai="37" doraHaiUra="117" who="2" fromWho="2" sc="210,-42,742,-82,88,134,0,0" /><INIT seed="2,0,0,2,2,101" ten="168,660,222,0" oya="2" hai0="114,72,57,110,70,32,40,116,3,103,95,44,102" hai1="78,65,54,115,135,62,33,98,122,113,0,37,129" hai2="75,111,86,87,96,83,51,121,133,77,84,63,94" hai3=""/><V43/><N who="2" m="31008" /><V42/><F133/><T1/><D70/><U48/><N who="1" m="31264" /><U124/><E33/><V112/><F112/><T39/><D116/><U92/><E0/><V36/><F36/><T66/><D32/><U120/><N who="1" m="30752" /><U131/><E78/><V130/><F130/><N who="1" m="49673" /><E37/><V34/><F34/><T127/><D72/><U47/><E124/><V71/><F51/><T60/><D110/><U108/><E108/><V118/><F118/><T132/><D132/><U125/><E125/><V100/><REACH who="2" step="1"/><F111/><REACH who="2" ten="168,660,212,0" step="2"/><T97/><D114/><U90/><E135/><V67/><AGARI ba="0,1" hai="42,43,63,67,71,75,77,83,84,86,87,94,96,100" m="31008" machi="67" ten="30,8000,1" yaku="1,1,2,1,0,1,52,1,53,1" doraHai="101" doraHaiUra="56" who="2" fromWho="2" sc="168,-40,660,-40,212,90,0,0" /><INIT seed="2,1,0,5,4,87" ten="128,620,302,0" oya="2" hai0="135,116,76,79,36,85,46,32,2,102,66,78,71" hai1="64,43,118,98,97,52,107,60,108,57,40,56,99" hai2="1,130,58,73,113,84,117,69,68,83,51,124,35" hai3=""/><V114/><F1/><T86/><D116/><U39/><E108/><V126/><F35/><T41/><D32/><U93/><E107/><V81/><F51/><T120/><N who="0" m="30752" /><T61/><D2/><U50/><E118/><V55/><F117/><T131/><D131/><U45/><REACH who="1" step="1"/><E40/><REACH who="1" ten="128,610,302,0" step="2"/><V54/><F130/><T128/><D128/><U80/><E80/><V129/><F129/><T34/><D34/><U106/><E106/><V96/><F73/><T33/><D33/><U94/><AGARI ba="1,1" hai="39,43,45,50,52,56,57,60,64,93,94,97,98,99" machi="94" ten="30,3000,0" yaku="1,1,0,1,54,1,53,0" doraHai="87" doraHaiUra="112" who="1" fromWho="1" sc="128,-11,610,42,302,-21,0,0" /><INIT seed="4,0,0,0,5,0" ten="117,652,281,0" oya="0" hai0="112,35,113,45,54,97,1,109,40,51,110,72,56" hai1="78,2,114,118,37,128,106,74,88,80,61,86,52" hai2="91,69,102,3,67,125,75,47,65,84,108,85,111" hai3=""/><T127/><D1/><U120/><N who="1" m="30752" /><U39/><E2/><V83/><F3/><T98/><D72/><U70/><E118/><V55/><F125/><T57/><D127/><U129/><E106/><V122/><N who="2" m="31264" /><V116/><F116/><T107/><D57/><U58/><E70/><V103/><F75/><T100/><D97/><U63/><E63/><V89/><F69/><T76/><D76/><U95/><REACH who="1" step="1"/><E114/><REACH who="1" ten="117,642,281,0" step="2"/><N who="0" m="44137" /><D35/><U53/><E53/><V99/><F67/><T44/><D44/><U132/><E132/><V92/><F65/><T121/><N who="0" m="31008" /><T42/><D42/><U96/><E96/><V119/><F119/><T43/><D43/><U36/><AGARI ba="0,1" hai="36,37,39,52,58,61,74,78,80,86,88,95,128,129" m="30752" machi="36" ten="40,9000,2" yaku="1,1,0,1,52,1,54,2,53,1" doraHai="0" doraHaiUra="49" who="1" fromWho="1" sc="117,-60,642,100,281,-30,0,0" /><INIT seed="5,0,0,4,2,75" ten="57,742,251,0" oya="1" hai0="97,52,71,98,73,99,41,37,53,60,118,54,90" hai1="49,100,56,107,44,79,113,72,103,131,119,62,34" hai2="92,109,1,111,134,102,83,88,50,104,82,66,86" hai3=""/><U68/><E113/><V38/><F1/><T58/><D73/><U74/><E34/><V35/><F35/><T130/><D71/><U65/><E119/><V127/><F38/><T70/><D70/><U33/><E33/><V106/><F66/><T51/><D118/><U112/><E112/><V57/><F57/><T39/><D130/><U63/><E74/><V121/><N who="2" m="31008" /><V76/><F50/><T128/><D128/><U115/><E107/><N who="2" m="41003" /><F127/><T80/><D51/><U64/><E115/><V110/><F134/><T120/><N who="0" m="30752" /><T81/><D81/><N who="2" m="30730" /><F102/><T77/><D77/><AGARI ba="0,0" hai="76,77,86,88,92,109,110,111" m="30730,41003,31008" machi="77" ten="40,12000,2" yaku="34,2,52,3,54,1" doraHai="75" who="2" fromWho="0" sc="57,-120,742,0,251,120,0,0" owari="-63,-66.0,742,69.0,371,-3.0,0,0.0" /></mjloggm>