<mjloggm ver="2.3"><GO type="169" lobby="0"/><UN n0="%E9%A6%AC%E9%BE%8D%6C%65%66%74" n1="%E3%81%B2%E3%81%A3%E3%81%93%E3%82%8D%32%36" n2="%E9%A2%A8%E6%B4%A5%E9%81%93" n3="%53%68%75%6E%6A%69%4D%4A" dan="16,16,16,17" rate="2058.45,2114.70,2103.96,2164.77" sx="M,M,M,M"/><TAIKYOKU oya="0"/><INIT seed="0,0,0,5,2,66" ten="250,250,250,250" oya="0" hai0="11,34,23,19,122,87,127,24,33,45,135,107,103" hai1="15,96,52,131,26,21,43,73,2,97,77,22,17" hai2="41,114,99,47,25,20,110,70,113,56,68,28,121" hai3="57,37,12,36,50,91,89,84,101,86,112,130,90"/><T63/><D122/><U51/><E131/><V83/><F121/><W48/><G101/><T109/><D127/><U0/><E43/><V82/><F110/><W76/><G130/><T117/><D117/><U115/><E115/><V32/><F114/><W80/><G112/><T106/><D135/><U3/><E77/><V10/><F113/><W27/><G12/><T18/><D109/><U78/><E78/><V53/><F32/><W111/><G111/><T128/><D128/><U100/><E73/><V74/><F74/><W1/><G1/><T79/><D45/><U30/><REACH who="1" step="1"/><E100/><REACH who="1" ten="250,240,250,250" step="2"/><V119/><F119/><W120/><G120/><T134/><D103/><U49/><E49/><V60/><F41/><W62/><G36/><T125/><D79/><U98/><E98/><V46/><F99/><W31/><G37/><T108/><D108/><U72/><E72/><V61/><F61/><W123/><G123/><T129/><D63/><U9/><E9/><V40/><F10/><W81/><G76/><T126/><D11/><U7/><E7/><V94/><F40/><W5/><G5/><T4/><D4/><U58/><AGARI ba="0,1" hai="0,2,3,15,17,21,22,26,30,51,52,58,96,97" machi="58" ten="30,4000,0" yaku="1,1,0,1,54,1,53,0" doraHai="66" doraHaiUra="42" who="1" fromWho="1" sc="250,-20,240,50,250,-10,250,-10" /><INIT seed="1,0,0,4,4,71" ten="230,290,240,240" oya="1" hai0="95,46,128,27,36,40,7,100,68,73,97,62,126" hai1="6,125,133,86,31,89,51,94,42,84,131,91,66" hai2="22,116,72,124,48,41,55,44,16,14,2,81,110" hai3="107,77,15,113,49,135,10,17,8,79,50,26,1"/><U54/><E133/><V75/><F116/><W58/><G107/><T129/><D73/><U11/><E131/><N who="0" m="50249" /><D7/><U32/><E125/><V3/><F124/><W115/><G135/><T25/><D126/><U78/><E78/><V99/><F110/><W96/><G96/><T130/><N who="0" m="50257" /><T74/><DORA hai="4" /><D74/><U37/><E66/><AGARI ba="0,0" hai="25,27,36,40,46,62,66,68,95,97,100" m="50257" machi="66" ten="40,2600,0" yaku="19,1,52,1" doraHai="71,4" who="0" fromWho="1" sc="230,26,290,-26,240,0,240,0" /><INIT seed="2,0,0,4,0,130" ten="256,264,240,240" oya="2" hai0="10,70,11,33,133,60,42,88,110,44,31,99,124" hai1="16,65,107,5,22,14,113,101,122,29,108,32,6" hai2="25,97,123,48,98,90,93,64,72,21,82,114,109" hai3="17,81,34,51,26,84,56,74,76,47,117,102,119"/><V134/><F114/><W46/><G102/><T53/><D110/><U30/><E108/><V12/><F109/><W75/><G56/><T104/><D124/><U63/><E113/><V67/><F123/><W120/><G120/><T24/><D53/><U112/><E122/><V18/><F134/><W103/><G103/><N who="0" m="62591" /><D88/><U129/><E129/><V79/><F97/><W121/><G121/><T115/><D133/><U61/><E61/><V40/><REACH who="2" step="1"/><F25/><REACH who="2" ten="256,264,230,240" step="2"/><W7/><G26/><T66/><D115/><U77/><E112/><V69/><F69/><W0/><G117/><T111/><D111/><U37/><E107/><V8/><F8/><W2/><G119/><T106/><D106/><U45/><E101/><V100/><F100/><W71/><G71/><T13/><D13/><U1/><E1/><V27/><F27/><W43/><G0/><T73/><D73/><U50/><E14/><V58/><F58/><W91/><G74/><T57/><D57/><U36/><E45/><AGARI ba="0,1" hai="12,18,21,40,45,48,64,67,72,79,82,90,93,98" machi="45" ten="40,3900,0" yaku="1,1,53,1" doraHai="130" doraHaiUra="86" who="2" fromWho="1" sc="256,0,264,-39,230,49,240,0" /><INIT seed="2,1,0,5,4,105" ten="256,225,279,240" oya="2" hai0="85,51,15,90,129,46,61,23,36,81,83,104,43" hai1="123,108,132,58,24,97,70,66,89,30,39,115,134" hai2="64,60,94,95,54,37,102,120,8,110,124,93,41" hai3="122,11,28,98,38,29,25,103,47,96,48,42,100"/><V82/><F120/><W21/><G122/><T53/><D129/><U9/><E123/><V75/><F124/><W44/><G11/><T52/><D104/><U31/><E115/><V4/><F110/><W91/><G28/><T65/><D36/><U79/><E39/><V69/><F54/><W62/><G62/><T40/><D40/><U111/><E70/><V77/><F102/><W32/><G32/><T2/><D2/><U57/><E66/><V76/><F76/><W86/><G100/><T87/><D15/><U63/><E63/><V72/><F72/><W59/><G59/><N who="1" m="22538" /><E9/><V17/><F17/><W18/><G103/><T67/><D23/><N who="1" m="15647" /><E31/><V107/><F107/><W130/><G29/><T35/><D35/><U131/><E79/><V20/><F20/><W116/><G116/><T109/><D109/><N who="1" m="42059" /><E131/><V13/><REACH who="2" step="1"/><F37/><REACH who="2" ten="256,225,269,240" step="2"/><W73/><G73/><T49/><D53/><U128/><E128/><V126/><F126/><W68/><G130/><T127/><D127/><U16/><E16/><V14/><F14/><W5/><G18/><T92/><D67/><U84/><E97/><V88/><F88/><W22/><G96/><T133/><D85/><U119/><E119/><V135/><F135/><W27/><G98/><T117/><D133/><U74/><E74/><V19/><F19/><W50/><G38/><T55/><D117/><U112/><E112/><V26/><F26/><W10/><G10/><T101/><D65/><U71/><E134/><V125/><F125/><W0/><G22/><T7/><D55/><U80/><E132/><V78/><F78/><W3/><G21/><RYUUKYOKU ba="1,1" sc="256,-15,225,15,269,15,240,-15" hai1="71,80,84,89" hai2="4,8,13,41,60,64,69,75,77,82,93,94,95" /><INIT seed="2,2,1,4,1,29" ten="241,240,284,225" oya="2" hai0="108,69,104,42,103,70,25,127,13,89,38,5,56" hai1="3,43,55,40,22,79,66,96,45,1,84,51,64" hai2="48,134,94,92,105,124,7,62,30,44,33,87,123" hai3="102,14,47,125,10,18,61,59,117,119,31,109,15"/><V57/><F123/><W116/><G109/><T74/><D108/><U73/><E73/><V120/><F120/><W130/><G130/><T16/><D127/><U110/><E110/><V24/><F105/><W46/><G125/><T49/><D74/><U91/><E3/><V76/><F124/><W37/><G102/><T4/><D38/><U132/><E1/><V128/><F128/><W93/><G93/><T36/><D36/><U0/><E0/><V65/><F134/><W71/><G71/><T118/><D118/><U9/><E9/><V99/><F7/><W129/><G129/><T95/><D70/><U52/><E79/><V113/><F113/><W133/><G133/><T68/><D69/><U58/><E96/><V6/><F6/><W111/><G111/><T50/><D68/><U41/><E22/><V32/><F32/><W90/><G90/><T78/><D78/><U86/><E132/><V114/><F114/><W27/><G15/><T21/><D103/><U122/><E122/><V77/><F87/><N who="1" m="33321" /><E91/><V39/><F39/><W72/><G72/><T12/><D104/><U75/><E75/><V81/><F81/><W34/><REACH who="3" step="1"/><G37/><REACH who="3" ten="241,240,284,215" step="2"/><T20/><D13/><U112/><E112/><V115/><F115/><W101/><G101/><T8/><D89/><U67/><E58/><V106/><F106/><W131/><G131/><T97/><D95/><N who="2" m="36394" /><F99/><W63/><G63/><T54/><D97/><U53/><AGARI ba="2,2" hai="40,41,43,45,51,52,53,55,64,66,67" m="33321" machi="53" ten="40,2700,0" yaku="8,1,54,1" doraHai="29" who="1" fromWho="1" sc="241,-9,240,53,284,-15,215,-9" /><INIT seed="3,0,0,3,3,111" ten="232,293,269,206" oya="3" hai0="70,82,110,3,104,52,106,35,122,125,39,16,89" hai1="119,64,24,46,121,38,124,34,54,31,74,8,7" hai2="43,27,2,17,48,80,15,107,9,29,73,120,62" hai3="59,51,63,118,71,19,105,42,93,101,133,20,76"/><W95/><G118/><T117/><RYUUKYOKU type="yao9" ba="0,0" sc="232,0,293,0,269,0,206,0" hai0="3,16,35,39,52,70,82,89,104,106,110,117,122,125" /><INIT seed="3,1,0,1,5,134" ten="232,293,269,206" oya="3" hai0="48,118,60,64,1,113,91,123,111,3,27,76,121" hai1="50,75,101,116,81,132,49,71,14,89,98,120,86" hai2="12,124,61,39,115,135,51,88,28,107,58,112,96" hai3="97,130,119,99,133,6,95,19,4,59,87,66,56"/><W52/><G119/><T29/><D118/><U94/><E116/><V15/><F39/><W0/><G133/><T65/><D111/><U125/><E120/><V92/><F135/><W47/><G130/><T69/><D113/><U11/><E132/><V114/><F124/><W53/><G66/><T20/><D121/><U82/><E71/><V9/><F28/><W23/><G0/><T100/><D123/><U46/><E125/><V17/><F107/><W55/><G47/><T79/><D65/><U41/><E50/><V62/><REACH who="2" step="1"/><F15/><REACH who="2" ten="232,293,259,206" step="2"/><N who="3" m="9727" /><G87/><T44/><D1/><U104/><E75/><V54/><AGARI ba="1,1" hai="9,12,17,51,54,58,61,62,88,92,96,112,114,115" machi="54" ten="40,5200,0" yaku="1,1,0,1,54,1,53,0" doraHai="134" doraHaiUra="103" who="2" fromWho="2" sc="232,-14,293,-14,259,65,206,-27" /><INIT seed="4,0,0,3,5,108" ten="218,279,324,179" oya="0" hai0="116,79,9,22,5,66,134,60,7,37,77,125,42" hai1="74,6,119,8,128,41,98,2,11,10,91,101,94" hai2="49,123,135,122,97,120,71,96,92,99,15,40,70" hai3="53,21,133,51,38,33,50,54,56,115,34,16,86"/><T90/><D116/><U113/><E119/><V103/><F135/><W73/><G133/><T57/><D134/><U129/><E74/><V47/><REACH who="2" step="1"/><F15/><REACH who="2" ten="218,279,314,179" step="2"/><W55/><G73/><T31/><D125/><U112/><E2/><V36/><F36/><W20/><G38/><T58/><D37/><U100/><E6/><V12/><F12/><W17/><G55/><T45/><D5/><U95/><E41/><V106/><F106/><W104/><G104/><T127/><D127/><U64/><E64/><V117/><F117/><W102/><G102/><N who="1" m="39530" /><E95/><V69/><AGARI ba="0,1" hai="40,47,49,69,70,71,92,96,97,99,103,120,122,123" machi="69" ten="40,2700,0" yaku="1,1,0,1,53,0" doraHai="108" doraHaiUra="59" who="2" fromWho="2" sc="218,-13,279,-7,314,37,179,-7" /><INIT seed="5,0,0,1,2,100" ten="205,272,351,172" oya="1" hai0="134,3,131,66,86,29,83,47,124,118,109,40,4" hai1="80,90,87,39,77,57,105,128,108,114,9,65,103" hai2="25,93,126,38,17,28,89,72,30,117,101,14,15" hai3="92,51,106,78,59,110,10,132,135,133,115,20,8"/><U74/><E108/><V95/><F72/><W27/><G110/><T56/><D109/><U26/><E39/><V36/><F126/><W62/><G115/><T43/><D124/><U123/><E123/><V12/><F117/><W18/><G78/><T61/><D131/><U46/><E46/><V75/><F75/><W6/><G51/><T34/><D134/><U48/><E9/><V52/><F17/><W91/><G106/><T68/><D118/><U70/><E70/><V16/><F16/><W42/><G42/><T49/><D3/><U19/><E128/><V79/><F79/><W113/><G113/><T81/><D4/><U88/><E90/><V33/><F52/><N who="3" m="34151" /><G6/><T58/><D40/><U60/><E48/><V107/><F30/><W5/><G5/><T21/><D34/><U63/><E63/><V73/><F73/><W71/><G71/><T125/><D125/><U24/><E19/><V97/><REACH who="2" step="1"/><F95/><REACH who="2" ten="205,272,341,172" step="2"/><W76/><G76/><T69/><D81/><U116/><E114/><V94/><F94/><W22/><G22/><T119/><D119/><U127/><E127/><V44/><F44/><W11/><G8/><T82/><D82/><U1/><E116/><V54/><F54/><W50/><G50/><T53/><D21/><U121/><E121/><V104/><F104/><W13/><G13/><T2/><D29/><U37/><E1/><V7/><F7/><W67/><G67/><T32/><D2/><U31/><E31/><V55/><F55/><W64/><G64/><T112/><D112/><U0/><E0/><V98/><AGARI ba="0,1" hai="12,14,15,25,28,33,36,38,89,93,97,98,101,107" machi="98" ten="30,7900,0" yaku="1,1,0,1,52,1,53,1" doraHai="100" doraHaiUra="23" who="2" fromWho="2" sc="205,-20,272,-39,341,89,172,-20" /><INIT seed="6,0,0,2,3,113" ten="185,233,430,152" oya="2" hai0="96,59,66,111,131,54,21,108,27,55,30,16,13" hai1="88,1,32,64,47,135,9,37,106,117,40,0,84" hai2="69,34,81,105,121,128,20,3,65,35,83,114,85" hai3="22,101,109,24,86,39,124,79,89,95,133,73,116"/><V122/><F3/><W107/><G39/><T115/><D115/><U123/><E123/><V42/><F105/><W91/><G24/><T11/><D131/><U29/><E106/><V36/><F114/><W118/><G22/><T120/><D120/><U94/><E135/><V43/><F20/><W98/><G133/><T127/><D127/><U80/><E117/><N who="3" m="45162" /><G124/><T90/><D108/><U5/><E64/><V57/><F65/><W14/><G14/><T70/><D70/><U45/><E45/><V58/><F69/><W132/><G132/><T78/><D78/><U28/><E32/><V17/><F36/><W125/><G125/><T25/><D25/><U102/><E1/><V75/><F34/><W31/><G31/><T53/><D111/><U87/><E102/><V48/><F35/><W44/><G44/><T6/><D30/><U100/><E100/><V93/><F121/><W8/><G8/><T72/><D72/><U46/><REACH who="1" step="1"/><E47/><REACH who="1" ten="185,223,430,152" step="2"/><V82/><F122/><W92/><G109/><T15/><D66/><U38/><E38/><V110/><F110/><W10/><G10/><T2/><D2/><U71/><E71/><V49/><F58/><W99/><G73/><T51/><D27/><U126/><E126/><V41/><F57/><W119/><G119/><T103/><D103/><U68/><E68/><V12/><F75/><W52/><G52/><T130/><D130/><U63/><E63/><V62/><F62/><W112/><G112/><T74/><D74/><U129/><E129/><V56/><F128/><W60/><G60/><T76/><D59/><U134/><E134/><RYUUKYOKU ba="0,1" sc="185,-15,223,15,430,-15,152,15" hai1="0,5,9,28,29,37,40,46,80,84,87,88,94" hai3="79,86,89,91,92,95,98,99,101,107" /><INIT seed="7,1,1,3,3,27" ten="170,238,415,167" oya="3" hai0="5,131,36,25,99,55,75,54,52,88,83,60,76" hai1="114,87,123,102,74,1,24,57,97,81,14,41,117" hai2="129,72,11,32,135,110,93,130,10,43,107,112,19" hai3="125,94,105,121,85,45,59,73,98,106,22,78,66"/><W35/><G121/><T28/><D131/><N who="2" m="50186" /><F107/><W44/><G35/><T18/><D36/><U108/><E108/><V17/><F112/><W31/><G125/><T101/><D5/><U9/><E117/><V133/><F32/><W53/><G105/><T40/><D40/><U119/><E119/><V128/><F128/><W42/><G66/><T61/><D18/><U90/><E74/><V2/><F72/><W77/><G73/><T26/><D26/><U95/><E1/><V65/><F110/><W132/><G132/><T111/><D111/><U15/><E24/><V7/><F43/><W84/><G106/><T63/><D88/><U70/><E70/><V71/><F93/><W118/><G118/><T68/><D68/><U46/><E114/><V38/><F38/><W92/><G42/><T8/><D8/><U64/><E9/><V33/><F33/><W104/><G104/><T91/><D91/><U56/><E123/><V4/><F71/><W109/><G109/><T82/><D82/><U113/><E64/><V89/><F89/><N who="3" m="53287" /><G22/><T39/><D39/><U48/><E113/><V126/><F65/><W134/><G134/><N who="2" m="51209" /><F126/><W96/><G31/><T49/><D101/><U34/><E34/><V13/><AGARI ba="1,1" hai="2,4,7,10,11,13,17,19" m="51209,50186" machi="13" ten="30,7900,0" yaku="19,1,20,1,34,2" doraHai="27" who="2" fromWho="2" sc="170,-21,238,-21,415,92,167,-40" owari="149,-25.0,217,2.0,507,60.0,127,-37.0" /></mjloggm>