<mjloggm ver="2.3"><GO type="185" lobby="0"/><UN n0="%E4%B8%8A%E5%AE%B6%E3%81%AE%E6%AF%8D%E3%81%A7%E3%81%99" n1="%E5%8C%97%E5%B0%8F%E8%B7%AF%3A%E9%9A%86%E5%A4%AA" n2="%E9%9B%AA%E6%9D%91%E5%8D%83%E7%B5%B5%E8%8E%89" n3="" dan="16,16,17,0" rate="2170.47,2197.58,2287.81,1500.00" sx="F,M,F,C"/><TAIKYOKU oya="0"/><INIT seed="0,0,0,3,5,102" ten="350,350,350,0" oya="0" hai0="135,115,100,110,67,125,52,87,95,107,35,38,113" hai1="96,132,134,97,108,56,51,80,58,71,119,93,101" hai2="111,103,79,114,63,82,129,128,46,112,3,117,124" hai3=""/><T42/><D35/><U130/><E71/><V74/><F3/><T40/><D135/><N who="1" m="51755" /><E119/><V39/><F117/><T85/><D125/><U94/><E130/><N who="2" m="50283" /><F111/><T64/><D110/><U69/><E69/><V90/><F124/><T45/><D40/><U99/><E108/><V36/><F103/><T133/><D133/><U53/><E101/><V34/><F34/><T72/><D72/><U92/><E80/><V60/><F90/><T32/><D32/><U91/><E56/><V81/><F81/><T89/><D87/><AGARI ba="0,0" hai="51,53,58,87,91,92,93,94,96,97,99" m="51755" machi="87" ten="30,1000,0" yaku="20,1" doraHai="102" who="1" fromWho="0" sc="350,-10,350,10,350,0,0,0" /><INIT seed="1,0,0,0,2,38" ten="340,360,350,0" oya="1" hai0="132,48,44,50,75,121,96,110,100,65,45,71,32" hai1="106,77,133,57,70,59,122,0,35,101,66,97,37" hai2="90,99,104,68,49,67,119,43,3,93,34,118,124" hai3=""/><U105/><N who="1" m="31264" /><U54/><E0/><V83/><F34/><T109/><N who="0" m="31008" /><T64/><D75/><U98/><E35/><V1/><F124/><T72/><D72/><U55/><E37/><V2/><F104/><T123/><N who="0" m="31520" /><T91/><D91/><U84/><E133/><V41/><F83/><T127/><D32/><U130/><E130/><V82/><F82/><T116/><D132/><U39/><E39/><V73/><F73/><T40/><D127/><U135/><E135/><V47/><REACH who="2" step="1"/><F43/><REACH who="2" ten="340,360,340,0" step="2"/><T117/><D116/><U78/><E106/><V61/><AGARI ba="0,1" hai="1,2,3,41,47,49,61,67,68,90,93,99,118,119" machi="61" ten="40,6000,1" yaku="1,1,2,1,0,1,52,1,53,0" doraHai="38" doraHaiUra="81" who="2" fromWho="2" sc="340,-20,360,-40,340,70,0,0" /><INIT seed="2,0,0,4,1,50" ten="320,320,410,0" oya="2" hai0="126,91,74,115,127,42,123,114,40,2,99,113,70" hai1="80,47,54,33,44,119,81,86,101,37,93,43,73" hai2="97,35,39,124,67,102,117,87,38,0,82,134,55" hai3=""/><V100/><F0/><T68/><N who="0" m="31520" /><T125/><D74/><U133/><E33/><V60/><F117/><T61/><D2/><U132/><E119/><V76/><F35/><T108/><D108/><U32/><E32/><V77/><F134/><N who="1" m="51817" /><E73/><V66/><F124/><T56/><D91/><U71/><E71/><N who="0" m="27177" /><D99/><U116/><E116/><V130/><F130/><T53/><AGARI ba="0,0" hai="40,42,53,56,61,113,114,115,125,126,127" m="27177,31520" machi="53" ten="50,9000,2" yaku="11,1,18,1,34,2,52,2" doraHai="50" who="0" fromWho="0" sc="320,90,320,-30,410,-60,0,0" /><INIT seed="4,0,0,0,4,54" ten="410,290,350,0" oya="0" hai0="85,124,113,99,111,34,50,41,79,127,118,102,101" hai1="66,117,57,74,61,114,125,86,63,100,76,36,43" hai2="123,77,70,122,92,87,45,84,119,107,98,130,65" hai3=""/><T37/><D118/><U131/><E117/><V110/><N who="2" m="31264" /><V78/><N who="2" m="31520" /><V73/><F110/><T3/><D3/><U59/><E131/><V75/><F119/><T93/><D34/><U133/><E125/><V56/><F70/><T60/><D111/><U96/><E133/><V128/><F45/><T88/><D37/><U97/><E114/><V132/><F132/><T33/><D33/><U108/><E108/><V48/><F107/><T32/><D32/><U69/><E74/><N who="2" m="28171" /><F48/><T72/><D113/><U52/><E36/><V67/><F56/><T103/><D60/><U121/><N who="1" m="31008" /><U2/><E43/><V68/><F68/><T112/><D112/><U35/><E2/><V135/><F135/><T49/><D50/><U126/><E35/><V39/><F39/><T105/><D49/><U104/><E97/><V0/><F0/><T44/><D44/><U58/><REACH who="1" step="1"/><E126/><REACH who="1" ten="410,280,350,0" step="2"/><N who="0" m="48169" /><D41/><U91/><E91/><V64/><F130/><T134/><D134/><U46/><E46/><V47/><F47/><T94/><D72/><U80/><AGARI ba="0,1" hai="52,57,58,59,61,63,66,69,76,80,86,96,100,104" m="31008" machi="80" ten="30,9000,2" yaku="1,1,0,1,52,4,54,1,53,0" doraHai="54" doraHaiUra="90" who="1" fromWho="1" sc="410,-60,280,100,350,-30,0,0" /><INIT seed="5,0,0,3,4,51" ten="350,380,320,0" oya="1" hai0="81,43,59,115,89,49,58,100,120,93,1,95,75" hai1="132,88,60,70,117,57,3,71,106,113,73,128,123" hai2="130,87,116,114,45,65,90,41,84,77,125,53,86" hai3=""/><U32/><RYUUKYOKU type="yao9" ba="0,0" sc="350,0,380,0,320,0,0,0" hai1="3,32,57,60,70,71,73,88,106,113,117,123,128,132" /><INIT seed="5,1,0,1,1,70" ten="350,380,320,0" oya="1" hai0="102,37,36,92,127,34,32,39,118,98,94,103,64" hai1="96,76,75,71,108,48,42,35,97,109,52,56,40" hai2="89,120,62,104,90,115,100,111,79,91,38,3,60" hai3=""/><U107/><E35/><V74/><N who="2" m="30752" /><V78/><F111/><N who="1" m="42569" /><E71/><V41/><F3/><T49/><D64/><U81/><E107/><V85/><F115/><T114/><D114/><U99/><AGARI ba="1,0" hai="40,42,48,52,56,75,76,81,96,97,99" m="42569" machi="99" ten="30,2000,0" yaku="10,1,54,1" doraHai="70" who="1" fromWho="1" sc="350,-11,380,22,320,-11,0,0" /><INIT seed="5,2,0,4,5,100" ten="339,402,309,0" oya="1" hai0="62,60,116,83,35,112,93,57,2,63,65,71,91" hai1="59,49,107,37,121,48,126,67,79,50,53,55,97" hai2="111,132,94,135,133,106,43,128,66,88,38,124,69" hai3=""/><U86/><N who="1" m="31008" /><U101/><E126/><V54/><F111/><T90/><D2/><U61/><E37/><V45/><F128/><T58/><D112/><U85/><E79/><V123/><N who="2" m="31520" /><V103/><F124/><T119/><D35/><U96/><E96/><V129/><F129/><T122/><N who="0" m="31264" /><T3/><D3/><U70/><E48/><V108/><F108/><T78/><D71/><U105/><REACH who="1" step="1"/><E107/><REACH who="1" ten="339,392,309,0" step="2"/><V102/><F106/><T127/><D127/><U77/><E77/><V32/><F32/><T84/><D119/><U1/><E1/><V117/><F117/><T92/><D116/><U46/><AGARI ba="2,1" hai="46,49,50,53,55,59,61,67,70,85,86,97,101,105" m="31008" machi="46" ten="20,8000,1" yaku="1,1,0,1,7,1,52,2,53,0" doraHai="100" doraHaiUra="75" who="1" fromWho="1" sc="339,-42,392,94,309,-42,0,0" /><INIT seed="5,3,0,0,1,42" ten="297,486,267,0" oya="1" hai0="37,44,0,41,80,49,95,129,57,1,62,92,115" hai1="109,52,103,67,120,107,53,110,43,69,85,131,82" hai2="71,81,84,47,3,125,122,132,35,128,36,59,66" hai3=""/><U99/><N who="1" m="30752" /><U118/><E118/><V130/><N who="2" m="31264" /><V68/><F35/><T126/><D115/><U79/><E131/><N who="2" m="50219" /><F3/><T90/><D129/><U61/><REACH who="1" step="1"/><E43/><REACH who="1" ten="297,476,267,0" step="2"/><V2/><F2/><T76/><D0/><U94/><E94/><V63/><F132/><T119/><D119/><U114/><E114/><V65/><F125/><T45/><D126/><U34/><E34/><V58/><F71/><T135/><D135/><U112/><E112/><V56/><F68/><T104/><D104/><U46/><E46/><V91/><F65/><T123/><N who="0" m="31520" /><T88/><D1/><U54/><AGARI ba="3,1" hai="52,53,54,61,67,69,79,82,85,99,103,107,109,110" m="30752" machi="54" ten="30,8000,1" yaku="1,1,0,1,52,1,54,1,53,1" doraHai="42" doraHaiUra="100" who="1" fromWho="1" sc="297,-43,476,96,267,-43,0,0" /><INIT seed="5,4,0,1,2,59" ten="254,572,224,0" oya="1" hai0="70,120,65,44,91,96,45,93,107,101,76,122,40" hai1="119,110,131,42,117,51,82,49,56,113,36,75,95" hai2="129,126,54,109,47,43,61,68,98,123,55,106,86" hai3=""/><U58/><E95/><V39/><N who="2" m="31520" /><V135/><F109/><T85/><N who="0" m="30752" /><T127/><N who="0" m="31264" /><T92/><D127/><U2/><E82/><V32/><F32/><T128/><D128/><U50/><E75/><V3/><F3/><T0/><D0/><U97/><E2/><V77/><F126/><T64/><D76/><U33/><E97/><V67/><F129/><T99/><D40/><U53/><E33/><V62/><F135/><T115/><D115/><U71/><E71/><V132/><F132/><T35/><D35/><U104/><E104/><V125/><F125/><T1/><D1/><U37/><E131/><V94/><F106/><T89/><D70/><U87/><E87/><V103/><REACH who="2" step="1"/><F62/><REACH who="2" ten="254,572,214,0" step="2"/><T124/><D124/><U118/><E110/><V134/><F134/><T46/><AGARI ba="4,1" hai="44,45,46,64,65,85,89,91,92,93,96,99,101,107" m="31264,30752" machi="46" ten="30,3000,0" yaku="0,1,52,2" doraHai="59" who="0" fromWho="0" sc="254,48,572,-24,214,-14,0,0" /><INIT seed="6,0,0,1,0,59" ten="302,548,200,0" oya="2" hai0="81,100,67,39,51,72,131,95,78,46,55,119,76" hai1="134,77,92,43,40,130,107,109,65,38,121,53,70" hai2="47,87,108,113,89,1,132,64,88,73,61,96,79" hai3=""/><V111/><F1/><T48/><D131/><U58/><E92/><V124/><F124/><T66/><D39/><U128/><E77/><V106/><F113/><T62/><D119/><U45/><N who="1" m="31008" /><U126/><E107/><V85/><F132/><T125/><D125/><U36/><E126/><V42/><F73/><T34/><D34/><U98/><E98/><V0/><F0/><T33/><D33/><U60/><E134/><V129/><F129/><N who="1" m="49769" /><E109/><N who="2" m="42059" /><F79/><T49/><D76/><U135/><E135/><V83/><F106/><T114/><D114/><U63/><E40/><V74/><F74/><T101/><D67/><U84/><E84/><N who="2" m="32331" /><F96/><T102/><REACH who="0" step="1"/><D95/><REACH who="0" ten="292,548,200,0" step="2"/><U35/><E35/><V99/><F99/><T115/><D115/><U50/><AGARI ba="0,1" hai="36,38,43,45,50,53,58,60,63,65,70" m="49769,31008" machi="50" ten="30,9000,2" yaku="19,1,34,2,52,3" doraHai="59" who="1" fromWho="1" sc="292,-30,548,100,200,-60,0,0" owari="262,-14.0,648,60.0,140,-46.0,0,0.0" /></mjloggm>