<mjloggm ver="2.3"><GO type="225" lobby="0"/><UN n0="%48%61%6C%63%79%6F%6E" n1="%E7%AB%8B%E7%9B%B4%E5%A5%BD%E6%A3%92%40%E5%BF%98" n2="%E7%AD%89%E3%80%85%E5%8A%9B%E5%8A%87%E5%A0%B4" n3="%E3%83%89%E3%83%A9%E3%81%8F%E3%82%8C" dan="16,17,16,17" rate="2076.41,2244.58,2085.69,2166.64" sx="M,M,M,M"/><TAIKYOKU oya="0"/><INIT seed="0,0,0,5,3,15" ten="250,250,250,250" oya="0" hai0="48,135,129,117,35,4,31,25,49,12,107,13,131" hai1="79,76,123,75,37,36,24,66,119,84,101,11,19" hai2="22,97,70,0,23,73,57,2,16,10,9,3,5" hai3="102,112,118,21,113,74,55,58,62,110,34,114,89"/><T51/><D117/><U133/><E119/><V82/><F70/><W90/><G34/><T67/><D107/><U68/><E123/><V98/><F57/><W93/><G118/><T91/><D135/><U104/><E133/><V109/><F109/><W54/><G74/><T86/><D67/><U32/><E79/><V78/><F23/><W127/><G127/><T88/><D91/><U108/><E84/><V28/><F28/><W1/><G1/><T111/><D111/><U95/><E95/><V120/><F120/><W122/><G122/><T81/><REACH who="0" step="1"/><D4/><REACH who="0" ten="240,250,250,250" step="2"/><U96/><E108/><V100/><F5/><W134/><G134/><T53/><D53/><U50/><E66/><V126/><F126/><W56/><G110/><T42/><D42/><U87/><E87/><BYE who="1" /><V43/><F43/><W29/><G102/><T121/><D121/><U103/><E103/><V71/><F71/><UN n1="%E7%AB%8B%E7%9B%B4%E5%A5%BD%E6%A3%92%40%E5%BF%98" /><W33/><G90/><T94/><D94/><U8/><E101/><V80/><F82/><W41/><G41/><T92/><D92/><U105/><E104/><V125/><F125/><W63/><G114/><T60/><D60/><U39/><E105/><V46/><F100/><W52/><G55/><T20/><D20/><U18/><E75/><V59/><F73/><W85/><REACH who="3" step="1"/><G21/><REACH who="3" ten="240,250,250,240" step="2"/><T40/><D40/><U132/><E132/><V14/><F22/><W30/><G30/><T116/><D116/><U6/><E76/><V72/><F78/><W128/><G128/><AGARI ba="0,2" hai="12,13,25,31,35,48,49,51,81,86,88,128,129,131" machi="128" ten="40,7700,0" yaku="1,1,19,1,54,1,53,0" doraHai="15" doraHaiUra="115" who="0" fromWho="3" sc="240,97,250,0,250,0,240,-77" /><INIT seed="0,1,0,4,1,11" ten="337,250,250,163" oya="0" hai0="48,18,105,33,65,111,72,51,16,46,117,89,66" hai1="37,113,54,78,56,76,100,74,125,69,99,42,28" hai2="134,116,90,95,8,44,27,6,35,104,101,91,75" hai3="108,29,36,84,14,124,4,102,135,0,70,45,15"/><T115/><D33/><U58/><E69/><V30/><F75/><W93/><G70/><T103/><D72/><U118/><E118/><V130/><F130/><W23/><G135/><T87/><D117/><U5/><E125/><V82/><F116/><W7/><G124/><T53/><D115/><U67/><E113/><V34/><F134/><W22/><G108/><T71/><D111/><U38/><E28/><V9/><F35/><W106/><G106/><T63/><D66/><U10/><E67/><V64/><F104/><W47/><G36/><T80/><D103/><U32/><E32/><V123/><F123/><W81/><G0/><T59/><D105/><U119/><E119/><V57/><F9/><W94/><G102/><T1/><REACH who="0" step="1"/><D1/><REACH who="0" ten="327,250,250,163" step="2"/><U121/><E74/><V88/><F101/><W61/><G29/><T112/><D112/><U19/><E100/><V97/><F64/><W92/><G61/><T85/><D85/><U17/><E121/><V20/><F30/><W41/><G41/><AGARI ba="1,1" hai="16,18,41,46,48,51,53,59,63,65,71,80,87,89" machi="41" ten="30,5800,0" yaku="1,1,7,1,54,1,53,0" doraHai="11" doraHaiUra="127" who="0" fromWho="3" sc="327,71,250,0,250,0,163,-61" /><INIT seed="0,2,0,1,2,52" ten="398,250,250,102" oya="0" hai0="130,57,69,115,30,14,62,72,19,106,76,5,22" hai1="53,118,24,110,127,67,123,73,50,3,101,132,37" hai2="91,83,59,0,88,7,100,20,84,104,95,2,34" hai3="119,65,26,128,13,18,32,39,48,12,90,75,41"/><T1/><D106/><U51/><E3/><V82/><F34/><W60/><G119/><T129/><D115/><U21/><E73/><V107/><F0/><W25/><G128/><T99/><D69/><U61/><E123/><V31/><F107/><W81/><G39/><T114/><D114/><U68/><E118/><V135/><F135/><W93/><G75/><T122/><D122/><U28/><E132/><V112/><F112/><W38/><G81/><T131/><D30/><U70/><E110/><V42/><F104/><W15/><G38/><T11/><D99/><U121/><E121/><V44/><F100/><W94/><G32/><T97/><D97/><U45/><E127/><V108/><F108/><W109/><G109/><T117/><D117/><U66/><E101/><V46/><F46/><N who="3" m="25679" /><G18/><T29/><D29/><U8/><E8/><V23/><F31/><W55/><G65/><N who="0" m="39119" /><D72/><U49/><E37/><V4/><F82/><W74/><G74/><T116/><D116/><U96/><E96/><V17/><F2/><W64/><G64/><T80/><D80/><U98/><E98/><V43/><F83/><W92/><G90/><T71/><D71/><U77/><E77/><AGARI ba="2,0" hai="1,5,11,14,19,22,76,77,129,130,131" m="39119" machi="77" ten="30,2900,0" yaku="19,1,52,1" doraHai="52" who="0" fromWho="1" sc="398,35,250,-35,250,0,102,0" /><INIT seed="0,3,0,2,3,55" ten="433,215,250,102" oya="0" hai0="128,54,76,135,113,67,125,7,101,41,65,78,96" hai1="23,6,50,118,94,115,102,52,57,49,88,134,11" hai2="1,13,82,21,108,81,8,119,123,97,120,127,68" hai3="61,36,107,92,44,14,10,20,71,126,17,32,90"/><T24/><D113/><U26/><E118/><V116/><F68/><W83/><G126/><T4/><D125/><U33/><E33/><V91/><F127/><W112/><G107/><T27/><D41/><U93/><E134/><V122/><F1/><W45/><G112/><T111/><D135/><U47/><E115/><V18/><F108/><W66/><G32/><T103/><D128/><U64/><E102/><V15/><F97/><W5/><G83/><T22/><D54/><U70/><E70/><V37/><F37/><W31/><G31/><T121/><D22/><U48/><E93/><V19/><REACH who="2" step="1"/><F91/><REACH who="2" ten="433,215,240,102" step="2"/><W124/><G36/><T46/><D96/><U30/><E47/><V95/><F95/><W25/><REACH who="3" step="1"/><G124/><REACH who="3" ten="433,215,240,92" step="2"/><T9/><D111/><U114/><E114/><V38/><F38/><W109/><BYE who="2" /><G109/><T60/><D78/><U110/><E110/><V75/><F75/><W74/><G74/><T131/><D76/><U79/><E79/><V29/><F29/><W12/><G12/><T16/><D131/><U84/><E64/><V100/><F100/><W87/><AGARI ba="3,2" hai="5,10,14,17,20,25,44,45,61,66,71,87,90,92" machi="87" ten="20,5200,0" yaku="1,1,0,1,7,1,53,1" doraHai="55" doraHaiUra="63" who="3" fromWho="3" sc="433,-29,215,-16,240,-16,92,81" /><INIT seed="1,0,0,2,0,112" ten="404,199,224,173" oya="1" hai0="5,114,22,121,87,34,75,115,108,66,125,81,109" hai1="13,82,134,76,71,104,37,36,128,103,70,49,86" hai2="130,132,113,96,10,29,101,53,50,47,58,111,106" hai3="31,95,60,39,124,46,83,63,85,12,4,69,122"/><U80/><E80/><V51/><F51/><W54/><G122/><T84/><D34/><U41/><E128/><V2/><F2/><W105/><G105/><T56/><D5/><UN n2="%E7%AD%89%E3%80%85%E5%8A%9B%E5%8A%87%E5%A0%B4" /><U25/><E134/><V77/><F113/><W35/><G124/><T118/><D125/><U59/><E25/><V16/><F111/><W65/><G95/><T14/><D121/><U78/><E78/><V62/><F130/><W26/><G4/><T117/><D75/><U17/><E37/><V23/><F132/><W11/><BYE who="2" /><G39/><UN n2="%E7%AD%89%E3%80%85%E5%8A%9B%E5%8A%87%E5%A0%B4" /><T102/><D102/><U8/><E36/><V68/><F68/><W120/><G120/><T33/><D33/><U7/><E17/><V48/><F29/><W6/><G46/><T57/><D81/><U107/><E59/><V0/><F77/><W9/><G9/><T21/><D14/><U98/><REACH who="1" step="1"/><E104/><REACH who="1" ten="404,189,224,173" step="2"/><V55/><F16/><W24/><G26/><T127/><D127/><U32/><E32/><V79/><F79/><W45/><G45/><AGARI ba="0,1" hai="7,8,13,41,45,49,70,71,76,82,86,98,103,107" machi="45" ten="40,7700,0" yaku="1,1,25,2,53,0" doraHai="112" doraHaiUra="19" who="1" fromWho="3" sc="404,0,189,87,224,0,173,-77" /><INIT seed="1,1,0,4,1,91" ten="404,276,224,96" oya="1" hai0="3,59,112,39,12,125,9,25,119,28,18,23,127" hai1="76,31,20,121,56,88,44,113,65,96,82,5,109" hai2="78,98,40,131,27,51,37,36,58,24,99,85,81" hai3="48,83,47,116,29,92,77,11,60,93,61,126,54"/><U89/><E113/><V66/><F131/><W79/><G116/><T71/><D71/><U135/><E121/><V19/><F37/><W13/><G126/><N who="0" m="48139" /><D39/><U46/><E5/><V30/><F36/><W38/><G38/><T114/><D119/><U94/><E135/><V53/><F40/><W41/><G29/><T55/><D3/><U87/><E109/><V130/><F130/><W108/><G108/><T70/><D70/><U103/><E46/><V101/><F66/><W49/><G60/><AGARI ba="1,0" hai="9,12,18,23,25,28,55,59,60,112,114" m="48139" machi="60" ten="30,1000,0" yaku="18,1" doraHai="91" who="0" fromWho="3" sc="404,13,276,0,224,0,96,-13" /><INIT seed="2,0,0,1,2,117" ten="417,276,224,83" oya="2" hai0="5,129,78,8,67,62,77,115,46,66,28,82,20" hai1="101,23,49,36,65,120,35,131,89,53,50,128,85" hai2="111,80,2,18,38,31,118,69,94,134,99,17,119" hai3="123,52,4,116,1,22,44,105,102,55,39,107,106"/><V45/><F2/><W25/><G116/><T0/><D129/><N who="1" m="49739" /><E35/><V42/><F69/><W113/><G113/><T103/><D115/><U68/><E101/><V59/><F134/><W43/><G102/><T87/><D103/><U60/><E36/><V54/><F111/><W112/><G112/><T14/><D46/><N who="1" m="27831" /><E23/><V91/><F119/><W34/><G34/><T108/><D108/><U40/><E85/><V92/><F118/><W126/><G126/><T72/><D72/><U104/><E89/><V41/><F41/><W127/><G127/><T81/><D81/><U98/><E98/><V13/><F31/><W100/><G100/><T121/><D28/><U86/><E86/><V97/><F80/><W70/><G70/><T133/><D87/><U19/><E19/><V79/><F79/><W47/><G47/><T30/><D78/><U84/><E84/><V26/><F26/><W57/><G57/><T130/><D30/><U37/><E104/><V122/><F122/><W21/><BYE who="2" /><G123/><UN n2="%E7%AD%89%E3%80%85%E5%8A%9B%E5%8A%87%E5%A0%B4" /><T74/><D121/><U61/><E120/><V33/><F33/><W48/><G39/><T63/><D130/><U109/><E109/><V135/><F135/><W114/><G114/><T90/><D133/><U64/><E37/><V29/><F29/><N who="3" m="17583" /><G22/><T58/><D20/><U132/><E132/><V88/><REACH who="2" step="1"/><F13/><REACH who="2" ten="417,276,214,83" step="2"/><W110/><G110/><T16/><D14/><U124/><E124/><V10/><F10/><N who="3" m="2319" /><G43/><T3/><D3/><U15/><E15/><V83/><F83/><W93/><G93/><T6/><D82/><U7/><E68/><V9/><F9/><W56/><G107/><RYUUKYOKU ba="0,1" sc="417,-15,276,-15,214,15,83,15" hai2="17,18,38,42,45,54,59,88,91,92,94,97,99" hai3="44,48,52,55,56,105,106" /><INIT seed="2,1,1,4,1,66" ten="402,261,229,98" oya="2" hai0="135,110,87,69,53,72,109,119,118,10,96,98,56" hai1="39,23,133,4,102,1,54,105,106,3,60,93,107" hai2="124,42,64,117,92,8,24,40,121,130,131,37,61" hai3="65,73,134,0,45,35,14,75,74,94,86,79,101"/><V116/><F92/><W111/><G0/><T5/><D72/><U62/><E39/><V18/><F24/><W29/><G35/><T57/><D69/><U17/><E133/><V76/><F76/><W100/><G29/><T26/><D135/><U88/><E102/><N who="3" m="39530" /><G14/><T128/><D128/><N who="2" m="49194" /><F18/><W129/><G45/><T38/><D38/><U9/><E3/><V30/><F8/><W48/><G48/><T12/><D87/><U13/><REACH who="1" step="1"/><E54/><REACH who="1" ten="402,251,229,98" step="2"/><V132/><F37/><W126/><G129/><T95/><D53/><U21/><E21/><V82/><F132/><W115/><G134/><T33/><D33/><U104/><N who="1" m="26624" /><DORA hai="22" /><U103/><E103/><V50/><F42/><W25/><G115/><T11/><D11/><U108/><E108/><V28/><F40/><W49/><G111/><T63/><D110/><U41/><E41/><V44/><F117/><W127/><G126/><T51/><D118/><U84/><AGARI ba="1,2" hai="1,4,9,13,17,23,60,62,84,88,93" m="26624" machi="84" ten="60,8000,1" yaku="1,1,0,1,54,1,53,1" doraHai="66,22" doraHaiUra="31,80" who="1" fromWho="1" sc="402,-21,251,103,229,-41,98,-21" /><INIT seed="3,0,0,4,0,16" ten="381,354,188,77" oya="3" hai0="22,7,68,14,103,119,10,60,35,135,69,72,85" hai1="4,52,125,90,39,66,101,121,44,27,28,79,76" hai2="80,11,33,48,67,3,20,6,112,132,71,41,126" hai3="82,75,46,109,12,1,110,34,104,127,84,30,98"/><W32/><G1/><T113/><D72/><U59/><E121/><V70/><F33/><W43/><G75/><T96/><D119/><U77/><E101/><V108/><F112/><W58/><G127/><T97/><D35/><U122/><E122/><V50/><F108/><N who="3" m="41579" /><G30/><T2/><D113/><U9/><E125/><V78/><F126/><W5/><G58/><T15/><D2/><U57/><E66/><V115/><F115/><W0/><G0/><T38/><D38/><U73/><E73/><V13/><F132/><W133/><G133/><T8/><D85/><U29/><E90/><V42/><F70/><W94/><G104/><T114/><D114/><U37/><E37/><V93/><F71/><W89/><G12/><T23/><D135/><U118/><E118/><V106/><F106/><W74/><G5/><T124/><D124/><U54/><E39/><V56/><F3/><W131/><G74/><T81/><D81/><U87/><E44/><V21/><F56/><W64/><G64/><T117/><D117/><U129/><E59/><V63/><F67/><W17/><G17/><T123/><D7/><U102/><E57/><V36/><F6/><W88/><G131/><T18/><D18/><U49/><E129/><V120/><F13/><W130/><G130/><T134/><D134/><U25/><E28/><V116/><F120/><W53/><G53/><T92/><D123/><U47/><E29/><V51/><F116/><W91/><G91/><T19/><D69/><U105/><E54/><V107/><F107/><W26/><G26/><T95/><D68/><U45/><E27/><RYUUKYOKU ba="0,0" sc="381,-10,354,-10,188,-10,77,30" hai3="32,34,43,46,82,84,88,89,94,98" /><INIT seed="3,1,0,4,0,125" ten="371,344,178,107" oya="3" hai0="79,132,85,133,16,68,110,115,108,21,3,13,131" hai1="53,66,45,8,4,130,129,80,37,101,92,111,18" hai2="126,89,17,93,116,87,33,107,34,35,77,19,117" hai3="48,28,65,90,30,97,29,43,124,24,64,25,57"/><W123/><G123/><T9/><D131/><N who="1" m="50187" /><E66/><N who="3" m="25706" /><G124/><T59/><D68/><U2/><E111/><N who="0" m="42537" /><D59/><U44/><E80/><V78/><F126/><W98/><G90/><T46/><D115/><U56/><E37/><V27/><F107/><W95/><G95/><T113/><D113/><U135/><E135/><V86/><F93/><W0/><G0/><T32/><D32/><U120/><E120/><V71/><F34/><W99/><G57/><T38/><D85/><U119/><E119/><V26/><F71/><W12/><G12/><T104/><D79/><U39/><E39/><V118/><F116/><W55/><G55/><T69/><D69/><U67/><E67/><V5/><F117/><W96/><N who="3" m="24576" /><DORA hai="100" /><W52/><G43/><N who="0" m="22903" /><D104/><U75/><E75/><V62/><F118/><W105/><G105/><T40/><D40/><U88/><E101/><V60/><F89/><W14/><G14/><N who="0" m="9367" /><D3/><U73/><E73/><V47/><F77/><W58/><AGARI ba="1,0" hai="24,25,28,29,30,48,52,58" m="24576,25706" machi="58" ten="50,4800,0" yaku="8,1,54,1" doraHai="125,100" who="3" fromWho="3" sc="371,-17,344,-17,178,-17,107,51" /><INIT seed="3,2,0,5,2,125" ten="354,327,161,158" oya="3" hai0="51,128,94,76,108,112,11,132,56,133,7,135,68" hai1="75,69,87,130,124,16,44,54,57,79,127,97,100" hai2="3,85,30,93,78,105,62,114,106,120,21,117,73" hai3="45,110,47,89,6,0,42,55,67,113,15,39,9"/><W49/><G110/><T82/><D128/><U74/><E69/><V104/><F114/><W2/><G113/><T46/><D68/><U18/><E44/><V91/><F117/><W119/><G119/><T43/><D112/><U14/><E130/><V81/><F3/><W134/><G134/><T38/><D108/><U31/><E31/><V115/><F115/><W23/><G67/><T99/><D56/><U123/><E123/><V41/><F120/><W111/><G111/><T63/><D63/><N who="1" m="36279" /><E87/><V95/><F41/><W34/><G34/><T90/><D38/><U88/><E79/><V26/><REACH who="2" step="1"/><F62/><REACH who="2" ten="354,327,151,158" step="2"/><W64/><G64/><T77/><D135/><U83/><E124/><V20/><F20/><W17/><REACH who="3" step="1"/><G89/><REACH who="3" ten="354,327,151,148" step="2"/><T131/><D90/><U8/><E88/><V102/><F102/><W12/><AGARI ba="2,2" hai="0,2,6,9,12,15,17,23,39,42,45,47,49,55" machi="12" ten="20,18000,2" yaku="1,1,2,1,0,1,7,1,53,2" doraHai="125" doraHaiUra="10" who="3" fromWho="3" sc="354,-62,327,-62,151,-62,148,206" owari="292,9.0,265,-13.0,89,-41.0,354,45.0" /></mjloggm>