<mjloggm ver="2.3"><GO type="169" lobby="0"/><UN n0="%E3%82%BB%E3%83%B3%E3%82%B4%E3%82%AF" n1="%E9%9D%92%E5%B1%B1%E5%AD%A6%E9%99%A2%EF%BC%94%E5%B9%B4" n2="%E7%9B%B4%E6%84%9F%E7%B2%BE%E8%AA%AD" n3="%E4%BD%90%E3%80%85%E6%9C%A8%E5%AF%BF%E4%BA%BA%50" dan="16,17,18,16" rate="2090.47,2184.00,2251.51,2173.10" sx="M,M,M,M"/><TAIKYOKU oya="0"/><INIT seed="0,0,0,2,0,114" ten="250,250,250,250" oya="0" hai0="73,36,17,100,72,65,97,69,5,21,90,117,110" hai1="70,105,7,31,61,66,113,50,75,56,30,55,35" hai2="40,125,120,44,127,112,38,101,86,14,51,129,59" hai3="67,3,41,71,122,33,85,80,91,124,26,20,83"/><T53/><D117/><U81/><E113/><V131/><F101/><W94/><G122/><T93/><D36/><U111/><E105/><V60/><F112/><W18/><G124/><N who="2" m="47689" /><F86/><W77/><G3/><T2/><D110/><U74/><E111/><V19/><F14/><W95/><G33/><T115/><D115/><U45/><E7/><V78/><F78/><W57/><G71/><T89/><D89/><U28/><E35/><V132/><F19/><W9/><G41/><T47/><D65/><U43/><REACH who="1" step="1"/><E81/><REACH who="1" ten="250,240,250,250" step="2"/><V62/><F120/><W96/><G83/><T16/><D5/><U6/><E6/><V27/><F27/><W23/><G80/><T118/><D2/><U109/><E109/><V133/><F38/><AGARI ba="0,1" hai="28,30,31,38,43,45,50,55,56,61,66,70,74,75" machi="38" ten="40,5200,0" yaku="1,1,24,2,53,0" doraHai="114" doraHaiUra="8" who="1" fromWho="2" sc="250,0,240,62,250,-52,250,0" /><INIT seed="1,0,0,2,4,62" ten="250,302,198,250" oya="1" hai0="117,95,31,1,60,135,66,35,132,7,73,81,9" hai1="88,43,122,78,22,2,89,10,84,8,42,64,12" hai2="85,103,91,5,107,44,63,40,71,70,52,47,27" hai3="30,68,97,59,46,98,124,16,129,37,82,61,126"/><U25/><E122/><V6/><F27/><W131/><G68/><T11/><D117/><U101/><E101/><V57/><F70/><W20/><G30/><T51/><D51/><U75/><E75/><V76/><F76/><W74/><G74/><T36/><D95/><U4/><E78/><V106/><F71/><W92/><G82/><T29/><D11/><U133/><E133/><N who="0" m="51273" /><D36/><U94/><E64/><V86/><F47/><W128/><G46/><T123/><D123/><U72/><E72/><V19/><F19/><W83/><G83/><T69/><D35/><U115/><E115/><V79/><F79/><AGARI ba="0,0" hai="1,7,9,29,31,60,66,69,73,79,81" m="51273" machi="79" ten="30,2000,0" yaku="20,1,52,1" doraHai="62" who="0" fromWho="2" sc="250,20,302,0,198,-20,250,0" /><INIT seed="2,0,0,5,3,63" ten="270,302,178,250" oya="2" hai0="19,27,14,83,0,99,47,67,133,60,43,61,105" hai1="97,80,76,36,45,88,116,106,82,50,112,57,9" hai2="21,16,121,124,4,34,22,131,17,132,81,125,77" hai3="114,40,54,69,91,84,118,42,123,66,130,20,56"/><V119/><F119/><W51/><G118/><T10/><D133/><U33/><E116/><V65/><F121/><W25/><G123/><T55/><D0/><U62/><E33/><V98/><F34/><W93/><G130/><T71/><D83/><U107/><E36/><V74/><F131/><W110/><G110/><T2/><D2/><U32/><E32/><V15/><F132/><W134/><G134/><T73/><D73/><U102/><E112/><V28/><F28/><W127/><G127/><N who="2" m="48713" /><F98/><W126/><G126/><T26/><D99/><U58/><E107/><V49/><F49/><W7/><G7/><T128/><D105/><U12/><E76/><V5/><F65/><W94/><G114/><T48/><D128/><U6/><E88/><V52/><F52/><W89/><G66/><T90/><D90/><U31/><E31/><V29/><F29/><N who="3" m="17575" /><G69/><T64/><D55/><U129/><E129/><V96/><F96/><AGARI ba="0,0" hai="40,42,51,54,56,84,89,91,93,94,96" m="17575" machi="96" ten="30,1000,0" yaku="8,1" doraHai="63" who="3" fromWho="2" sc="270,0,302,0,178,-10,250,10" /><INIT seed="3,0,0,0,3,39" ten="270,302,168,260" oya="3" hai0="47,16,107,85,101,1,119,81,44,79,91,37,78" hai1="82,117,100,34,98,5,8,89,71,69,3,74,29" hai2="77,108,99,40,70,21,84,83,97,134,14,109,13" hai3="95,67,75,93,46,51,28,92,64,132,87,106,27"/><W63/><G75/><T25/><D1/><U115/><E115/><V124/><F70/><W86/><G106/><T38/><D119/><U129/><E129/><V42/><F134/><W61/><G132/><T20/><D37/><U105/><E89/><V4/><F124/><W11/><G11/><T18/><D18/><U102/><E100/><V68/><F68/><W49/><G27/><T65/><D65/><N who="3" m="25161" /><G28/><T7/><D7/><U80/><E80/><V126/><F126/><W130/><G130/><T50/><D38/><U123/><E123/><V10/><F21/><W114/><G114/><T2/><D2/><U59/><E59/><V6/><F13/><W62/><G46/><T90/><D44/><U60/><E117/><V111/><F4/><W53/><G53/><T26/><D26/><N who="1" m="18743" /><E60/><V52/><F52/><W35/><G35/><T120/><D120/><U118/><E118/><V103/><REACH who="2" step="1"/><F99/><REACH who="2" ten="270,302,158,260" step="2"/><W23/><G23/><T12/><D12/><U55/><E55/><V19/><F19/><W110/><G110/><T76/><D16/><U36/><E71/><V94/><AGARI ba="0,1" hai="6,10,14,40,42,77,83,84,94,97,103,108,109,111" machi="94" ten="30,8000,1" yaku="1,1,0,1,14,1,52,2,53,0" doraHai="39" doraHaiUra="41" who="2" fromWho="2" sc="270,-20,302,-20,158,90,260,-40" /><INIT seed="4,0,0,3,1,92" ten="250,282,248,220" oya="0" hai0="48,40,105,19,88,78,130,97,46,47,20,31,74" hai1="51,101,70,89,72,34,96,81,112,71,52,7,9" hai2="29,17,133,85,111,100,68,124,129,49,86,83,134" hai3="27,93,102,36,16,25,69,63,95,26,76,62,10"/><T37/><D130/><U14/><E34/><V0/><F111/><W99/><G36/><T54/><D31/><U126/><E126/><V39/><F39/><W5/><G76/><T56/><D78/><U11/><E112/><V1/><F68/><W127/><G127/><T114/><D74/><U128/><E128/><V21/><F29/><W106/><G69/><T87/><D114/><U18/><E72/><V50/><F100/><W12/><G106/><T104/><D46/><U98/><E71/><V108/><F124/><W103/><REACH who="3" step="1"/><G5/><REACH who="3" ten="250,282,248,210" step="2"/><T24/><REACH who="0" step="1"/><D97/><AGARI ba="0,1" hai="10,12,16,25,26,27,62,63,93,95,97,99,102,103" machi="97" ten="40,12000,2" yaku="1,1,2,1,9,1,8,1,52,2,54,1,53,0" doraHai="92" doraHaiUra="28" who="3" fromWho="0" sc="250,-120,282,0,248,0,210,130" /><INIT seed="5,0,0,5,3,78" ten="130,282,248,340" oya="1" hai0="95,43,50,53,129,80,12,127,54,23,34,70,3" hai1="67,101,26,107,94,32,46,59,57,124,60,47,64" hai2="108,19,103,122,35,8,0,14,61,68,65,29,128" hai3="28,79,22,135,115,89,100,97,27,121,110,91,120"/><U131/><E124/><V85/><F122/><W98/><G110/><T118/><D70/><U51/><E131/><V74/><F74/><W7/><G135/><T125/><D129/><U49/><E107/><V15/><F128/><W86/><G115/><T104/><D104/><U96/><E32/><V112/><F108/><W52/><G7/><T66/><D34/><U4/><E4/><V10/><F0/><W105/><G98/><T130/><D130/><U116/><E116/><V18/><F103/><W25/><G25/><T92/><D3/><U42/><E26/><V17/><F112/><W77/><G91/><T33/><D33/><U83/><E83/><V63/><F35/><W113/><G113/><T1/><D1/><U123/><E123/><V16/><F29/><W11/><G11/><T81/><D66/><U73/><E73/><V69/><F85/><W37/><G37/><T56/><D118/><U106/><E106/><V82/><F82/><N who="0" m="31850" /><D43/><U119/><E119/><V5/><F5/><W117/><G117/><T48/><D127/><U44/><E42/><V93/><F93/><W99/><G105/><T55/><D125/><U109/><E109/><V21/><F21/><W58/><G120/><T40/><D40/><U39/><E39/><V24/><F24/><W6/><G121/><T38/><D38/><U45/><N who="1" m="11264" /><DORA hai="76" /><U132/><E132/><V20/><F20/><W2/><G2/><T30/><D30/><U90/><E90/><V62/><F68/><W13/><G27/><T126/><D126/><U84/><E84/><V133/><F133/><W9/><G28/><RYUUKYOKU ba="0,0" sc="130,-15,282,15,248,15,340,-15" hai1="49,51,57,59,60,64,67,94,96,101" hai2="8,10,14,15,16,17,18,19,61,62,63,65,69" /><INIT seed="5,1,0,2,0,71" ten="115,297,263,325" oya="1" hai0="1,63,76,83,75,77,120,127,30,55,61,90,50" hai1="125,117,105,10,73,126,6,48,134,106,7,53,57" hai2="41,99,92,107,65,116,130,34,60,132,49,95,109" hai3="67,123,94,121,28,135,45,96,19,31,52,59,119"/><U86/><E117/><V100/><F116/><W5/><G135/><T11/><D127/><N who="1" m="48651" /><E73/><V108/><F132/><W122/><G119/><T113/><D113/><U110/><E134/><V79/><F79/><W21/><G5/><N who="1" m="1546" /><E110/><V80/><F80/><W24/><G67/><T0/><D11/><U17/><E86/><V129/><F34/><W32/><G45/><T22/><D120/><U46/><E57/><V15/><F109/><W98/><G32/><T14/><D75/><U124/><E124/><V39/><F108/><W131/><G131/><T20/><D83/><U72/><E72/><V112/><F112/><W51/><REACH who="3" step="1"/><G98/><REACH who="3" ten="115,297,263,315" step="2"/><T26/><D1/><U81/><E46/><V8/><F129/><W68/><G68/><T13/><D0/><U44/><E44/><V4/><F130/><W111/><G111/><T40/><D40/><U74/><E53/><V43/><F43/><W93/><G93/><T133/><D133/><U37/><E106/><V128/><F128/><W42/><G42/><T66/><D66/><U114/><E105/><V16/><F107/><W58/><G58/><T47/><D47/><U64/><E64/><V69/><F95/><W115/><G115/><T56/><D56/><U23/><E114/><V18/><F41/><W118/><G118/><T25/><D55/><U9/><E81/><V89/><F69/><W97/><G97/><T2/><D2/><U82/><E82/><V36/><F65/><W85/><G85/><T84/><D84/><U102/><E74/><V88/><F99/><W91/><AGARI ba="1,1" hai="19,21,24,28,31,51,52,59,91,94,96,121,122,123" machi="91" ten="30,8000,1" yaku="1,1,0,1,54,1,53,2" doraHai="71" doraHaiUra="27" who="3" fromWho="3" sc="115,-21,297,-41,263,-21,315,93" /><INIT seed="6,0,0,4,4,88" ten="94,256,242,408" oya="2" hai0="102,23,97,114,107,93,131,14,96,108,29,85,79" hai1="122,62,95,125,128,86,116,112,78,35,10,87,68" hai2="48,120,17,52,64,98,135,91,20,1,75,63,53" hai3="76,133,45,69,65,18,61,70,57,37,58,101,77"/><V117/><F117/><W38/><G133/><T83/><D108/><U4/><E35/><V132/><F75/><W80/><G101/><T126/><D114/><U90/><E116/><V28/><F1/><W0/><G0/><T27/><D131/><U73/><E73/><V84/><F28/><W100/><G100/><T119/><D126/><U36/><E36/><V26/><F98/><W82/><G18/><T21/><D119/><U51/><E112/><V15/><F120/><W129/><G45/><T92/><D97/><U30/><E30/><V9/><F48/><W19/><G19/><T111/><D111/><U105/><E105/><V71/><F9/><W110/><G61/><T39/><D39/><U59/><E128/><V41/><F41/><W49/><G49/><T104/><REACH who="0" step="1"/><D107/><REACH who="0" ten="84,256,242,408" step="2"/><U81/><E125/><V121/><F121/><W60/><G129/><T42/><D42/><U6/><E122/><V22/><F132/><W25/><G110/><T103/><D103/><U44/><E68/><V13/><F135/><W40/><G40/><T46/><D46/><U3/><E44/><V11/><F71/><W106/><G70/><T134/><D134/><U72/><E59/><V115/><F115/><W34/><G69/><T16/><AGARI ba="0,1" hai="14,16,21,23,27,29,79,83,85,92,93,96,102,104" machi="16" ten="30,8000,1" yaku="1,1,0,1,52,2,54,1,53,0" doraHai="88" doraHaiUra="55" who="0" fromWho="0" sc="84,90,256,-20,242,-40,408,-20" /><INIT seed="7,0,0,5,2,86" ten="174,236,202,388" oya="3" hai0="13,28,43,125,135,23,134,60,6,10,38,90,128" hai1="45,104,67,114,40,59,25,92,37,16,93,119,81" hai2="56,55,124,50,79,12,122,17,42,66,94,52,64" hai3="115,76,117,21,27,95,126,88,85,31,107,82,105"/><W123/><G117/><T127/><D60/><U4/><E104/><V0/><F0/><W96/><G123/><T69/><D69/><U78/><E114/><V51/><F122/><W101/><G115/><T61/><D61/><U8/><E119/><V73/><F42/><W110/><G126/><N who="0" m="48139" /><D43/><U129/><E129/><V75/><F124/><W98/><G110/><T53/><D53/><U130/><E59/><N who="2" m="33183" /><F75/><W32/><G32/><T11/><D38/><U63/><E63/><V30/><F73/><W14/><G14/><N who="0" m="5463" /><D128/><U48/><E67/><N who="2" m="25643" /><F30/><W5/><G5/><N who="0" m="3311" /><D90/><U39/><E39/><V22/><F94/><AGARI ba="0,0" hai="21,27,31,76,82,85,88,94,95,96,98,101,105,107" machi="94" ten="30,5800,0" yaku="7,1,52,1,54,1" doraHai="86" who="3" fromWho="2" sc="174,0,236,0,202,-58,388,58" owari="174,-23.0,236,4.0,144,-36.0,446,55.0" /></mjloggm>