<mjloggm ver="2.3"><GO type="185" lobby="0"/><UN n0="%E4%B8%83%E7%80%AC%E6%82%A0%E6%9C%88" n1="%E5%8C%97%E5%B0%8F%E8%B7%AF%3A%E9%9A%86%E5%A4%AA" n2="%28%2A%C2%B4%CF%89%EF%BD%80%2A%7D" n3="" dan="17,16,17,0" rate="2266.71,2209.23,2266.24,1500.00" sx="F,M,F,C"/><TAIKYOKU oya="0"/><INIT seed="0,0,0,2,0,66" ten="350,350,350,0" oya="0" hai0="89,96,54,131,46,132,104,128,85,117,112,114,125" hai1="133,50,118,65,126,80,93,130,97,38,2,53,92" hai2="101,60,109,64,43,70,42,129,55,32,123,124,110" hai3=""/><T113/><D54/><U91/><E91/><V73/><N who="2" m="31520" /><V72/><F32/><T84/><D46/><U102/><E102/><V121/><N who="2" m="31008" /><V44/><F129/><N who="0" m="49738" /><D117/><U81/><E130/><V134/><F124/><T52/><D52/><U86/><E118/><V39/><F42/><T103/><D125/><U119/><E119/><V51/><F101/><T57/><D57/><U33/><E126/><V90/><F90/><T76/><D132/><U40/><E133/><V98/><F98/><T135/><D135/><U47/><E97/><V35/><F35/><T1/><D1/><U111/><E2/><V77/><F77/><T116/><D116/><U36/><E33/><V79/><F79/><T49/><D49/><U75/><E50/><V115/><F115/><T94/><D113/><U78/><E47/><V127/><F127/><T48/><D48/><U74/><E53/><V122/><N who="2" m="31264" /><V34/><F34/><T56/><D56/><U68/><E40/><V99/><F99/><T120/><N who="0" m="30752" /><T82/><AGARI ba="0,0" hai="76,82,84,85,89,94,96,103,104,112,114" m="30752,49738" machi="82" ten="30,8000,1" yaku="4,1,19,1,34,2,52,1" doraHai="66" who="0" fromWho="0" sc="350,80,350,-40,350,-40,0,0" /><INIT seed="0,1,0,4,3,127" ten="430,310,310,0" oya="0" hai0="34,57,109,112,83,129,105,107,124,58,97,81,93" hai1="2,61,39,113,40,55,1,126,130,82,71,65,51" hai2="98,78,115,52,33,135,49,104,111,67,103,63,70" hai3=""/><T92/><D112/><U102/><E126/><V46/><F115/><T77/><D124/><U101/><E113/><V73/><F111/><T32/><D97/><U86/><E130/><V60/><F135/><T87/><D87/><U132/><E132/><V35/><REACH who="2" step="1"/><F63/><REACH who="2" ten="430,310,300,0" step="2"/><T123/><N who="0" m="31520" /><T117/><D109/><U74/><E74/><V85/><F85/><T0/><D0/><U96/><E39/><V128/><F128/><T134/><D129/><U80/><E40/><V120/><N who="2" m="30752" /><V41/><F41/><T72/><D134/><U64/><E82/><AGARI ba="1,1" hai="33,35,46,49,52,60,67,70,73,78,82,98,103,104" m="30752" machi="82" ten="40,5200,0" yaku="1,1,52,1,54,1,53,0" doraHai="127" doraHaiUra="37" who="2" fromWho="1" sc="430,0,310,-54,300,64,0,0" /><INIT seed="1,0,0,3,1,40" ten="430,256,364,0" oya="1" hai0="69,128,48,62,85,125,33,37,114,88,124,36,95" hai1="99,43,50,38,67,127,0,126,98,112,102,113,121" hai2="106,72,60,73,135,42,100,39,44,108,103,129,123" hai3=""/><U49/><N who="1" m="31008" /><U104/><E0/><V78/><N who="2" m="31520" /><V53/><F108/><T87/><D114/><N who="1" m="44139" /><E67/><V130/><F135/><T91/><D33/><U68/><E68/><V122/><N who="2" m="31264" /><V116/><F116/><T90/><D128/><N who="2" m="49258" /><F78/><T133/><D133/><U64/><E64/><V46/><F106/><T105/><D105/><U109/><E98/><V61/><F61/><T110/><D110/><U83/><E83/><V52/><F60/><T101/><D69/><U66/><E66/><V92/><F92/><T75/><D95/><U96/><E96/><V58/><F58/><T34/><D62/><U56/><E56/><V80/><F80/><T35/><D35/><U115/><N who="1" m="44147" /><U79/><DORA hai="55" /><E79/><V82/><F82/><T132/><D34/><U76/><E76/><V86/><F53/><T118/><D118/><U119/><E119/><V131/><F131/><T2/><D132/><U1/><E109/><V74/><F52/><T111/><D125/><N who="1" m="47627" /><E1/><V54/><F54/><T3/><D3/><U97/><E97/><V70/><F70/><T94/><D111/><U65/><E65/><V84/><F44/><AGARI ba="0,0" hai="38,43,44,49,50,99,102,104" m="47627,44147,31008" machi="44" ten="50,9600,0" yaku="18,1,52,2" doraHai="40,55" who="1" fromWho="2" sc="430,0,256,96,364,-96,0,0" /><INIT seed="1,1,0,4,2,126" ten="430,352,268,0" oya="1" hai0="1,64,118,42,112,124,81,53,45,71,116,89,33" hai1="37,80,121,87,57,91,113,61,108,132,82,63,41" hai2="34,58,59,49,35,40,60,114,128,39,127,119,79" hai3=""/><U106/><N who="1" m="31008" /><U44/><E113/><V65/><F114/><T90/><D112/><U123/><N who="1" m="31520" /><U109/><E132/><V70/><F119/><T3/><D33/><U69/><E106/><V105/><F127/><T46/><D124/><U32/><E32/><V120/><N who="2" m="30752" /><V135/><F105/><T97/><D64/><U94/><E69/><V72/><F135/><T76/><D71/><U84/><E61/><V125/><F125/><T0/><D53/><U38/><E38/><V51/><F79/><T66/><D66/><U52/><REACH who="1" step="1"/><E94/><REACH who="1" ten="430,342,268,0" step="2"/><V100/><F39/><T129/><D1/><U43/><E43/><V36/><F40/><T86/><D0/><U102/><E102/><V122/><F36/><T131/><D3/><U78/><AGARI ba="1,1" hai="37,41,44,52,57,63,78,80,82,84,87,91,108,109" m="31520,31008" machi="78" ten="30,8000,1" yaku="1,1,0,1,52,2,54,1,53,0" doraHai="126" doraHaiUra="96" who="1" fromWho="1" sc="430,-41,342,92,268,-41,0,0" /><INIT seed="1,2,0,4,0,126" ten="389,434,227,0" oya="1" hai0="72,95,101,118,133,73,109,2,74,125,121,51,108" hai1="134,68,43,53,62,71,127,84,35,102,124,1,86" hai2="37,88,44,85,117,77,52,47,96,81,83,113,39" hai3=""/><U79/><E1/><V54/><F117/><T100/><N who="0" m="31008" /><T38/><D38/><U99/><E35/><V75/><F113/><T41/><D2/><U56/><E134/><V91/><F96/><T112/><D112/><U55/><E43/><V105/><F105/><T106/><D125/><N who="1" m="48203" /><E53/><V104/><F104/><T63/><D101/><U49/><E79/><V87/><REACH who="2" step="1"/><F77/><REACH who="2" ten="389,434,217,0" step="2"/><T78/><D78/><U97/><E97/><V80/><F80/><T70/><D106/><U123/><N who="1" m="31520" /><U92/><E68/><V36/><F36/><T93/><D118/><U129/><E129/><V103/><F103/><T110/><D100/><U115/><E115/><V120/><N who="2" m="30752" /><V58/><F58/><T32/><D32/><U45/><E71/><V50/><F50/><T0/><D0/><U94/><E94/><V111/><F111/><T66/><D133/><U82/><E82/><V46/><F46/><AGARI ba="2,1" hai="41,46,51,63,66,70,72,73,74,93,95,108,109,110" m="31008" machi="46" ten="50,3200,0" yaku="14,1,52,1" doraHai="126" who="0" fromWho="2" sc="389,46,434,0,217,-36,0,0" /><INIT seed="2,0,0,3,0,135" ten="435,434,181,0" oya="2" hai0="132,78,70,71,35,84,49,97,37,93,33,92,65" hai1="116,54,88,91,53,56,72,43,64,39,112,115,104" hai2="117,111,3,120,102,123,100,98,2,34,44,89,107" hai3=""/><V129/><N who="2" m="30752" /><V32/><N who="2" m="31520" /><V58/><F117/><T57/><D37/><U127/><E116/><V113/><F113/><T118/><D118/><U90/><E127/><V122/><N who="2" m="31264" /><V106/><F89/><T66/><D132/><U86/><E72/><V124/><F58/><T40/><D40/><U50/><E104/><V83/><F83/><T81/><D92/><U85/><E64/><V52/><F129/><T59/><D66/><U45/><REACH who="1" step="1"/><E53/><REACH who="1" ten="435,424,181,0" step="2"/><V38/><F124/><T125/><D65/><U41/><E41/><V60/><F111/><T76/><D125/><U69/><E69/><V55/><F60/><T131/><D71/><U95/><E95/><V114/><F114/><AGARI ba="0,1" hai="39,43,45,50,54,56,85,86,88,90,91,112,114,115" machi="114" ten="40,2600,0" yaku="1,1,54,1,53,0" doraHai="135" doraHaiUra="0" who="1" fromWho="2" sc="435,0,424,36,181,-26,0,0" /><INIT seed="4,0,0,2,2,134" ten="435,460,155,0" oya="0" hai0="0,32,35,74,115,113,98,125,66,119,128,45,44" hai1="133,101,95,56,116,131,58,107,60,47,81,114,96" hai2="46,124,70,94,121,117,65,135,69,110,52,120,106" hai3=""/><T71/><D74/><U37/><E116/><V67/><N who="2" m="30752" /><V102/><N who="2" m="31008" /><V75/><F75/><T129/><D119/><U72/><E133/><V103/><F106/><T111/><D0/><U34/><E34/><V90/><F110/><T91/><D91/><U41/><E131/><V82/><F135/><T89/><D89/><U43/><E43/><V109/><F109/><T57/><D98/><U92/><E114/><V78/><F117/><T85/><D85/><U61/><E58/><V80/><F90/><T59/><D111/><U68/><E68/><V50/><F124/><T63/><D125/><U38/><E38/><V99/><F102/><T79/><D79/><U39/><E39/><V40/><F40/><T55/><D32/><U49/><E37/><V86/><REACH who="2" step="1"/><F82/><REACH who="2" ten="435,460,145,0" step="2"/><T84/><D35/><U88/><E72/><V108/><F108/><T51/><D115/><U130/><E101/><V73/><F73/><T48/><D113/><U36/><E81/><V76/><F76/><T127/><D127/><U3/><E107/><V118/><F118/><T123/><N who="0" m="31520" /><T77/><D77/><U122/><N who="1" m="31264" /><U93/><E41/><V126/><F126/><T54/><D84/><U2/><E2/><V1/><F1/><RYUUKYOKU ba="0,1" sc="435,10,460,-20,145,10,0,0" hai0="44,45,48,51,54,55,57,59,63,66,71,128,129" hai2="46,50,52,65,67,69,70,78,80,86,94,99,103" /><INIT seed="4,1,1,0,4,129" ten="445,440,155,0" oya="0" hai0="59,107,120,119,37,127,117,45,131,35,69,100,36" hai1="39,128,105,65,2,113,66,46,86,126,67,75,124" hai2="57,102,41,99,70,85,97,33,112,43,44,54,134" hai3=""/><T130/><N who="0" m="30752" /><T122/><N who="0" m="31264" /><T118/><D35/><U80/><E2/><V103/><F33/><T92/><D69/><U38/><E105/><V98/><F70/><T76/><D107/><U89/><E128/><N who="0" m="49193" /><D127/><N who="1" m="48683" /><E113/><V78/><F112/><T52/><D76/><U32/><E32/><V104/><F41/><T114/><D114/><U109/><E109/><V53/><F134/><T101/><D92/><U34/><E34/><V71/><F71/><T77/><D77/><U3/><E3/><V64/><F64/><T81/><D81/><U51/><E75/><V73/><F73/><T88/><D88/><U95/><E80/><V91/><F78/><T1/><D1/><U61/><E61/><V133/><F91/><T96/><D96/><U82/><E82/><V49/><F97/><T79/><D79/><U55/><AGARI ba="1,1" hai="38,39,46,51,55,65,66,67,86,89,95" m="48683" machi="55" ten="30,800,0" yaku="18,1" doraHai="129" who="1" fromWho="1" sc="445,-6,440,20,155,-4,0,0" /><INIT seed="5,0,0,3,4,50" ten="439,460,151,0" oya="1" hai0="67,86,60,75,109,43,47,2,78,58,108,106,123" hai1="34,111,82,113,61,115,54,48,74,85,101,117,105" hai2="62,134,94,53,57,1,44,72,114,73,92,116,99" hai3=""/><U76/><E117/><V97/><F1/><T102/><N who="0" m="31520" /><T42/><D75/><U131/><E131/><V0/><F0/><T100/><D2/><U40/><E34/><V129/><F129/><T49/><D42/><U38/><E111/><V39/><F116/><T77/><D106/><U119/><E119/><V130/><F130/><T118/><D118/><U80/><E61/><V90/><F134/><T98/><D109/><U41/><E101/><V121/><N who="2" m="31008" /><V65/><F114/><N who="1" m="43529" /><E105/><V71/><F44/><T33/><D33/><U93/><E93/><V45/><F45/><T87/><D108/><U120/><N who="1" m="30752" /><U37/><E40/><V55/><F39/><N who="1" m="14857" /><E41/><V69/><F69/><T127/><D100/><U91/><E48/><V110/><F110/><T132/><D132/><U112/><E112/><V122/><N who="2" m="31264" /><V96/><F96/><T64/><D98/><U52/><AGARI ba="0,0" hai="52,54,74,76,80,82,85,91" m="14857,30752,43529" machi="52" ten="40,8000,1" yaku="15,1,52,3,54,1" doraHai="50" who="1" fromWho="1" sc="439,-40,460,80,151,-40,0,0" /><INIT seed="5,1,0,4,1,58" ten="399,540,111,0" oya="1" hai0="119,113,36,130,77,121,49,105,82,123,71,60,117" hai1="108,102,57,127,91,116,122,1,50,107,72,73,78" hai2="66,68,128,92,80,81,51,40,61,45,64,112,118" hai3=""/><U89/><N who="1" m="31264" /><U55/><E1/><V75/><F118/><T34/><N who="0" m="31008" /><T87/><N who="0" m="31520" /><T103/><D34/><U85/><E85/><V53/><F128/><T46/><D130/><U132/><E116/><N who="0" m="44617" /><D113/><U43/><E43/><V83/><F112/><T69/><D36/><U96/><E132/><V98/><F66/><T59/><D103/><U109/><E127/><V76/><REACH who="2" step="1"/><F40/><REACH who="2" ten="399,540,101,0" step="2"/><T115/><D115/><U74/><REACH who="1" step="1"/><E78/><REACH who="1" ten="399,530,101,0" step="2"/><V84/><F84/><T135/><D135/><U106/><E106/><V104/><F104/><T86/><D105/><U111/><AGARI ba="1,2" hai="50,55,57,72,73,74,89,91,96,102,107,108,109,111" m="31264" machi="111" ten="40,8000,1" yaku="1,1,0,1,10,1,52,1,53,0" doraHai="58" doraHaiUra="62" who="1" fromWho="1" sc="399,-41,530,102,101,-41,0,0" /><INIT seed="5,2,0,4,1,126" ten="358,632,60,0" oya="1" hai0="88,103,62,94,54,115,2,71,58,98,110,40,83" hai1="85,73,39,49,82,87,44,116,66,61,50,65,74" hai2="109,56,76,134,46,119,64,102,111,123,70,45,72" hai3=""/><U105/><E105/><V36/><N who="2" m="31520" /><V68/><F102/><T113/><D110/><U75/><E116/><V106/><F106/><T53/><D2/><U97/><E97/><V60/><F76/><T47/><D71/><N who="2" m="27178" /><F72/><T91/><D115/><U86/><E39/><V99/><F99/><T48/><D113/><U89/><E49/><V77/><F77/><T35/><D35/><U51/><E50/><V104/><F104/><T67/><D83/><U41/><E61/><V107/><F107/><T114/><D114/><U37/><E37/><V132/><F119/><T32/><D32/><U84/><AGARI ba="2,0" hai="41,44,51,65,66,73,74,75,82,84,85,86,87,89" machi="84" ten="40,1400,0" yaku="0,1" doraHai="126" who="1" fromWho="1" sc="358,-9,632,18,60,-9,0,0" /><INIT seed="5,3,0,2,3,1" ten="349,650,51,0" oya="1" hai0="49,79,54,83,35,94,104,96,77,89,67,59,78" hai1="66,70,51,101,114,45,52,73,93,100,131,80,111" hai2="113,124,39,129,65,118,43,125,132,117,105,38,0" hai3=""/><U84/><E114/><V88/><F65/><T60/><D104/><U58/><E131/><V108/><F88/><T91/><D35/><U47/><E111/><V63/><F63/><T116/><D116/><U57/><E73/><V112/><F43/><T44/><REACH who="0" step="1"/><D91/><REACH who="0" ten="339,650,51,0" step="2"/><U76/><E101/><V134/><F105/><T87/><AGARI ba="3,1" hai="44,49,54,59,60,67,77,78,79,83,87,89,94,96" machi="87" ten="20,9000,2" yaku="1,1,2,1,0,1,7,1,8,1,53,1" doraHai="1" doraHaiUra="56" who="0" fromWho="0" sc="339,106,650,-63,51,-33,0,0" /><INIT seed="6,0,0,4,5,61" ten="445,587,18,0" oya="2" hai0="48,87,41,80,79,114,73,54,111,76,62,94,55" hai1="108,99,125,71,81,49,124,51,128,86,121,34,113" hai2="95,135,68,103,60,43,90,110,93,83,107,59,69" hai3=""/><V57/><F135/><T36/><D111/><U82/><N who="1" m="31008" /><U105/><E71/><V0/><F0/><T120/><N who="0" m="30752" /><T72/><D114/><U112/><E34/><V65/><F110/><T119/><D119/><U78/><E108/><V63/><F43/><T38/><D41/><U100/><E128/><V118/><F118/><T40/><D40/><U66/><E66/><V98/><F83/><T75/><D79/><U132/><E132/><V89/><F107/><T47/><D94/><U2/><E2/><V126/><F126/><N who="1" m="48745" /><E81/><V96/><REACH who="2" step="1"/><F103/><REACH who="2" ten="445,587,8,0" step="2"/><T102/><D102/><U115/><AGARI ba="0,1" hai="49,51,78,82,86,99,100,105,112,113,115" m="48745,31008" machi="115" ten="40,3900,0" yaku="15,1,18,1,52,1" doraHai="61" who="1" fromWho="1" sc="445,-13,587,49,8,-26,0,0" owari="432,3.0,636,59.0,-18,-62.0,0,0.0" /></mjloggm>