<mjloggm ver="2.3"><GO type="169" lobby="0"/><UN n0="%69%70%73%E6%88%A6%E5%A3%AB" n1="%6B%61%73%68%69%61" n2="%E5%AE%9D%E5%90%8A%E5%AE%9D" n3="%E3%81%84%E3%81%97%E3%81%A5%E3%81%8B" dan="16,16,16,17" rate="2126.26,2058.70,2113.12,2168.88" sx="M,M,M,M"/><TAIKYOKU oya="0"/><INIT seed="0,0,0,4,1,27" ten="250,250,250,250" oya="0" hai0="6,28,119,7,120,128,3,103,76,4,130,78,125" hai1="121,134,114,66,118,22,84,70,91,90,94,99,72" hai2="8,9,64,32,20,61,43,55,132,29,96,115,46" hai3="85,60,67,109,108,104,23,117,47,48,13,0,101"/><T51/><D120/><U1/><E118/><V25/><F115/><W52/><G0/><T16/><D119/><U21/><E121/><V38/><F132/><W129/><G117/><T88/><D125/><U112/><E1/><V111/><F111/><W45/><G129/><N who="0" m="49771" /><D103/><U79/><E134/><V15/><F55/><W11/><G104/><T73/><D51/><U65/><E72/><V54/><F54/><W123/><G123/><T133/><D133/><U87/><E79/><N who="0" m="30249" /><D73/><U39/><E39/><V107/><F20/><W36/><G101/><T102/><D102/><U135/><E135/><V124/><F124/><W122/><G122/><T50/><D50/><U26/><E99/><V12/><F96/><W97/><G97/><T34/><D3/><U100/><E100/><V59/><F107/><W98/><G98/><T77/><N who="0" m="30257" /><T14/><DORA hai="81" /><D88/><U105/><E105/><V69/><REACH who="2" step="1"/><F69/><REACH who="2" ten="250,250,240,250" step="2"/><W30/><G109/><T37/><D34/><U92/><E70/><V71/><F71/><W116/><G108/><T126/><D126/><U44/><E44/><V5/><F5/><W95/><G116/><T53/><D53/><U93/><E114/><V57/><F57/><W49/><G52/><T75/><D75/><U17/><E112/><V86/><F86/><N who="1" m="32809" /><E22/><V110/><F110/><W127/><G127/><T63/><D63/><U131/><E131/><V2/><F2/><W83/><G45/><T24/><D37/><U68/><E68/><V41/><F41/><W82/><G36/><T19/><D14/><AGARI ba="0,1" hai="8,9,12,14,15,25,29,32,38,43,46,59,61,64" machi="14" ten="40,8000,1" yaku="1,1,52,1,53,2" doraHai="27,81" doraHaiUra="31,58" who="2" fromWho="0" sc="250,-80,250,0,240,90,250,0" /><INIT seed="1,0,0,3,1,17" ten="170,250,330,250" oya="1" hai0="124,36,90,91,2,11,20,51,53,106,42,49,50" hai1="77,55,1,76,9,114,105,33,59,58,61,63,126" hai2="134,80,62,99,95,22,86,113,79,133,47,120,81" hai3="24,69,26,108,31,14,98,101,16,88,111,70,35"/><U41/><E114/><V103/><F113/><W18/><G26/><T60/><D124/><U67/><E105/><V29/><F47/><W13/><G101/><T74/><D74/><U71/><E126/><V38/><F38/><W96/><G24/><T15/><D106/><U110/><E33/><V57/><F120/><W73/><G31/><T127/><D127/><U129/><E129/><V65/><REACH who="2" step="1"/><F80/><REACH who="2" ten="170,250,320,250" step="2"/><W83/><G83/><T0/><D36/><U19/><E110/><V5/><F5/><W68/><G111/><T100/><D42/><U118/><E41/><V72/><F72/><W21/><G73/><T10/><D0/><U45/><E45/><V115/><F115/><W119/><G108/><T34/><D2/><U28/><E1/><V93/><F93/><W7/><G7/><T92/><D92/><U64/><E118/><V4/><F4/><W128/><G128/><T87/><D10/><U37/><E37/><V78/><F78/><W94/><G119/><T54/><D11/><U6/><E6/><V112/><F112/><W132/><G94/><T84/><D84/><U48/><E77/><V109/><F109/><W44/><G44/><T52/><D87/><U130/><E76/><V56/><F56/><W97/><G70/><T122/><D122/><U66/><E130/><V121/><F121/><W82/><G69/><T104/><D104/><U3/><E3/><V30/><F30/><W12/><G68/><T117/><D117/><U25/><E59/><V123/><F123/><W43/><G82/><T89/><D34/><N who="1" m="20751" /><E71/><V131/><F131/><W46/><G35/><RYUUKYOKU ba="0,1" sc="170,-15,250,15,320,15,250,-15" hai1="9,19,48,55,58,61,63,64,66,67" hai2="22,29,57,62,65,79,81,86,95,99,103,133,134" /><INIT seed="1,1,1,2,0,114" ten="155,265,335,235" oya="1" hai0="132,122,67,29,96,92,32,21,100,57,41,91,61" hai1="4,47,5,45,104,18,89,126,24,58,52,48,82" hai2="130,74,12,27,84,121,0,11,110,46,77,79,38" hai3="50,127,8,124,30,83,43,108,42,103,16,111,6"/><U107/><E104/><V99/><F121/><W94/><G30/><T64/><D132/><U112/><E112/><V34/><F110/><W128/><G128/><T87/><D122/><U117/><E117/><V66/><F74/><W68/><G68/><T116/><D32/><U28/><E126/><N who="3" m="48170" /><G83/><T55/><D41/><N who="3" m="15369" /><G50/><T98/><D116/><U33/><E18/><V15/><F46/><W65/><G65/><T95/><REACH who="0" step="1"/><D98/><REACH who="0" ten="145,265,335,235" step="2"/><U25/><E33/><V90/><F34/><W97/><G111/><T10/><D10/><U102/><E25/><AGARI ba="1,2" hai="21,25,29,55,57,61,64,67,87,91,92,95,96,100" machi="25" ten="40,5200,0" yaku="1,1,8,1,53,1" doraHai="114" doraHaiUra="59" who="0" fromWho="1" sc="145,75,265,-55,335,0,235,0" /><INIT seed="2,0,0,3,4,78" ten="220,210,335,235" oya="2" hai0="15,58,68,132,32,70,97,86,1,105,73,21,52" hai1="30,55,16,65,119,59,79,63,109,67,10,40,110" hai2="8,13,22,81,126,29,27,93,101,11,23,106,125" hai3="41,107,83,37,92,75,112,122,108,99,34,118,9"/><V66/><F106/><W4/><G108/><N who="1" m="41578" /><E119/><V0/><F66/><W102/><G122/><T121/><D73/><U35/><E35/><V62/><F62/><W61/><G61/><T12/><D1/><U26/><E40/><V18/><F81/><W128/><G128/><T95/><D32/><N who="1" m="20567" /><E79/><V84/><F84/><W74/><G34/><T60/><D132/><U130/><E130/><V69/><F69/><W115/><G92/><T72/><D72/><U123/><E123/><V127/><F93/><W54/><G118/><T53/><D121/><U111/><N who="1" m="41586" /><U19/><DORA hai="45" /><E19/><V49/><F101/><W7/><G41/><T42/><D42/><U120/><E120/><V104/><F104/><W77/><G37/><T20/><D68/><U91/><E91/><V31/><F49/><W76/><G76/><T38/><D70/><U47/><E47/><V56/><F56/><W71/><G71/><T129/><D38/><U57/><E57/><V131/><F131/><W114/><G75/><T44/><D129/><U89/><E89/><V5/><REACH who="2" step="1"/><F11/><REACH who="2" ten="220,210,325,235" step="2"/><W25/><G9/><T94/><D105/><U113/><E10/><V33/><F33/><W85/><G74/><T100/><D95/><U134/><E67/><V39/><F39/><W2/><G54/><T46/><D86/><U80/><E65/><V6/><F6/><W17/><G7/><T88/><D100/><U124/><E55/><V87/><F87/><W51/><G51/><N who="0" m="28775" /><D46/><U133/><E63/><V116/><F116/><W135/><G4/><T24/><D21/><U48/><E59/><V36/><F36/><RYUUKYOKU ba="0,1" sc="220,15,210,-15,325,15,235,-15" hai0="12,15,20,24,53,58,60,88,94,97" hai2="0,5,8,13,18,22,23,27,29,31,125,126,127" /><INIT seed="2,1,1,0,5,38" ten="235,195,340,220" oya="2" hai0="11,16,113,110,49,77,64,93,33,24,27,122,97" hai1="90,101,23,18,41,92,35,133,125,29,42,54,43" hai2="32,118,112,91,128,9,50,83,15,106,0,14,82" hai3="57,126,73,7,80,71,8,68,34,107,53,3,119"/><V100/><F112/><W51/><G119/><T60/><D113/><U121/><E35/><V22/><F118/><W81/><G107/><T40/><D122/><U61/><E121/><V75/><F32/><W55/><G126/><T45/><D110/><U70/><E125/><V25/><F128/><W67/><G67/><T72/><D72/><U66/><E133/><V47/><F0/><W2/><G2/><T89/><D77/><U134/><E134/><V109/><F109/><W30/><G81/><N who="2" m="30729" /><F75/><W85/><G73/><T74/><D74/><U13/><E101/><V95/><F100/><W79/><REACH who="3" step="1"/><G55/><REACH who="3" ten="235,195,340,210" step="2"/><T84/><D33/><U108/><E108/><V69/><F106/><W135/><G135/><T105/><D105/><U127/><E127/><V28/><F9/><W10/><G10/><T19/><D97/><U124/><E124/><V21/><F21/><W6/><G6/><T46/><D11/><U94/><E54/><N who="2" m="30047" /><F69/><W111/><G111/><T37/><D64/><U116/><E116/><V104/><F104/><W26/><AGARI ba="1,2" hai="3,7,8,26,30,34,51,53,57,68,71,79,80,85" machi="26" ten="30,4000,0" yaku="1,1,0,1,53,1" doraHai="38" doraHaiUra="20" who="3" fromWho="3" sc="235,-11,195,-11,340,-21,210,63" /><INIT seed="3,0,0,2,4,67" ten="224,184,319,273" oya="3" hai0="100,29,22,5,94,35,61,51,66,45,10,25,80" hai1="83,118,116,79,131,44,36,52,89,84,20,6,69" hai2="31,23,34,62,28,33,98,130,70,108,126,74,125" hai3="71,121,32,122,7,8,13,90,76,93,14,115,85"/><W24/><G115/><T55/><D80/><U88/><E131/><V95/><F108/><W109/><G109/><T41/><D35/><U64/><E6/><V114/><F74/><W87/><G71/><T96/><D41/><U18/><E36/><V92/><F23/><W59/><G76/><T68/><D10/><U42/><E42/><V38/><F38/><W58/><G85/><T78/><REACH who="0" step="1"/><D5/><REACH who="0" ten="214,184,319,273" step="2"/><U11/><E11/><V112/><F130/><W21/><G32/><T75/><D75/><U47/><E118/><V49/><F34/><W60/><G13/><T56/><D56/><U101/><E116/><V72/><F72/><W111/><G111/><T97/><D97/><U107/><E69/><V123/><F33/><W26/><G58/><T4/><D4/><U102/><E47/><V2/><F98/><W104/><G104/><T124/><D124/><U3/><E107/><V81/><F81/><W17/><REACH who="3" step="1"/><G24/><REACH who="3" ten="214,184,319,263" step="2"/><T54/><D54/><AGARI ba="0,2" hai="7,8,14,17,21,26,54,59,60,87,90,93,121,122" machi="54" ten="30,11600,0" yaku="1,1,2,1,7,1,53,1" doraHai="67" doraHaiUra="86" who="3" fromWho="0" sc="214,-116,184,0,319,0,263,136" /><INIT seed="3,1,0,0,3,116" ten="98,184,319,399" oya="3" hai0="55,84,2,21,36,26,12,32,28,40,34,64,129" hai1="97,126,131,134,118,119,128,112,73,39,107,72,37" hai2="120,78,22,9,54,11,79,105,100,109,91,24,115" hai3="108,62,4,95,76,5,49,88,98,71,133,63,123"/><W110/><G133/><T99/><D129/><N who="1" m="49739" /><E134/><V3/><F115/><W90/><G123/><T69/><D2/><U43/><E112/><V127/><F109/><N who="3" m="42091" /><G76/><T86/><D99/><U46/><E39/><V106/><F3/><W51/><G63/><T56/><D64/><U117/><E126/><V15/><F127/><W132/><G90/><T23/><D69/><U17/><E17/><V33/><F91/><W92/><G92/><T10/><D40/><U93/><E93/><V114/><F114/><W38/><G38/><T27/><D36/><U70/><E70/><V47/><F105/><W58/><G71/><T101/><D101/><AGARI ba="1,0" hai="37,43,46,72,73,97,101,107,117,118,119" m="49739" machi="101" ten="40,5200,0" yaku="12,1,19,1,23,1" doraHai="116" who="1" fromWho="0" sc="98,-55,184,55,319,0,399,0" /><INIT seed="4,0,0,0,1,73" ten="43,239,319,399" oya="0" hai0="57,80,63,52,9,11,108,84,114,13,79,86,135" hai1="101,119,83,132,130,87,23,99,37,58,65,2,72" hai2="109,129,118,78,49,50,88,18,28,54,106,33,22" hai3="31,64,68,89,116,120,117,125,17,27,121,44,96"/><T7/><D114/><U24/><E37/><V19/><F109/><W60/><G125/><T97/><D135/><U122/><E119/><V6/><F118/><W45/><G17/><T12/><D108/><U92/><E2/><V133/><F33/><W127/><G127/><T113/><D113/><U107/><E132/><V5/><F106/><W74/><G74/><T76/><D97/><U82/><E72/><V29/><F133/><W134/><G134/><T3/><D3/><U41/><E41/><V42/><F42/><W55/><G89/><T46/><D46/><N who="3" m="18025" /><G55/><T75/><REACH who="0" step="1"/><D76/><REACH who="0" ten="33,239,319,399" step="2"/><U105/><E130/><V70/><F78/><W30/><G96/><T111/><D111/><U20/><E99/><V110/><F110/><W39/><G117/><T77/><D77/><U59/><E122/><V16/><F129/><W67/><G120/><T0/><D0/><U131/><E131/><V126/><F126/><W61/><G121/><T53/><D53/><U47/><E107/><V115/><F54/><W25/><G116/><T94/><D94/><U102/><E92/><V26/><F115/><W10/><G67/><T34/><D34/><U123/><E65/><V103/><F22/><W14/><G64/><T128/><D128/><U112/><E105/><V62/><F49/><W69/><G39/><T90/><D90/><U43/><E23/><V100/><F88/><W91/><G91/><T35/><D35/><U32/><E32/><V36/><F50/><W15/><G61/><T1/><D1/><U104/><E123/><V40/><F36/><W124/><G124/><T51/><D51/><RYUUKYOKU ba="0,1" sc="33,30,239,-10,319,-10,399,-10" hai0="7,9,11,12,13,52,57,63,75,79,80,84,86" /><INIT seed="4,1,1,2,4,118" ten="63,229,309,389" oya="0" hai0="107,89,52,47,128,94,110,10,131,127,100,41,115" hai1="11,102,40,77,23,84,48,17,97,112,92,129,9" hai2="101,33,108,1,96,81,109,24,82,39,62,117,65" hai3="14,64,46,85,119,12,123,32,66,114,60,55,8"/><T104/><D115/><U98/><E112/><V22/><F117/><W69/><G114/><T35/><D35/><U45/><E129/><N who="0" m="49737" /><D127/><U121/><E121/><V34/><F39/><W95/><G66/><T90/><D110/><U88/><E77/><V50/><F1/><W21/><G32/><T75/><D75/><U54/><E40/><V124/><F50/><W67/><G69/><T13/><D100/><U38/><E38/><V99/><F22/><W135/><G21/><T70/><D70/><U51/><E51/><V126/><F24/><W130/><G60/><T105/><D94/><U20/><E20/><V133/><F101/><W125/><G95/><T113/><D113/><U2/><E2/><V56/><F56/><W49/><G14/><T28/><D28/><U36/><E36/><V43/><F43/><W61/><G12/><T76/><D76/><U86/><E86/><V74/><F74/><W31/><G85/><T79/><D79/><U3/><E3/><V111/><F108/><W18/><G31/><T16/><D41/><U53/><E53/><V91/><F91/><W26/><G55/><T72/><D72/><U73/><E73/><V134/><REACH who="2" step="1"/><F65/><REACH who="2" ten="63,229,299,389" step="2"/><W15/><G67/><T103/><D103/><U59/><E59/><V80/><F80/><W106/><G64/><T71/><D71/><U0/><E0/><V132/><F132/><W122/><G135/><T42/><D42/><U30/><E102/><V120/><F120/><W83/><G123/><T25/><D25/><N who="1" m="14575" /><E30/><V78/><F78/><W68/><G122/><T87/><D87/><U116/><E116/><RYUUKYOKU ba="1,2" sc="63,10,229,10,299,10,389,-30" hai0="10,13,16,47,52,89,90,104,105,107" hai1="9,11,45,48,54,84,88,92,97,98" hai2="33,34,62,81,82,96,99,109,111,124,126,133,134" /><INIT seed="4,2,2,4,4,122" ten="73,239,309,359" oya="0" hai0="99,7,120,63,30,8,21,109,110,72,32,91,23" hai1="47,115,0,56,24,54,12,1,44,37,18,74,62" hai2="60,20,22,41,124,127,113,123,76,132,75,129,33" hai3="52,97,107,105,43,57,65,87,98,104,118,58,4"/><T96/><D120/><U14/><E74/><V42/><F123/><W100/><G118/><T84/><D72/><U93/><E115/><V64/><F33/><W9/><G43/><T92/><D32/><U68/><E68/><V80/><F113/><W116/><G116/><T38/><D38/><U78/><E1/><V89/><F129/><W45/><G45/><T51/><D51/><U135/><E0/><V81/><F132/><W69/><G58/><T61/><D61/><U39/><E39/><V49/><F41/><W28/><G28/><T59/><D99/><U94/><E78/><V83/><F89/><W77/><G65/><T133/><D133/><U34/><E34/><V131/><F76/><W121/><G69/><T86/><D86/><U35/><E35/><V70/><F75/><W6/><G98/><T103/><D8/><U16/><E37/><V26/><F131/><W2/><G6/><T50/><D50/><N who="1" m="28999" /><E24/><V102/><F102/><W31/><G31/><T10/><D30/><U25/><E25/><V46/><REACH who="2" step="1"/><F26/><REACH who="2" ten="73,239,299,359" step="2"/><W95/><G121/><T85/><D85/><U17/><E135/><V117/><F117/><W88/><REACH who="3" step="1"/><G77/><REACH who="3" ten="73,239,299,349" step="2"/><T101/><D96/><U55/><E47/><V126/><AGARI ba="2,4" hai="20,22,42,46,49,60,64,70,80,81,83,124,126,127" machi="126" ten="40,8000,1" yaku="1,1,0,1,18,1,53,1" doraHai="122" doraHaiUra="67" who="2" fromWho="2" sc="73,-42,239,-22,299,126,349,-22" /><INIT seed="5,0,0,3,1,13" ten="31,217,425,327" oya="1" hai0="27,16,48,104,61,127,69,99,56,101,21,50,49" hai1="51,116,106,88,83,66,89,24,36,112,38,81,130" hai2="10,86,35,18,63,131,25,109,58,46,72,85,45" hai3="113,40,6,95,64,22,87,20,117,103,65,9,54"/><U17/><E116/><V4/><F109/><W7/><G113/><T118/><D127/><U107/><E112/><V125/><F72/><W77/><G40/><T75/><D75/><U62/><E51/><V96/><F131/><W1/><G1/><T73/><D73/><U28/><E130/><V111/><F111/><W133/><G133/><T55/><REACH who="0" step="1"/><D69/><REACH who="0" ten="21,217,425,327" step="2"/><U5/><E38/><V123/><F125/><W41/><G117/><AGARI ba="0,1" hai="16,21,27,48,49,50,55,56,61,99,101,104,117,118" machi="117" ten="40,8000,1" yaku="1,1,2,1,52,1,54,1,53,0" doraHai="13" doraHaiUra="121" who="0" fromWho="3" sc="21,90,217,0,425,0,327,-80" /><INIT seed="6,0,0,2,1,2" ten="111,217,425,247" oya="2" hai0="132,74,123,75,71,34,72,31,47,48,126,114,26" hai1="7,83,92,107,51,39,37,35,105,61,88,80,94" hai2="99,120,63,79,91,134,14,29,69,73,57,3,85" hai3="5,131,93,109,82,65,8,30,117,66,1,27,106"/><V128/><F3/><W64/><G131/><T38/><D123/><U76/><E35/><V25/><F69/><W36/><G117/><T49/><D114/><U4/><E51/><V22/><F134/><W56/><G106/><T52/><D132/><U70/><E70/><V32/><F73/><W28/><G36/><T59/><D71/><U0/><E0/><V100/><F79/><W42/><G109/><T133/><D133/><U84/><E61/><V108/><F120/><W13/><G93/><T58/><D126/><U67/><E88/><V17/><F128/><W95/><G42/><T122/><D122/><U60/><E60/><V101/><F99/><W11/><G95/><T41/><REACH who="0" step="1"/><D59/><REACH who="0" ten="101,217,425,247" step="2"/><U112/><E112/><V40/><F108/><W53/><G56/><T6/><D6/><U121/><E121/><V44/><F57/><W45/><G5/><T127/><D127/><U33/><E7/><V113/><F113/><W110/><G110/><T54/><D54/><U15/><E4/><V119/><F119/><W43/><G53/><T46/><D46/><U104/><E67/><V124/><F124/><W111/><G111/><T97/><D97/><U90/><E107/><V81/><F63/><W129/><G1/><T50/><AGARI ba="0,1" hai="26,31,34,38,41,47,48,49,50,52,58,72,74,75" machi="50" ten="40,5200,0" yaku="1,1,0,1,54,1,53,0" doraHai="2" doraHaiUra="118" who="0" fromWho="0" sc="101,62,217,-13,425,-26,247,-13" /><INIT seed="7,0,0,1,1,93" ten="163,204,399,234" oya="3" hai0="105,47,51,32,82,71,115,124,43,20,104,6,112" hai1="119,116,134,26,56,85,103,86,53,81,98,95,110" hai2="108,25,49,99,69,2,24,73,33,40,101,0,79" hai3="113,102,89,109,35,30,131,78,12,16,54,1,52"/><W19/><G1/><T135/><D32/><U57/><E110/><V15/><F108/><W14/><G109/><T65/><D6/><U84/><E134/><V3/><F69/><W60/><G113/><N who="0" m="43595" /><D20/><U42/><E42/><V94/><F33/><W45/><G131/><T130/><D82/><U9/><E9/><V75/><F15/><W132/><G132/><T39/><D105/><U92/><E26/><V59/><F79/><W22/><G78/><T118/><D135/><U117/><E56/><V74/><F59/><W13/><G35/><T37/><D104/><N who="1" m="63607" /><E81/><V46/><AGARI ba="0,0" hai="0,2,3,24,25,40,46,49,73,74,75,94,99,101" machi="46" ten="40,2700,0" yaku="0,1,52,1" doraHai="93" who="2" fromWho="2" sc="163,-7,204,-7,399,27,234,-13" owari="156,-34.0,197,-20.0,426,52.0,221,2.0" /></mjloggm>