<mjloggm ver="2.3"><GO type="169" lobby="0"/><UN n0="%E3%81%AF%E3%81%BF%E3%82%82%E3%82%93" n1="%E3%81%8A%64" n2="%E3%81%A8%E3%81%B3%E3%81%BE%E3%81%93" n3="%E3%81%B2%E3%81%A3%E3%81%93%E3%82%8D%32%36" dan="18,16,16,16" rate="2228.98,2108.55,2137.38,2112.79" sx="M,M,M,M"/><TAIKYOKU oya="0"/><INIT seed="0,0,0,2,2,23" ten="250,250,250,250" oya="0" hai0="119,21,79,81,69,18,115,54,61,135,25,76,2" hai1="118,56,130,78,1,46,106,89,84,51,93,87,65" hai2="36,117,67,6,48,112,132,13,110,122,9,37,32" hai3="7,96,66,49,24,85,101,52,134,43,126,31,4"/><T45/><D115/><U71/><E130/><V92/><F122/><W57/><G134/><T19/><D119/><U30/><E106/><V91/><F112/><W12/><G126/><T63/><D2/><U83/><E1/><V14/><F132/><W121/><G121/><T124/><D124/><U64/><E118/><V42/><F110/><W80/><G43/><T125/><D125/><U109/><E71/><V98/><F32/><W108/><G108/><T99/><D135/><U3/><E3/><V97/><F67/><W22/><G66/><T35/><D35/><U95/><E109/><V114/><F114/><W105/><REACH who="3" step="1"/><G12/><REACH who="3" ten="250,250,250,240" step="2"/><T39/><D39/><U129/><E65/><V62/><F117/><W27/><G27/><T38/><D38/><U111/><E64/><V131/><F13/><W74/><G74/><T103/><D69/><U77/><E111/><V8/><F14/><W75/><G75/><T11/><D11/><U47/><E129/><V26/><F9/><W86/><G86/><T107/><D54/><U29/><E87/><V113/><F42/><W50/><G50/><T58/><D61/><U55/><E84/><V17/><F48/><W116/><G116/><T73/><D63/><U70/><E51/><V82/><F62/><W128/><G128/><T15/><D15/><U100/><E55/><V16/><F8/><W60/><G60/><T88/><D73/><U53/><E53/><V102/><F37/><W41/><G41/><T104/><D25/><U120/><E120/><V5/><F36/><W44/><G44/><T59/><D45/><U123/><E47/><RYUUKYOKU ba="0,1" sc="250,-10,250,-10,250,-10,240,30" hai3="4,7,22,24,31,49,52,57,80,85,96,101,105" /><INIT seed="1,1,1,3,4,53" ten="240,240,240,270" oya="1" hai0="88,83,14,33,28,58,24,78,51,113,103,105,60" hai1="116,133,37,131,82,44,100,22,115,85,6,81,40" hai2="10,19,59,23,107,86,18,87,130,5,79,36,50" hai3="7,55,90,15,69,134,11,39,72,110,3,117,67"/><U65/><E116/><V99/><F36/><W46/><G117/><T114/><D51/><U47/><E115/><V124/><F124/><W125/><G125/><T4/><D103/><U94/><E133/><V57/><F130/><W48/><G134/><T108/><D105/><U73/><E131/><V68/><F68/><W95/><G72/><T74/><D108/><U13/><E73/><V122/><F122/><W1/><G110/><T101/><D101/><U29/><E65/><V34/><F34/><W123/><G123/><T111/><D111/><U135/><E135/><V62/><F99/><W96/><G39/><T92/><D14/><U20/><E47/><V56/><F62/><W43/><G43/><T16/><D16/><N who="2" m="6186" /><F107/><W93/><G67/><T70/><D4/><U61/><E61/><V75/><F23/><W30/><G30/><T77/><D77/><U2/><E2/><V45/><F75/><W89/><REACH who="3" step="1"/><G69/><REACH who="3" ten="240,240,240,260" step="2"/><T80/><D70/><U63/><E40/><N who="2" m="24871" /><F79/><W132/><G132/><T102/><D113/><U41/><E29/><V91/><F91/><W42/><G42/><T129/><D114/><U12/><E41/><V97/><F97/><AGARI ba="1,2" hai="1,3,7,11,15,46,48,55,89,90,93,95,96,97" machi="97" ten="30,7700,0" yaku="1,1,7,1,9,1,53,1" doraHai="53" doraHaiUra="9" who="3" fromWho="2" sc="240,0,240,0,240,-80,260,100" /><INIT seed="2,0,0,2,1,72" ten="240,240,160,360" oya="2" hai0="54,87,67,5,41,88,124,66,12,47,8,9,16" hai1="90,129,18,64,83,22,48,101,19,32,78,81,117" hai2="107,68,112,42,21,116,1,96,26,52,86,102,103" hai3="15,110,65,80,28,94,113,14,91,70,92,31,130"/><V46/><F112/><W105/><G110/><T99/><D124/><U0/><E32/><V98/><F116/><W57/><G105/><T85/><D99/><U76/><E129/><V77/><F68/><W3/><G130/><T135/><D85/><U39/><E39/><V37/><F1/><W108/><G108/><T49/><D41/><U35/><E35/><V25/><F52/><W50/><G3/><T100/><D100/><U30/><E0/><V40/><F40/><W74/><G74/><T115/><D135/><U60/><E101/><V79/><F86/><W126/><G126/><T43/><D43/><U118/><E90/><V132/><F132/><W125/><G91/><T97/><D97/><U109/><E48/><V61/><F61/><W36/><G50/><T33/><D33/><U89/><E89/><V131/><F131/><W20/><G70/><T11/><D115/><U56/><E109/><V133/><F133/><W6/><G80/><N who="1" m="30794" /><E118/><V13/><F13/><W95/><G14/><N who="0" m="5391" /><D9/><U58/><E58/><V45/><F45/><W38/><G57/><T27/><D27/><N who="1" m="16759" /><E117/><V122/><F25/><W120/><G38/><T23/><D23/><U123/><E123/><V104/><F122/><W75/><G20/><T24/><D24/><U62/><E60/><V63/><F63/><W53/><G36/><T55/><D55/><U34/><E34/><V119/><F119/><W17/><G120/><T128/><D128/><U2/><E2/><V111/><F111/><W106/><G113/><T71/><D71/><U7/><E7/><V134/><F134/><W82/><G125/><RYUUKYOKU ba="0,0" sc="240,10,240,10,160,10,360,-30" hai0="11,12,16,47,49,54,66,67,87,88" hai1="18,19,56,62,64,76,78" hai2="21,26,37,42,46,77,79,96,98,102,103,104,107" /><INIT seed="2,1,0,2,2,80" ten="250,250,170,330" oya="2" hai0="130,121,36,127,54,16,18,6,75,46,124,123,40" hai1="100,99,59,91,23,118,95,45,109,71,39,29,105" hai2="51,76,50,77,82,25,44,67,125,129,107,131,66" hai3="8,62,86,117,87,111,133,19,113,1,132,65,135"/><V126/><F107/><W10/><G117/><T42/><D75/><U15/><E71/><V33/><F33/><W119/><G119/><T69/><D69/><U115/><E118/><V17/><F25/><W78/><G78/><T74/><D74/><U41/><E115/><V47/><F82/><W89/><G89/><T3/><D130/><U93/><E109/><V70/><F70/><N who="3" m="42295" /><G111/><T83/><D40/><U81/><E81/><V9/><F9/><N who="3" m="3691" /><G113/><T72/><D6/><U63/><E91/><V73/><REACH who="2" step="1"/><F73/><REACH who="2" ten="250,250,160,330" step="2"/><W88/><G1/><T52/><D3/><U55/><REACH who="1" step="1"/><E15/><REACH who="1" ten="250,240,160,330" step="2"/><V102/><F102/><W116/><G116/><T13/><D13/><U31/><E31/><V85/><F85/><N who="3" m="32267" /><G19/><AGARI ba="1,2" hai="17,19,44,47,50,51,66,67,76,77,125,126,129,131" machi="19" ten="25,4800,0" yaku="1,1,22,2,53,0" doraHai="80" doraHaiUra="58" who="2" fromWho="3" sc="250,0,240,0,160,71,330,-51" /><INIT seed="2,2,0,2,0,15" ten="250,240,231,279" oya="2" hai0="64,49,119,111,72,22,28,34,115,103,60,112,37" hai1="82,9,105,24,110,52,65,106,27,91,133,89,5" hai2="8,120,29,10,88,109,76,1,99,25,40,108,48" hai3="59,7,128,96,122,121,97,71,23,2,17,130,50"/><V125/><F120/><W114/><G71/><T20/><D37/><U129/><E133/><V57/><F76/><W38/><G38/><T78/><D111/><N who="2" m="42570" /><F125/><W132/><G132/><T93/><D119/><U0/><E110/><V36/><F36/><W102/><G114/><T3/><D3/><U101/><E129/><N who="3" m="49770" /><G97/><T104/><D49/><U51/><E65/><V83/><F1/><W19/><G23/><T70/><D93/><U42/><E42/><V45/><F57/><W13/><G2/><T131/><D22/><U123/><E123/><N who="3" m="47114" /><G50/><T35/><D20/><U62/><E62/><V80/><F80/><W134/><G134/><T30/><D30/><U81/><E81/><V44/><F44/><W53/><G53/><T39/><D39/><U12/><E0/><V90/><F99/><W68/><G59/><T77/><D131/><U31/><E82/><V61/><F61/><W21/><G21/><T84/><D60/><U32/><E27/><V86/><F90/><W87/><G87/><T117/><D84/><U135/><E135/><V41/><F40/><W18/><G68/><T92/><D70/><U46/><E101/><V56/><F56/><W79/><G79/><T73/><D103/><U118/><E118/><V6/><F6/><W74/><G74/><T98/><D117/><U66/><E66/><V69/><F69/><W95/><G7/><T94/><D64/><U11/><E11/><V63/><F63/><W124/><G124/><T67/><D67/><U85/><E91/><V107/><F107/><N who="1" m="40969" /><E89/><V14/><F14/><W4/><G4/><T43/><D104/><RYUUKYOKU ba="2,0" sc="250,-30,240,10,231,10,279,10" hai1="5,9,12,24,31,32,46,51,52,85" hai2="8,10,25,29,41,45,48,83,86,88" hai3="13,17,18,19,95,96,102" /><INIT seed="2,3,0,3,5,116" ten="220,250,241,289" oya="2" hai0="133,99,72,92,56,128,20,104,101,57,45,4,114" hai1="26,93,46,7,84,100,62,13,59,17,126,2,61" hai2="129,106,77,25,94,10,54,123,134,28,44,33,78" hai3="76,68,14,1,49,6,19,24,60,36,69,40,11"/><V108/><F106/><W74/><G49/><T9/><D114/><U87/><E126/><V47/><F123/><W37/><G37/><T125/><D72/><U107/><E107/><V5/><F129/><W105/><G105/><T22/><D125/><U135/><E135/><V117/><F117/><W96/><G96/><T113/><D113/><U41/><E26/><V67/><F134/><W109/><G109/><T27/><D128/><U39/><E2/><V31/><F67/><W80/><G60/><T91/><D45/><U65/><E7/><V35/><F94/><W121/><G24/><T97/><D22/><U83/><E62/><V111/><F25/><W71/><G14/><T34/><D34/><U12/><E12/><V132/><F132/><W43/><G43/><T70/><D70/><U95/><E100/><V30/><F30/><W130/><G19/><T23/><D23/><U63/><E63/><V110/><F111/><W98/><G98/><T29/><D133/><U120/><E87/><V8/><F54/><W81/><G81/><T112/><D112/><U58/><E58/><V82/><F82/><W73/><G73/><T122/><D122/><U66/><E66/><V48/><F48/><W75/><G75/><T15/><AGARI ba="3,0" hai="4,9,15,20,27,29,56,57,91,92,97,99,101,104" machi="15" ten="20,1500,0" yaku="0,1,7,1" doraHai="116" who="0" fromWho="0" sc="220,24,250,-7,241,-10,289,-7" /><INIT seed="3,0,0,1,1,112" ten="244,243,231,282" oya="3" hai0="80,58,35,116,111,0,73,69,134,110,117,82,57" hai1="108,26,17,45,78,98,6,88,7,43,51,120,83" hai2="15,41,124,14,102,31,65,40,79,19,118,16,22" hai3="96,87,104,47,119,115,89,30,91,127,13,34,39"/><W94/><G115/><T72/><D0/><U46/><E108/><N who="0" m="41513" /><D35/><U66/><E120/><V63/><F118/><N who="0" m="45674" /><D69/><U92/><E66/><V81/><F102/><W52/><G127/><T27/><D27/><U70/><E70/><V28/><F28/><W37/><G34/><T56/><D134/><U105/><E105/><V86/><F31/><W126/><G30/><T55/><D55/><U76/><E46/><V12/><F124/><W36/><G126/><T11/><D11/><U93/><E93/><V42/><REACH who="2" step="1"/><F22/><REACH who="2" ten="244,243,221,282" step="2"/><W23/><G119/><T109/><D109/><U62/><E62/><V77/><F77/><W25/><G23/><T84/><D80/><U24/><E78/><AGARI ba="0,1" hai="56,57,58,72,73,78,82,84" m="45674,41513" machi="78" ten="40,8000,1" yaku="14,1,52,3" doraHai="112" who="0" fromWho="1" sc="244,90,243,-80,221,0,282,0" /><INIT seed="4,0,0,0,5,6" ten="334,163,221,282" oya="0" hai0="125,19,96,108,53,78,121,37,55,18,20,57,9" hai1="60,106,26,118,122,105,131,126,115,14,2,33,63" hai2="114,92,38,35,30,133,47,23,62,97,74,68,13" hai3="94,120,80,50,87,82,127,77,3,40,34,32,100"/><T123/><D125/><U49/><E26/><V86/><F74/><W22/><G127/><T117/><D117/><U28/><E28/><V10/><F35/><W36/><G120/><T73/><D37/><U67/><E14/><V27/><F114/><W109/><G3/><T81/><D108/><U116/><E49/><V72/><F72/><W7/><G7/><T93/><D53/><U61/><E67/><V111/><F133/><W103/><G36/><T130/><D130/><U16/><E16/><V1/><F1/><W113/><G32/><T29/><D29/><U95/><E95/><V8/><F111/><W98/><G103/><T41/><D41/><U65/><E65/><V75/><F75/><W31/><G109/><T69/><D69/><U17/><E17/><V99/><F13/><W56/><G113/><T104/><D104/><N who="1" m="40043" /><E126/><V107/><F107/><W0/><G0/><T21/><D21/><U12/><E2/><V4/><F4/><W45/><G34/><T90/><D19/><U43/><E33/><V25/><F25/><W46/><G40/><T70/><D70/><U76/><E43/><N who="2" m="23031" /><F86/><W54/><G82/><T39/><D39/><U59/><E115/><V128/><F99/><W15/><G15/><T101/><D101/><U5/><E12/><V135/><F128/><W44/><G31/><T129/><D129/><U48/><E131/><V42/><F42/><W11/><G22/><T112/><D112/><U51/><E5/><V134/><F68/><W119/><G119/><N who="1" m="45610" /><E122/><V64/><F134/><W85/><G11/><T52/><D121/><U66/><E76/><RYUUKYOKU ba="0,0" sc="334,-15,163,15,221,-15,282,15" hai1="48,51,59,60,61,63,66" hai3="44,45,46,50,54,56,77,80,85,87,94,98,100" /><INIT seed="5,1,0,3,4,21" ten="319,178,206,297" oya="1" hai0="8,100,106,22,130,95,28,65,112,51,76,20,26" hai1="1,77,108,118,44,63,94,126,48,25,45,60,83" hai2="4,71,125,23,47,0,7,64,96,117,3,70,46" hai3="132,31,93,29,14,103,41,91,74,27,67,135,68"/><U38/><E118/><V110/><F117/><W43/><G74/><T10/><D106/><U124/><E1/><V19/><F110/><W104/><G14/><T102/><D112/><U54/><E108/><V134/><F134/><N who="3" m="51243" /><G104/><T5/><D130/><U116/><E116/><V58/><F125/><N who="1" m="48233" /><E94/><V52/><F96/><N who="3" m="57407" /><G103/><T82/><D95/><U127/><N who="1" m="48241" /><U78/><DORA hai="79" /><E25/><V105/><F105/><W114/><G31/><T34/><D26/><U16/><E16/><V40/><F3/><W109/><G109/><T33/><D28/><U55/><E78/><V89/><F0/><W56/><G68/><T115/><D76/><U87/><E55/><V111/><F52/><W72/><G114/><T113/><D34/><U35/><E35/><V133/><F111/><W131/><G131/><T30/><D33/><U62/><E38/><V90/><F133/><W37/><G37/><T36/><D36/><U53/><E54/><V39/><F39/><W97/><G97/><T11/><D30/><U49/><E48/><V59/><F19/><W24/><G72/><T73/><D73/><U123/><E44/><V98/><F98/><W13/><G13/><T32/><D32/><U129/><E129/><V66/><F23/><N who="3" m="15519" /><G27/><T18/><D113/><U50/><E49/><V2/><F2/><W61/><AGARI ba="1,0" hai="41,43,56,61,67" m="15519,57407,51243" machi="61" ten="30,2000,0" yaku="20,1,52,1" doraHai="21,79" who="3" fromWho="3" sc="319,-6,178,-11,206,-6,297,23" /><INIT seed="6,0,0,4,4,25" ten="313,167,200,320" oya="2" hai0="135,45,6,62,121,20,8,79,70,109,49,42,120" hai1="105,74,112,47,98,2,60,48,92,23,30,103,102" hai2="86,83,106,91,64,18,71,59,17,37,127,134,61" hai3="9,15,34,85,52,12,3,119,40,87,88,95,51"/><V99/><F37/><W14/><G119/><T113/><D109/><U39/><E39/><V50/><F127/><W65/><G65/><T63/><D113/><U76/><E112/><V56/><F134/><W118/><G118/><T16/><D135/><U0/><E60/><V131/><F131/><W129/><G129/><T96/><D79/><U5/><E74/><V11/><F11/><W107/><G107/><T28/><D28/><U21/><E76/><V117/><F117/><W81/><G40/><T27/><D96/><U111/><E111/><V43/><F43/><W53/><G53/><T93/><D93/><U128/><E128/><V75/><F75/><W123/><G34/><T19/><D19/><U44/><E105/><V66/><F71/><W125/><G3/><T36/><D36/><U78/><E78/><V7/><F7/><N who="3" m="3135" /><G125/><T55/><D63/><U67/><E67/><V80/><F80/><W54/><G54/><T32/><D32/><U108/><E108/><V89/><F64/><W124/><G123/><T10/><D10/><U41/><E41/><V69/><F69/><W126/><G126/><T72/><D72/><U68/><E68/><V77/><F106/><W82/><G82/><T90/><D70/><U133/><E133/><V35/><F35/><W110/><G110/><T29/><D42/><U114/><E114/><V100/><F77/><N who="3" m="46255" /><G124/><T130/><D130/><U104/><E104/><N who="2" m="63519" /><F91/><W132/><G132/><T101/><D120/><U4/><E92/><V13/><F13/><W1/><G1/><N who="0" m="79" /><D121/><U115/><E115/><V73/><F73/><W58/><AGARI ba="0,0" hai="14,15,51,52,58,87,88,95" m="46255,3135" machi="58" ten="30,7900,0" yaku="5,1,8,1,54,2" doraHai="25" who="3" fromWho="3" sc="313,-20,167,-20,200,-39,320,79" /><INIT seed="7,0,0,3,0,70" ten="293,147,161,399" oya="3" hai0="39,35,110,51,27,133,69,98,37,53,4,29,128" hai1="121,120,21,81,124,18,108,125,0,119,3,64,56" hai2="130,87,14,80,55,89,60,76,2,90,74,48,106" hai3="63,95,1,59,52,46,44,79,65,7,83,84,126"/><W40/><G126/><N who="1" m="48746" /><E81/><V19/><F2/><N who="1" m="553" /><E64/><V36/><F130/><W103/><G7/><T47/><D128/><U82/><E82/><V71/><F106/><W116/><G116/><T134/><D110/><U45/><E56/><V68/><F36/><W41/><G1/><T30/><D4/><U15/><E45/><N who="3" m="17514" /><G65/><T101/><D30/><U111/><E119/><V34/><F60/><W73/><G73/><T22/><D35/><U132/><E132/><N who="0" m="50793" /><D69/><U105/><E105/><AGARI ba="0,0" hai="22,27,29,37,39,47,51,53,98,101,105" m="50793" machi="105" ten="30,3900,0" yaku="20,1,52,2" doraHai="70" who="0" fromWho="1" sc="293,39,147,-39,161,0,399,0" owari="332,13.0,108,-39.0,161,-24.0,399,50.0" /></mjloggm>