<mjloggm ver="2.3"><GO type="169" lobby="0"/><UN n0="%E3%81%98%E3%81%98%E3%81%84%E3%81%8C%E5%91%BC%E3%82%93%E3%81%A0" n1="%40%6B%6B%6B" n2="%E3%81%AF%E3%81%BF%E3%82%82%E3%82%93" n3="%E3%81%A8%E3%81%B3%E3%81%BE%E3%81%93" dan="16,16,18,16" rate="2090.79,2137.27,2227.16,2138.61" sx="M,M,M,M"/><TAIKYOKU oya="0"/><INIT seed="0,0,0,1,5,135" ten="250,250,250,250" oya="0" hai0="18,9,70,45,73,108,74,118,134,3,99,84,131" hai1="87,98,1,125,46,56,22,95,2,117,23,79,92" hai2="126,105,94,17,48,64,51,49,90,7,71,55,53" hai3="62,47,61,114,106,93,27,107,88,115,102,10,78"/><T34/><D18/><U128/><E117/><V86/><F105/><W40/><G78/><T81/><D9/><U68/><E68/><V100/><F7/><W19/><G114/><T75/><D84/><U97/><E56/><V4/><F4/><W67/><G102/><T63/><D99/><U11/><E46/><V112/><F100/><W26/><G115/><T44/><D81/><U36/><E36/><V25/><F112/><W127/><G127/><T20/><D20/><U21/><E11/><V103/><F71/><W123/><G123/><T65/><D45/><U124/><E87/><V16/><F64/><W120/><G120/><T110/><D44/><U60/><E60/><V89/><F126/><N who="1" m="48745" /><E79/><V43/><F43/><W5/><G61/><T29/><D63/><U76/><E76/><V38/><F103/><W54/><G54/><N who="2" m="20489" /><F25/><W80/><G27/><T96/><D70/><U32/><E32/><V133/><F133/><W83/><G26/><T8/><D34/><U41/><E41/><V58/><F38/><W69/><G40/><T111/><D134/><U91/><E128/><V28/><F28/><W13/><G69/><T121/><D131/><U82/><E82/><N who="2" m="49367" /><F58/><W113/><G83/><T42/><D42/><U129/><E129/><V130/><F130/><W59/><G80/><T109/><D109/><U122/><E122/><V35/><F35/><W66/><G113/><T15/><D110/><U12/><E12/><V77/><F77/><W39/><G59/><T0/><D111/><U104/><E104/><V85/><AGARI ba="0,0" hai="16,17,48,49,51,85,90,94" m="49367,20489" machi="85" ten="30,2000,0" yaku="8,1,54,1" doraHai="135" who="2" fromWho="2" sc="250,-10,250,-5,250,20,250,-5" /><INIT seed="1,0,0,1,4,116" ten="240,245,270,245" oya="1" hai0="51,6,104,28,102,103,22,40,98,88,45,113,29" hai1="57,8,62,69,11,122,92,117,4,79,1,97,54" hai2="31,61,100,32,108,38,127,107,48,77,118,135,55" hai3="67,15,86,129,75,106,133,64,58,19,114,42,119"/><U101/><E117/><V84/><F38/><W123/><G75/><T110/><D113/><U7/><E69/><V9/><F32/><W126/><G114/><T14/><D110/><U10/><E79/><V112/><F31/><W60/><G119/><T34/><D34/><U30/><E30/><V13/><F107/><W66/><G106/><T47/><D103/><U99/><E122/><V73/><F100/><W3/><G3/><T74/><D74/><U80/><E80/><V65/><F108/><W132/><G123/><T125/><D125/><U46/><E99/><V0/><F0/><W72/><G72/><T96/><D47/><U17/><E1/><V105/><F105/><W121/><G121/><T90/><D90/><U63/><E63/><V91/><F135/><N who="3" m="51787" /><G42/><T87/><D98/><U24/><REACH who="1" step="1"/><E46/><REACH who="1" ten="240,235,270,245" step="2"/><V71/><F118/><W5/><G60/><T124/><D124/><U26/><E26/><V41/><F127/><W2/><G126/><T18/><REACH who="0" step="1"/><D6/><REACH who="0" ten="230,235,270,245" step="2"/><U59/><E59/><V49/><F112/><W20/><G58/><T89/><D89/><U95/><E95/><AGARI ba="0,2" hai="14,18,22,28,29,40,45,51,87,88,95,96,102,104" machi="95" ten="30,8000,1" yaku="1,1,7,1,54,1,53,2" doraHai="116" doraHaiUra="27" who="0" fromWho="1" sc="230,100,235,-80,270,0,245,0" /><INIT seed="2,0,0,5,5,17" ten="330,155,270,245" oya="2" hai0="91,63,53,106,122,5,3,21,27,44,47,60,2" hai1="107,104,82,77,115,57,59,118,125,62,46,74,54" hai2="114,10,100,135,101,65,97,15,121,76,7,4,111" hai3="130,103,66,116,132,133,16,11,49,26,85,81,0"/><V127/><F114/><W79/><G116/><T99/><D122/><U93/><E118/><V37/><F121/><W78/><G130/><T110/><D110/><U28/><E115/><V128/><F37/><W112/><G112/><T73/><D73/><U45/><E125/><V123/><F123/><W55/><G103/><T94/><D106/><U92/><E28/><V87/><F128/><W38/><G38/><T102/><D102/><U84/><E59/><V25/><F135/><N who="3" m="51787" /><G66/><T18/><D60/><U71/><E71/><V51/><F65/><W31/><G0/><T117/><D117/><U52/><E54/><V48/><F101/><W30/><G79/><T89/><D89/><U41/><E45/><N who="0" m="17481" /><D5/><U126/><E126/><V24/><F4/><W124/><G124/><T67/><D67/><U83/><E107/><V86/><F111/><W1/><G1/><T23/><D23/><U50/><REACH who="1" step="1"/><E104/><REACH who="1" ten="330,145,270,245" step="2"/><V69/><F69/><W131/><G131/><T12/><D53/><U70/><E70/><V29/><F127/><W58/><G11/><T34/><D34/><U61/><E61/><V32/><F32/><W40/><G40/><T109/><D63/><U119/><E119/><V90/><F10/><W120/><G120/><T42/><D109/><U6/><E6/><V68/><F7/><W95/><G55/><T8/><D42/><U13/><E13/><V14/><F15/><W72/><G58/><T80/><D2/><U98/><E98/><V43/><F43/><W113/><G113/><T20/><D3/><U36/><E36/><V96/><F68/><W56/><G56/><RYUUKYOKU ba="0,1" sc="330,-10,145,30,270,-10,245,-10" hai1="41,46,50,52,57,62,74,77,82,83,84,92,93" /><INIT seed="3,1,1,2,2,39" ten="320,175,260,235" oya="3" hai0="135,97,46,12,30,122,112,11,119,1,74,80,20" hai1="85,37,38,19,114,65,72,4,28,73,9,95,62" hai2="76,35,50,107,117,126,48,91,111,47,22,10,102" hai3="44,105,55,98,23,130,21,49,93,118,115,7,60"/><W33/><G115/><T104/><D20/><U15/><E114/><V101/><F35/><W68/><G105/><T3/><D30/><U25/><E37/><V84/><F111/><W13/><G33/><T121/><D12/><U71/><E38/><V43/><F126/><W14/><G130/><T69/><D69/><U83/><E95/><V123/><F123/><W31/><G118/><T132/><D11/><U6/><E73/><V27/><F76/><W56/><G68/><T133/><D119/><U45/><E45/><V127/><F127/><W17/><G7/><T100/><D46/><U90/><REACH who="1" step="1"/><E72/><REACH who="1" ten="320,165,260,235" step="2"/><V88/><F117/><W2/><G2/><N who="0" m="523" /><D112/><U92/><E92/><V29/><F107/><W106/><G106/><T51/><D122/><U52/><E52/><V96/><F47/><W82/><G93/><T42/><D121/><U54/><E54/><V18/><F102/><W116/><G44/><N who="0" m="26007" /><D74/><U63/><E63/><V113/><F101/><W41/><G60/><T94/><D104/><U120/><E120/><V87/><F113/><W75/><G55/><T89/><D100/><U53/><E53/><V128/><F50/><W0/><G75/><T34/><D34/><AGARI ba="1,2" hai="4,6,9,15,19,25,28,34,62,65,71,83,85,90" machi="34" ten="30,2000,0" yaku="1,1,7,1,53,0" doraHai="39" doraHaiUra="16" who="1" fromWho="0" sc="320,-23,165,43,260,0,235,0" /><INIT seed="4,0,0,4,1,100" ten="297,208,260,235" oya="0" hai0="131,61,114,105,60,0,91,96,132,134,97,125,12" hai1="128,48,62,3,72,95,117,87,49,21,13,63,40" hai2="94,9,55,116,24,54,108,123,22,8,69,135,73" hai3="4,115,7,82,98,43,17,112,15,103,25,47,71"/><T20/><D0/><U46/><E72/><V44/><F108/><W102/><G71/><T78/><D114/><N who="3" m="43561" /><G102/><N who="0" m="62663" /><D78/><U42/><E3/><V36/><F73/><W101/><G103/><T118/><D118/><U67/><E128/><V77/><F77/><W84/><G25/><T32/><D32/><U35/><E35/><V64/><F123/><W126/><G126/><T56/><D61/><U113/><E117/><V37/><F64/><W127/><G127/><T70/><D70/><U39/><E62/><V11/><F69/><W83/><G7/><T68/><D68/><U45/><E39/><V88/><F116/><W31/><G31/><T6/><D6/><U2/><E2/><V5/><F5/><W23/><G84/><T93/><D125/><U53/><E67/><V85/><F37/><N who="3" m="21999" /><G4/><T27/><D12/><U124/><E113/><V109/><F109/><W120/><G120/><T130/><D20/><U59/><E124/><V65/><F36/><W30/><G30/><T90/><D27/><U80/><E95/><AGARI ba="0,0" hai="15,17,23,82,83,95,98,101" m="21999,43561" machi="95" ten="30,1000,0" yaku="15,1" doraHai="100" who="3" fromWho="1" sc="297,0,208,-10,260,0,235,10" /><INIT seed="5,0,0,1,3,104" ten="297,198,260,245" oya="1" hai0="9,15,117,32,52,119,134,126,97,24,100,113,8" hai1="1,25,76,108,61,48,30,112,49,57,51,123,41" hai2="111,91,102,54,47,13,74,7,75,64,0,12,23" hai3="90,22,71,114,3,21,44,20,129,131,105,88,53"/><U55/><E1/><V66/><F111/><W92/><G105/><T14/><D113/><U29/><E108/><V36/><F102/><W45/><G3/><T106/><D126/><U28/><E112/><V72/><F0/><W89/><G114/><T101/><D134/><U6/><E123/><V33/><F33/><W50/><G71/><T99/><D32/><U46/><E6/><V118/><F118/><W59/><REACH who="3" step="1"/><G92/><REACH who="3" ten="297,198,260,235" step="2"/><T42/><D106/><U58/><E76/><V83/><F83/><W17/><G17/><T69/><D69/><U43/><E43/><V115/><F115/><W11/><G11/><T122/><D42/><U73/><E73/><V2/><F2/><W10/><G10/><T103/><D122/><U110/><E110/><V94/><F7/><W56/><G56/><T93/><D93/><U18/><E58/><V77/><F77/><W35/><G35/><T26/><D103/><U63/><E61/><V127/><F75/><W116/><G116/><T31/><D31/><U128/><E128/><AGARI ba="0,1" hai="20,21,22,44,45,50,53,59,88,89,90,128,129,131" machi="128" ten="50,6400,0" yaku="1,1,19,1,54,1,53,0" doraHai="104" doraHaiUra="39" who="3" fromWho="1" sc="297,0,198,-64,260,0,235,74" /><INIT seed="6,0,0,4,1,61" ten="297,134,260,309" oya="2" hai0="45,11,118,89,62,46,70,57,97,19,134,94,75" hai1="27,115,34,92,131,81,39,108,49,96,50,125,40" hai2="103,64,74,30,78,86,93,83,9,8,14,15,109" hai3="20,60,104,10,87,99,41,28,123,130,72,0,135"/><V4/><F109/><W126/><G72/><T31/><D134/><U85/><E108/><V128/><F128/><W59/><G130/><T54/><D118/><U5/><E131/><V95/><F30/><W43/><G123/><T52/><D75/><U25/><E5/><V112/><F112/><W76/><G126/><T26/><D70/><U56/><E125/><V105/><F74/><W129/><G135/><T38/><D38/><U82/><E115/><V51/><F105/><W23/><G0/><T65/><D46/><U17/><E39/><V13/><F64/><W42/><G10/><N who="2" m="4201" /><F103/><W63/><G99/><T2/><D45/><N who="1" m="25767" /><E34/><V111/><F111/><W68/><G104/><T106/><D106/><U121/><E121/><V3/><F3/><W33/><G28/><T53/><D19/><U110/><E110/><V127/><F127/><W80/><G33/><T77/><D77/><U107/><E107/><V24/><F4/><W88/><G76/><T29/><REACH who="0" step="1"/><D26/><REACH who="0" ten="287,134,260,309" step="2"/><U18/><E27/><V116/><F116/><W113/><G129/><T69/><D69/><U71/><E71/><V79/><F78/><W133/><G113/><T122/><D122/><U90/><E25/><V91/><F24/><W102/><G133/><T132/><D132/><U73/><E73/><V44/><F79/><W36/><G36/><T21/><D21/><U117/><E117/><V120/><F120/><W58/><G68/><T98/><D98/><U119/><E119/><V84/><F84/><W66/><G102/><T67/><D67/><AGARI ba="0,1" hai="20,23,41,42,43,58,59,60,63,66,67,80,87,88" machi="67" ten="40,8000,1" yaku="9,1,8,1,52,2,54,1" doraHai="61" who="3" fromWho="0" sc="287,-80,134,0,260,0,309,90" /><INIT seed="7,0,0,1,5,52" ten="207,134,260,399" oya="3" hai0="29,6,108,71,51,46,26,75,126,133,128,109,22" hai1="17,83,63,135,97,90,30,7,104,39,58,13,10" hai2="50,85,120,23,91,61,92,33,106,81,2,34,78" hai3="76,84,35,15,127,62,118,49,19,112,56,87,105"/><W48/><G105/><T69/><D75/><U11/><E39/><V119/><F2/><W134/><G35/><T96/><D6/><U18/><E135/><V72/><F119/><W8/><G112/><T54/><D96/><U59/><E30/><V103/><F120/><W99/><G127/><T111/><D133/><U20/><E104/><V47/><F61/><W31/><G31/><T32/><D126/><U3/><E63/><V9/><F23/><W117/><G134/><T79/><D79/><U16/><E18/><V95/><F95/><W27/><G99/><T42/><D128/><U70/><E70/><V74/><F74/><W28/><G28/><T21/><D21/><U0/><E0/><V102/><F9/><W121/><G8/><T55/><D55/><U100/><E83/><V5/><F5/><W24/><G62/><T130/><D130/><U37/><E37/><V67/><F81/><W86/><G76/><T116/><D116/><U40/><E40/><V41/><F78/><W45/><G121/><T88/><D32/><U124/><E124/><V68/><F41/><W122/><G122/><T80/><D42/><U132/><E132/><V64/><F34/><W113/><G113/><T115/><D115/><U82/><E82/><V25/><F33/><W66/><G66/><T107/><D107/><U44/><E44/><V43/><F47/><W125/><G45/><T73/><D73/><U36/><E36/><V12/><F43/><W1/><G125/><T114/><REACH who="0" step="1"/><D114/><REACH who="0" ten="197,134,260,399" step="2"/><U101/><E97/><N who="2" m="59687" /><F106/><W14/><G118/><T110/><N who="0" m="27648" /><DORA hai="53" /><T4/><D4/><RYUUKYOKU ba="0,1" sc="197,30,134,-10,260,-10,399,-10" hai0="22,26,29,46,51,54,69,71,80,88" owari="227,-17.0,124,-38.0,250,5.0,399,50.0" /></mjloggm>