<mjloggm ver="2.3"><GO type="185" lobby="0"/><UN n0="%52%35" n1="%E5%8C%97%E5%B0%8F%E8%B7%AF%3A%E9%9A%86%E5%A4%AA" n2="%62%69%74%74%65%72%74" n3="" dan="16,16,18,0" rate="2153.38,2232.19,2287.07,1500.00" sx="M,M,M,C"/><TAIKYOKU oya="0"/><INIT seed="0,0,0,2,3,102" ten="350,350,350,0" oya="0" hai0="129,101,41,2,100,43,112,116,131,42,80,84,59" hai1="111,106,60,54,51,128,120,93,76,58,83,44,70" hai2="62,36,68,67,122,39,135,127,47,87,3,103,92" hai3=""/><T98/><D112/><U72/><N who="1" m="30752" /><U123/><N who="1" m="31520" /><U66/><E128/><N who="0" m="49225" /><D116/><U125/><E125/><V97/><N who="2" m="31264" /><V104/><F127/><T114/><D114/><U77/><E111/><V113/><F113/><T117/><D117/><U38/><E77/><V55/><F3/><T74/><D2/><U71/><E106/><V124/><F124/><T46/><D74/><U34/><E34/><V0/><F0/><T50/><D59/><U49/><E38/><V121/><N who="2" m="31008" /><V56/><F47/><T88/><D100/><U40/><REACH who="1" step="1"/><E93/><AGARI ba="0,0" hai="41,42,43,46,50,80,84,88,93,98,101" m="49225" machi="93" ten="30,2900,0" yaku="19,1,54,1" doraHai="102" who="0" fromWho="1" sc="350,29,350,-29,350,0,0,0" /><INIT seed="0,1,0,0,2,90" ten="379,321,350,0" oya="0" hai0="102,81,69,112,105,63,99,53,65,48,42,95,57" hai1="97,84,104,94,78,116,124,66,92,38,88,111,70" hai2="51,44,0,108,100,117,134,115,61,50,74,72,45" hai3=""/><T122/><N who="0" m="31264" /><T34/><D112/><U79/><E38/><V39/><F100/><T47/><D34/><U120/><N who="1" m="30752" /><U58/><E116/><V132/><F0/><T89/><D81/><U125/><E70/><V113/><F61/><T32/><D32/><U127/><E104/><V36/><F117/><T76/><D76/><N who="1" m="29227" /><E111/><AGARI ba="1,0" hai="36,39,44,45,50,51,72,74,108,111,113,115,132,134" machi="111" ten="25,1600,0" yaku="22,2" doraHai="90" who="2" fromWho="1" sc="379,0,321,-18,350,18,0,0" /><INIT seed="1,0,0,3,5,124" ten="379,303,368,0" oya="1" hai0="97,127,94,110,125,108,118,103,46,43,134,54,50" hai1="0,135,87,32,105,71,112,56,82,121,79,53,95" hai2="42,41,34,62,90,120,98,73,52,49,61,132,55" hai3=""/><U69/><N who="1" m="31008" /><U83/><E0/><V128/><N who="2" m="30752" /><V63/><F73/><T93/><D134/><U80/><E32/><V126/><F34/><T122/><N who="0" m="31264" /><T47/><D94/><U65/><E135/><V131/><F132/><T99/><D99/><U91/><E105/><V111/><F126/><N who="0" m="48138" /><D118/><U119/><E119/><V40/><F111/><N who="0" m="42538" /><D47/><U45/><E112/><V67/><F67/><T70/><D70/><U102/><E102/><V107/><F107/><T123/><N who="0" m="31520" /><T116/><D116/><U72/><E69/><V51/><F90/><T48/><D54/><N who="2" m="20522" /><F98/><T109/><N who="0" m="42546" /><T60/><DORA hai="81" /><D60/><U100/><E100/><V44/><F44/><T37/><AGARI ba="0,0" hai="37,43,46,48,50,93,97,103" m="31520,42546,48138,31264" machi="37" ten="50,6000,1" yaku="18,1,14,1,52,2" doraHai="124,81" who="0" fromWho="0" sc="379,60,303,-40,368,-20,0,0" /><INIT seed="2,0,0,3,1,125" ten="439,263,348,0" oya="2" hai0="44,84,121,2,42,122,57,47,131,43,49,64,120" hai1="135,32,66,107,50,54,75,89,76,74,124,60,80" hai2="78,77,72,119,105,126,95,100,71,69,130,85,0" hai3=""/><V65/><F0/><T39/><D2/><U98/><E124/><V109/><F126/><T81/><N who="0" m="30752" /><T118/><N who="0" m="31008" /><T35/><N who="0" m="31264" /><T101/><D35/><U82/><E32/><V55/><F119/><T108/><D118/><U133/><E74/><V63/><F109/><T79/><D108/><U132/><E82/><V36/><F36/><T106/><D131/><U134/><N who="1" m="33792" /><DORA hai="114" /><U87/><E107/><V88/><F71/><T53/><D64/><U104/><E104/><V37/><F37/><T90/><D106/><U123/><N who="1" m="31520" /><U1/><E98/><V97/><F130/><T91/><REACH who="0" step="1"/><D101/><REACH who="0" ten="429,263,348,0" step="2"/><U33/><E33/><V103/><F103/><T34/><D34/><U59/><E1/><V73/><REACH who="2" step="1"/><F55/><REACH who="2" ten="429,263,338,0" step="2"/><T102/><D102/><U94/><REACH who="1" step="1"/><E66/><REACH who="1" ten="429,253,338,0" step="2"/><V51/><F51/><AGARI ba="0,3" hai="39,42,43,44,47,49,51,53,57,79,81,84,90,91" m="31264,31008,30752" machi="51" ten="30,12000,2" yaku="1,1,7,1,52,3,53,2" doraHai="125,114" doraHaiUra="3,41" who="0" fromWho="2" sc="429,150,253,0,338,-120,0,0" /><AGARI ba="0,0" hai="50,51,54,59,60,75,76,80,87,89,94" m="31520,33792" machi="51" ten="70,8000,1" yaku="1,1,2,1,20,1,52,1,53,0" doraHai="125,114" doraHaiUra="3,41" who="1" fromWho="2" sc="579,0,253,80,218,-80,0,0" /><INIT seed="4,0,0,1,5,48" ten="579,333,138,0" oya="0" hai0="62,83,65,70,75,125,1,2,94,135,47,107,101" hai1="90,113,86,84,39,99,130,81,112,106,66,121,88" hai2="127,133,117,115,32,77,92,102,97,89,45,116,79" hai3=""/><T50/><D135/><U114/><N who="1" m="31008" /><U3/><E39/><V109/><F32/><T60/><D125/><U35/><E35/><V100/><F45/><T78/><D107/><U44/><E3/><V91/><F109/><T96/><REACH who="0" step="1"/><D62/><REACH who="0" ten="569,333,138,0" step="2"/><U134/><E134/><V52/><F133/><T129/><D129/><U69/><E130/><V53/><F127/><T67/><D67/><U104/><E44/><V123/><N who="2" m="31520" /><V0/><F0/><T46/><D46/><U120/><N who="1" m="30752" /><U40/><E40/><AGARI ba="0,1" hai="1,2,40,47,50,60,65,70,75,78,83,94,96,101" machi="40" ten="30,2900,0" yaku="1,1,7,1,53,0" doraHai="48" doraHaiUra="51" who="0" fromWho="1" sc="569,39,333,-29,138,0,0,0" /><INIT seed="4,1,0,1,0,122" ten="608,304,138,0" oya="0" hai0="41,65,101,124,123,59,132,88,57,36,119,44,72" hai1="121,129,93,43,68,110,81,105,102,94,91,70,128" hai2="55,126,78,76,60,73,77,86,134,92,103,80,108" hai3=""/><T99/><N who="0" m="31520" /><T127/><D119/><U61/><N who="1" m="31008" /><U67/><E68/><V53/><F134/><T34/><D34/><U47/><E110/><V82/><F126/><N who="0" m="48170" /><D132/><U35/><E35/><V97/><F78/><T0/><D0/><U95/><E105/><V131/><F131/><N who="1" m="50249" /><E81/><V113/><F113/><T39/><D72/><U79/><E79/><V107/><F108/><T50/><D88/><U33/><E33/><V125/><F125/><T1/><D1/><U38/><E102/><V130/><F130/><T49/><D49/><U54/><E54/><V109/><F53/><T85/><D65/><U56/><E70/><V104/><F109/><T89/><D57/><U106/><E106/><V96/><F107/><T115/><D59/><U2/><E2/><V117/><F104/><T45/><D115/><U135/><E135/><V116/><F55/><T42/><D45/><U3/><E3/><V69/><F69/><T52/><D52/><U32/><E32/><V111/><F111/><T66/><D66/><U114/><E114/><V51/><F103/><T37/><D42/><U74/><E74/><V133/><F133/><T83/><D101/><U48/><E48/><V75/><F51/><T120/><N who="0" m="30752" /><T87/><D83/><RYUUKYOKU ba="1,0" sc="608,10,304,10,138,-20,0,0" hai0="36,37,39,41,44,50,85,87,89,99" hai1="38,43,47,56,61,67,91,93,94,95" /><INIT seed="4,2,0,4,0,70" ten="618,314,118,0" oya="0" hai0="129,82,67,122,2,89,112,35,71,104,119,94,81" hai1="123,95,115,78,88,121,101,100,32,33,128,0,87" hai2="40,42,109,66,46,83,77,99,39,53,107,65,105" hai3=""/><T91/><N who="0" m="31264" /><T73/><D119/><U76/><N who="1" m="31008" /><U47/><N who="1" m="31520" /><U43/><E0/><V79/><F109/><T45/><D35/><U133/><E133/><V108/><F108/><T1/><D104/><U96/><E128/><V134/><F134/><T63/><D129/><U62/><E115/><V118/><F118/><T120/><N who="0" m="30752" /><T125/><D112/><U72/><E101/><V74/><F79/><T55/><D125/><U135/><E135/><V60/><F42/><T85/><D82/><U52/><E78/><V80/><F80/><T48/><REACH who="0" step="1"/><D73/><REACH who="0" ten="608,314,118,0" step="2"/><U41/><E72/><V34/><F34/><T126/><D126/><U130/><E130/><V132/><F132/><T86/><AGARI ba="2,1" hai="1,2,45,48,55,63,67,71,81,85,86,89,91,94" m="30752,31264" machi="86" ten="20,8000,1" yaku="1,1,0,1,7,1,52,2,53,0" doraHai="70" doraHaiUra="131" who="0" fromWho="0" sc="608,94,314,-42,118,-42,0,0" /><INIT seed="4,3,0,3,4,57" ten="702,272,76,0" oya="0" hai0="50,54,119,129,40,46,79,87,122,38,49,58,73" hai1="82,34,123,110,130,33,1,55,61,52,45,72,75" hai2="71,104,98,32,102,134,132,92,100,60,97,0,118" hai3=""/><T44/><N who="0" m="31264" /><T74/><D119/><U85/><N who="1" m="31520" /><U59/><E1/><V53/><F0/><T56/><D129/><U48/><E110/><V124/><F32/><T3/><D3/><U107/><E107/><V103/><F118/><T90/><D79/><U67/><E130/><V42/><F42/><T70/><D70/><U51/><E33/><V78/><F124/><T96/><D96/><U94/><E94/><V36/><F36/><T109/><D109/><U77/><E34/><V116/><F78/><T115/><D115/><U81/><E81/><V112/><F116/><T63/><D58/><AGARI ba="3,0" hai="45,48,51,52,55,58,59,61,67,72,75,77,82,85" m="31520" machi="58" ten="30,7700,0" yaku="7,1,52,2,54,1" doraHai="57" who="1" fromWho="0" sc="702,-83,272,83,76,0,0,0" /><INIT seed="5,0,0,5,5,85" ten="619,355,76,0" oya="1" hai0="93,87,38,98,55,81,60,74,47,102,108,103,59" hai1="71,121,94,130,49,101,34,40,51,76,54,104,124" hai2="0,41,86,53,42,100,32,129,96,125,92,69,75" hai3=""/><U89/><N who="1" m="31008" /><U109/><E34/><V35/><F75/><T120/><N who="0" m="30752" /><T84/><D108/><U78/><E71/><V88/><F69/><T97/><D74/><U127/><E130/><V134/><F0/><T105/><REACH who="0" step="1"/><D81/><REACH who="0" ten="609,355,76,0" step="2"/><U132/><E109/><V46/><F129/><T48/><D48/><U95/><E132/><V114/><F134/><T123/><N who="0" m="31520" /><T37/><D37/><U62/><E49/><V43/><F32/><T2/><D2/><U126/><E62/><V133/><F35/><T128/><D128/><U52/><E40/><AGARI ba="0,1" hai="38,40,47,55,59,60,84,87,93,97,98,102,103,105" m="31520,30752" machi="40" ten="40,5200,0" yaku="1,1,52,2,53,0" doraHai="85" doraHaiUra="65" who="0" fromWho="1" sc="609,62,355,-52,76,0,0,0" /><INIT seed="6,0,0,5,2,62" ten="671,303,76,0" oya="2" hai0="114,67,95,81,41,1,126,129,82,101,56,75,38" hai1="66,125,109,89,78,34,102,77,96,35,54,70,46" hai2="50,108,57,42,59,92,88,63,53,133,3,93,120" hai3=""/><V44/><N who="2" m="30752" /><V84/><F3/><T86/><D1/><U72/><E109/><V123/><N who="2" m="31520" /><V112/><F108/><T58/><D114/><U104/><E125/><V113/><F133/><T85/><D126/><U83/><E78/><V47/><F93/><T117/><D117/><U100/><E100/><V33/><F33/><T61/><D75/><U124/><E124/><V127/><F127/><T98/><D129/><U69/><E89/><V132/><F132/><T48/><D38/><U134/><E134/><V36/><REACH who="2" step="1"/><F59/><REACH who="2" ten="671,303,66,0" step="2"/><T115/><D58/><U103/><E34/><V71/><F71/><T55/><D95/><U74/><E35/><V52/><AGARI ba="0,1" hai="36,42,44,47,50,52,53,57,63,84,88,92,112,113" m="31520,30752" machi="52" ten="30,12000,2" yaku="1,1,0,1,52,2,54,2,53,0" doraHai="62" doraHaiUra="2" who="2" fromWho="2" sc="671,-60,303,-60,66,130,0,0" /><INIT seed="6,1,0,5,3,77" ten="611,243,196,0" oya="2" hai0="78,134,3,110,85,83,126,48,67,99,34,39,84" hai1="106,88,112,66,118,50,61,57,69,53,55,63,129" hai2="40,133,47,90,108,92,120,68,71,81,82,32,96" hai3=""/><V38/><N who="2" m="30752" /><V115/><F32/><T49/><D110/><U103/><E112/><V58/><F115/><T65/><D34/><U101/><E118/><V111/><F133/><T73/><D3/><U87/><E129/><V52/><F71/><T75/><D39/><U113/><E106/><V79/><F68/><T60/><D134/><U33/><E33/><V86/><REACH who="2" step="1"/><F82/><REACH who="2" ten="611,243,186,0" step="2"/><T35/><D35/><U130/><E113/><V62/><AGARI ba="1,1" hai="38,40,47,52,58,62,79,81,86,90,92,96,108,111" m="30752" machi="62" ten="30,12000,2" yaku="1,1,2,1,0,1,52,2,54,1,53,1" doraHai="77" doraHaiUra="91" who="2" fromWho="2" sc="611,-61,243,-61,186,132,0,0" /><INIT seed="6,2,0,0,5,95" ten="550,182,318,0" oya="2" hai0="84,101,62,123,49,134,102,56,133,86,126,111,115" hai1="72,33,53,110,92,61,69,41,109,98,58,42,125" hai2="80,114,135,34,85,120,77,113,44,107,96,71,91" hai3=""/><V35/><N who="2" m="30752" /><V112/><F71/><T46/><N who="0" m="31520" /><T106/><D111/><U104/><E72/><V81/><F44/><T97/><D126/><U43/><E104/><V127/><F127/><T67/><D102/><U103/><E33/><V76/><F135/><N who="0" m="51722" /><D115/><U94/><E125/><V130/><F130/><T122/><N who="0" m="31264" /><T50/><D50/><U52/><E69/><V119/><F119/><T66/><D67/><U93/><E110/><V48/><F48/><T63/><D63/><U65/><E109/><V78/><F81/><T73/><D73/><U3/><E3/><V64/><F64/><T0/><D0/><U89/><REACH who="1" step="1"/><E93/><REACH who="1" ten="550,172,318,0" step="2"/><V132/><F132/><T108/><D108/><U116/><E116/><V55/><F55/><AGARI ba="2,1" hai="46,49,55,56,62,66,84,86,97,101,106" m="31264,51722,31520" machi="55" ten="30,7700,0" yaku="20,1,52,3" doraHai="95" who="0" fromWho="2" sc="550,91,172,0,318,-81,0,0" owari="641,59.0,172,-43.0,237,-16.0,0,0.0" /></mjloggm>