<mjloggm ver="2.3"><GO type="169" lobby="0"/><UN n0="%E3%83%AF%E3%83%8B%54%41" n1="%63%68%78%66%66" n2="%E3%82%A4%E3%83%8E%E3%82%A6%E3%82%A8%E3%82%AB%E3%82%BA%E3%83%9E" n3="%43%65%63%69%6C%65%E2%88%87" dan="18,17,17,16" rate="2255.65,2228.43,2210.63,2049.57" sx="M,M,M,M"/><TAIKYOKU oya="0"/><INIT seed="0,0,0,3,4,28" ten="250,250,250,250" oya="0" hai0="109,93,80,72,43,135,31,128,58,46,103,1,106" hai1="17,79,130,42,16,47,90,95,29,24,37,64,98" hai2="91,113,105,81,119,110,76,83,9,102,10,52,77" hai3="45,57,60,88,32,20,54,44,2,121,40,34,67"/><T6/><D106/><U68/><E130/><V48/><F48/><BYE who="2" /><W92/><G2/><T99/><D128/><U74/><E74/><V120/><F120/><W122/><G44/><T35/><D135/><U30/><E79/><V15/><F15/><W73/><G73/><T66/><D109/><U62/><REACH who="1" step="1"/><E30/><REACH who="1" ten="250,240,250,250" step="2"/><V36/><F36/><W85/><G122/><T86/><D72/><U108/><E108/><V127/><F127/><W7/><G121/><T132/><D132/><U12/><E12/><V53/><F53/><W112/><G112/><T70/><D1/><U22/><AGARI ba="0,1" hai="16,17,22,24,29,37,42,47,62,64,68,90,95,98" machi="22" ten="20,5200,0" yaku="1,1,0,1,7,1,54,1,53,0" doraHai="28" doraHaiUra="8" who="1" fromWho="1" sc="250,-26,240,62,250,-13,250,-13" /><INIT seed="1,0,0,1,2,47" ten="224,302,237,237" oya="1" hai0="79,127,84,4,32,13,54,36,39,135,62,100,126" hai1="3,90,43,92,38,60,27,42,109,102,77,34,116" hai2="117,111,14,115,73,96,21,30,56,75,15,51,85" hai3="104,19,121,106,9,103,129,48,125,23,120,94,10"/><U67/><E3/><UN n2="%E3%82%A4%E3%83%8E%E3%82%A6%E3%82%A8%E3%82%AB%E3%82%BA%E3%83%9E" /><V16/><F117/><W20/><G129/><T64/><D32/><U68/><E116/><V57/><F111/><W33/><G33/><T89/><D100/><U98/><E109/><V29/><F115/><W22/><G125/><T70/><D79/><U1/><E1/><V83/><F96/><W65/><G65/><T131/><D131/><U113/><E113/><V49/><F75/><W130/><G130/><T91/><D135/><U76/><E38/><V87/><F73/><W7/><G19/><T46/><D89/><U69/><E69/><V18/><F21/><W26/><G10/><T24/><D24/><U71/><E71/><V55/><F55/><W110/><G110/><T5/><D39/><U108/><E108/><V119/><F119/><W12/><G26/><T2/><D13/><U17/><E17/><V97/><F97/><W59/><G12/><T52/><D36/><U133/><E133/><V128/><F128/><W35/><G35/><T58/><D46/><U118/><E102/><V61/><F61/><W99/><G121/><T74/><D54/><U78/><REACH who="1" step="1"/><E118/><REACH who="1" ten="224,292,237,237" step="2"/><V28/><F28/><AGARI ba="0,1" hai="27,28,34,42,43,60,67,68,76,77,78,90,92,98" machi="28" ten="40,3900,0" yaku="1,1,2,1,53,0" doraHai="47" doraHaiUra="134" who="1" fromWho="2" sc="224,0,292,49,237,-39,237,0" /><INIT seed="1,1,0,3,4,4" ten="224,341,198,237" oya="1" hai0="91,6,121,55,50,76,66,51,84,100,116,58,89" hai1="32,48,53,24,22,128,57,46,117,73,16,92,132" hai2="52,101,97,13,131,130,123,75,1,122,23,112,129" hai3="118,70,71,40,68,119,21,65,38,94,96,25,83"/><U37/><E117/><N who="3" m="44554" /><G83/><T18/><D116/><U87/><E73/><V99/><F1/><W12/><G38/><T110/><D110/><U85/><E128/><V77/><F23/><W106/><G40/><T47/><D121/><U98/><E132/><V107/><F13/><W17/><G106/><T9/><D100/><U127/><E127/><V7/><F7/><W56/><G56/><T59/><D18/><U102/><E32/><V35/><F35/><W11/><G65/><T124/><D124/><U90/><E37/><V82/><F112/><W62/><G62/><T20/><D20/><U93/><E57/><V134/><F134/><W135/><G135/><T108/><D108/><U8/><REACH who="1" step="1"/><E8/><REACH who="1" ten="224,331,198,237" step="2"/><V64/><F122/><W111/><G111/><T95/><D59/><U19/><E19/><V86/><F123/><W3/><G70/><T45/><D66/><U15/><E15/><V88/><F64/><W113/><G3/><T33/><D33/><U2/><E2/><V29/><F29/><N who="3" m="17583" /><G113/><T72/><D72/><U30/><E30/><V78/><F75/><W109/><G109/><T69/><D69/><U10/><E10/><V81/><F131/><W120/><G120/><T54/><D9/><U31/><E31/><V115/><F130/><W26/><G26/><T114/><D114/><U14/><E14/><V39/><F115/><W36/><G36/><T63/><D6/><U49/><E49/><V42/><F129/><W61/><G61/><T104/><D63/><U126/><E126/><V125/><F125/><W28/><G28/><T43/><D58/><U67/><E67/><RYUUKYOKU ba="1,1" sc="224,-15,331,15,198,-15,237,15" hai1="16,22,24,46,48,53,85,87,90,92,93,98,102" hai3="11,12,17,68,71,94,96" /><INIT seed="1,2,1,2,2,53" ten="209,346,183,252" oya="1" hai0="109,98,4,86,38,13,95,119,8,69,52,54,42" hai1="111,66,129,108,78,16,68,132,41,48,39,118,113" hai2="72,131,62,74,89,115,79,127,25,31,64,84,83" hai3="23,43,18,70,28,1,130,87,36,122,34,93,3"/><U15/><E118/><V14/><F131/><W49/><G36/><T101/><D119/><U117/><E117/><V80/><F127/><W33/><G70/><T30/><D109/><N who="1" m="42059" /><E113/><V82/><F115/><W88/><G28/><T77/><D69/><U9/><E39/><V47/><F47/><W51/><G34/><T90/><D30/><U55/><E41/><V97/><F97/><W35/><G33/><T59/><D42/><U75/><E132/><V81/><F14/><W12/><G35/><T56/><D77/><U126/><E126/><V45/><F45/><W103/><G130/><T0/><D0/><U63/><E129/><V92/><F74/><W65/><G122/><T10/><D10/><U73/><E78/><V6/><F6/><W57/><G43/><T5/><D5/><U7/><E7/><V2/><F2/><W121/><G3/><T76/><D76/><U100/><E100/><V21/><REACH who="2" step="1"/><F92/><REACH who="2" ten="209,346,173,252" step="2"/><N who="3" m="54303" /><G1/><T29/><D38/><U133/><E133/><V50/><F50/><W128/><G128/><T58/><REACH who="0" step="1"/><D29/><REACH who="0" ten="199,346,173,252" step="2"/><U106/><E106/><AGARI ba="2,3" hai="4,8,13,52,54,56,58,59,86,90,95,98,101,106" machi="106" ten="40,12000,2" yaku="1,1,2,1,52,3,54,1,53,1" doraHai="53" doraHaiUra="85" who="0" fromWho="1" sc="199,156,346,-126,173,0,252,0" /><INIT seed="2,0,0,5,0,38" ten="355,220,173,252" oya="2" hai0="89,17,112,55,125,0,3,51,113,120,12,66,73" hai1="24,80,91,99,70,79,106,126,97,9,74,58,67" hai2="95,34,119,50,86,6,48,131,134,71,122,53,19" hai3="83,59,41,121,76,77,64,72,11,20,98,93,132"/><V118/><F122/><W40/><G121/><T78/><D120/><U100/><E126/><V85/><F71/><W103/><G132/><T111/><D111/><U2/><E24/><V23/><F34/><W31/><G11/><T43/><D125/><U104/><E58/><V46/><F134/><W30/><G72/><T52/><D66/><U69/><E91/><V92/><F131/><W37/><G37/><T15/><D89/><U88/><E67/><V27/><F118/><W54/><G64/><T84/><D73/><U60/><E60/><V8/><F119/><W47/><G47/><T5/><D5/><U82/><E88/><V10/><F50/><W94/><G94/><N who="2" m="35881" /><F6/><W75/><G75/><T114/><D0/><U115/><E115/><V49/><F49/><W116/><G116/><T1/><D3/><U68/><E80/><V102/><F102/><W4/><G4/><T90/><D1/><U101/><E69/><V107/><F107/><W130/><G83/><T45/><D78/><N who="3" m="30313" /><G130/><T18/><D90/><U35/><E35/><V128/><F128/><W29/><G20/><T26/><D84/><AGARI ba="0,0" hai="8,10,19,23,27,46,48,53,84,85,86" m="35881" machi="84" ten="30,1500,0" yaku="8,1" doraHai="38" who="2" fromWho="0" sc="355,-15,220,0,173,15,252,0" /><INIT seed="2,1,0,2,1,55" ten="340,220,188,252" oya="2" hai0="104,8,4,110,128,25,82,100,95,124,130,108,67" hai1="75,12,64,131,68,22,116,103,86,0,33,46,23" hai2="79,105,19,18,6,99,97,3,123,29,27,85,113" hai3="52,56,127,2,13,28,26,107,48,93,83,76,37"/><V109/><F113/><W92/><G37/><T112/><D112/><U96/><E75/><V101/><F123/><W78/><G107/><T58/><D104/><U21/><E0/><V89/><F79/><W102/><G2/><T71/><D71/><U5/><E116/><V44/><F99/><W30/><G13/><N who="0" m="5255" /><D124/><U47/><E33/><V114/><F114/><W9/><G9/><T61/><D25/><U45/><E131/><N who="0" m="50217" /><D82/><U132/><E132/><V91/><F3/><W50/><G26/><T39/><D39/><U38/><E38/><V117/><F27/><W90/><G83/><T43/><D43/><U14/><E86/><V1/><F85/><W57/><G102/><T70/><D70/><U115/><E5/><V106/><F6/><W49/><G90/><T80/><D80/><U125/><E125/><V35/><F91/><W34/><G127/><T111/><D95/><U40/><E40/><V62/><F106/><W54/><REACH who="3" step="1"/><G48/><REACH who="3" ten="340,220,188,242" step="2"/><T121/><D100/><U94/><E115/><V53/><F89/><W31/><G31/><T88/><D88/><U129/><E129/><V98/><F29/><W20/><G20/><T122/><AGARI ba="1,1" hai="58,61,67,108,110,111,121,122" m="50217,5255" machi="122" ten="40,5200,0" yaku="14,1,19,1,52,1" doraHai="55" who="0" fromWho="0" sc="340,65,220,-14,188,-27,242,-14" /><INIT seed="3,0,0,2,3,116" ten="405,206,161,228" oya="3" hai0="65,80,62,114,48,1,119,130,61,87,66,94,104" hai1="29,132,57,91,3,59,55,13,52,129,76,113,36" hai2="11,84,123,99,68,5,46,83,28,56,2,98,19" hai3="32,27,107,43,30,8,101,63,74,25,72,93,117"/><W75/><G117/><T125/><D119/><U121/><E3/><V108/><F68/><W112/><G112/><T102/><D104/><U128/><E76/><V9/><F108/><W69/><G43/><T105/><D105/><U70/><E70/><V39/><F28/><W31/><G8/><T58/><D1/><U77/><E77/><V122/><F56/><W133/><G93/><T20/><D114/><U16/><E36/><V110/><F110/><W106/><G133/><T71/><D130/><N who="1" m="50283" /><E29/><V12/><F39/><W42/><G42/><T14/><D125/><U50/><E113/><V124/><F46/><W85/><G85/><T22/><D48/><N who="1" m="30855" /><E91/><N who="2" m="51615" /><F124/><W81/><G81/><T120/><D102/><U26/><E26/><V92/><F92/><W44/><G101/><T4/><D94/><U64/><E64/><V17/><F17/><W78/><G78/><T21/><D4/><U54/><E54/><V135/><F135/><W41/><G27/><T53/><D14/><U67/><E67/><V96/><F96/><W33/><G30/><T49/><D66/><U24/><E24/><V97/><F97/><W100/><G32/><T79/><REACH who="0" step="1"/><D62/><REACH who="0" ten="395,206,161,228" step="2"/><U47/><E132/><V95/><F95/><W82/><G100/><T118/><D118/><U6/><E6/><V127/><F127/><W34/><G63/><T45/><D45/><U40/><E47/><V60/><F60/><W103/><G103/><T18/><D18/><U35/><E16/><V88/><F99/><W7/><G34/><T134/><D134/><U89/><E35/><V90/><F98/><W109/><G33/><RYUUKYOKU ba="0,1" sc="395,15,206,-15,161,15,228,-15" hai0="20,21,22,49,53,58,61,65,71,79,80,87,120" hai2="2,5,9,11,12,19,88,90,122,123" /><INIT seed="4,1,1,0,2,95" ten="410,191,176,213" oya="0" hai0="94,80,59,44,6,17,88,77,38,66,109,118,45" hai1="15,43,127,125,133,28,41,13,129,35,51,2,113" hai2="9,96,19,102,91,18,36,10,90,16,82,8,75" hai3="107,49,53,89,128,65,130,61,54,5,76,21,48"/><T112/><D118/><U30/><E51/><V4/><F36/><W68/><G76/><T86/><D112/><U134/><E35/><V98/><F4/><W123/><G5/><T23/><D6/><U135/><E113/><V26/><F26/><W57/><G21/><T100/><D100/><U0/><E129/><V34/><F34/><W63/><G107/><T56/><D109/><U79/><E79/><V115/><F115/><W14/><G14/><N who="1" m="5130" /><E43/><V67/><F67/><W92/><G123/><T104/><D104/><U72/><E41/><V93/><F75/><W97/><REACH who="3" step="1"/><G63/><REACH who="3" ten="410,191,176,203" step="2"/><T69/><D77/><U70/><E72/><V84/><REACH who="2" step="1"/><F102/><REACH who="2" ten="410,191,166,203" step="2"/><W74/><G74/><T37/><D37/><U3/><E70/><V78/><F78/><W87/><G87/><AGARI ba="1,3" hai="8,9,10,16,18,19,82,84,87,90,91,93,96,98" machi="87" ten="40,8000,1" yaku="1,1,8,1,52,2,54,1,53,0" doraHai="95" doraHaiUra="58" who="2" fromWho="3" sc="410,0,191,0,166,113,203,-83" /><INIT seed="5,0,0,3,0,127" ten="410,191,279,120" oya="1" hai0="128,20,53,105,74,107,63,72,64,94,44,0,35" hai1="52,42,104,14,18,77,9,43,95,13,37,102,96" hai2="106,113,81,58,86,129,132,120,87,125,75,19,117" hai3="28,99,91,124,122,80,26,24,69,7,25,79,17"/><U54/><E37/><V73/><F117/><W2/><G122/><T15/><D94/><U133/><E133/><V21/><F120/><W34/><G69/><N who="0" m="42143" /><D15/><U23/><E77/><V31/><F106/><N who="0" m="40458" /><D53/><N who="1" m="20587" /><E104/><V1/><F58/><W131/><G2/><T98/><D20/><U47/><E47/><V135/><F1/><W8/><G124/><T114/><D98/><U90/><E102/><V126/><F126/><W108/><G108/><T65/><D44/><U32/><E32/><V83/><F125/><W30/><G17/><AGARI ba="0,0" hai="9,13,14,17,18,23,42,43,90,95,96" m="20587" machi="17" ten="30,2900,0" yaku="8,1,54,1" doraHai="127" who="1" fromWho="3" sc="410,0,191,29,279,0,120,-29" /><INIT seed="5,1,0,5,4,128" ten="410,220,279,91" oya="1" hai0="133,62,80,49,36,111,0,69,71,37,88,11,67" hai1="27,61,59,104,33,94,92,34,45,77,97,52,130" hai2="115,110,86,100,28,23,12,21,48,119,31,29,131" hai3="58,39,82,19,81,116,112,98,99,87,127,118,3"/><U120/><E120/><V107/><F110/><W40/><G3/><T96/><D111/><U10/><E130/><V44/><F131/><W30/><G112/><T54/><D69/><U66/><E104/><V132/><F119/><W18/><G30/><T63/><D63/><U41/><E77/><V109/><F109/><W76/><G39/><T7/><D133/><U124/><E124/><V134/><F115/><W72/><G40/><T47/><REACH who="0" step="1"/><D96/><REACH who="0" ten="400,220,279,91" step="2"/><U60/><E60/><V16/><F86/><AGARI ba="1,1" hai="0,7,11,36,37,47,49,54,62,67,71,80,86,88" machi="86" ten="40,8000,1" yaku="1,1,2,1,54,1,53,1" doraHai="128" doraHaiUra="43" who="0" fromWho="2" sc="400,93,220,0,279,-83,91,0" /><INIT seed="6,0,0,3,3,87" ten="493,220,196,91" oya="2" hai0="29,5,95,114,16,36,106,3,60,101,12,39,75" hai1="30,17,98,78,23,54,50,51,94,13,118,6,19" hai2="74,100,67,117,119,110,1,46,61,14,122,24,33" hai3="10,45,11,57,96,22,44,86,59,90,72,129,35"/><V31/><F1/><W99/><G35/><T8/><D114/><U109/><E109/><V37/><F122/><W108/><G72/><T112/><D75/><U49/><E118/><V125/><F110/><W27/><G129/><T85/><D112/><U2/><E78/><V28/><F125/><W133/><G133/><T58/><D29/><U124/><E124/><V52/><F74/><W55/><G59/><T113/><D106/><U15/><E30/><V70/><F31/><W92/><G45/><T120/><D113/><U131/><E6/><V0/><F0/><W111/><G44/><T69/><D69/><U115/><E2/><V21/><F100/><W4/><G111/><T103/><D120/><U66/><E66/><V18/><REACH who="2" step="1"/><F52/><REACH who="2" ten="493,220,186,91" step="2"/><W41/><G41/><AGARI ba="0,1" hai="14,18,21,24,28,33,37,41,46,61,67,70,117,119" machi="41" ten="40,3900,0" yaku="1,1,2,1,53,0" doraHai="87" doraHaiUra="76" who="2" fromWho="3" sc="493,0,220,0,186,49,91,-39" /><INIT seed="6,1,0,4,0,37" ten="493,220,235,52" oya="2" hai0="95,21,58,135,49,25,78,38,107,18,33,99,67" hai1="87,97,113,119,7,75,5,29,63,15,2,110,23" hai2="133,115,20,86,9,127,123,57,30,111,66,53,125" hai3="1,128,45,80,34,101,47,103,71,19,124,73,28"/><V56/><F123/><W76/><G71/><T96/><D38/><U14/><E75/><V88/><F115/><W48/><G128/><T134/><D33/><U68/><E110/><V132/><F111/><W100/><G1/><T50/><D78/><U41/><E119/><V89/><F9/><W24/><G124/><N who="2" m="47689" /><F66/><W10/><G48/><N who="0" m="18539" /><D107/><U116/><E68/><V114/><F114/><W43/><G47/><T84/><D84/><U35/><E87/><V92/><F89/><W17/><G10/><T6/><D6/><U36/><E97/><V85/><F85/><W61/><G61/><N who="0" m="38327" /><D95/><U12/><E2/><V130/><F130/><W4/><G4/><T8/><D8/><U121/><E5/><V118/><F118/><W122/><G122/><T31/><D31/><U32/><E7/><V3/><F3/><W52/><G17/><T65/><D65/><U117/><E113/><V98/><F86/><W22/><G34/><T54/><D54/><U59/><E121/><V81/><F81/><W70/><G28/><T39/><D39/><U129/><E129/><V42/><F53/><W74/><G73/><T40/><D99/><U55/><E117/><V105/><F105/><W91/><G52/><T112/><D96/><U109/><E109/><V26/><F42/><W102/><G43/><T104/><D112/><U94/><E94/><V93/><F93/><W120/><G120/><T126/><D126/><U0/><E0/><V82/><F82/><W62/><G80/><T108/><D108/><U79/><E116/><V106/><F106/><W11/><G74/><T131/><D104/><RYUUKYOKU ba="1,0" sc="493,-10,220,-10,235,30,52,-10" hai2="20,26,30,56,57,88,92,98,132,133" /><INIT seed="6,2,0,5,5,53" ten="483,210,265,42" oya="2" hai0="11,0,13,24,126,108,114,48,40,110,134,68,119" hai1="15,90,122,59,94,66,101,72,84,1,115,117,12" hai2="132,58,67,14,121,17,6,127,96,77,28,63,55" hai3="57,29,27,62,76,8,38,18,116,60,80,16,61"/><V65/><F121/><W21/><G38/><T3/><D68/><U129/><E117/><V120/><F120/><W71/><G71/><T33/><D48/><U74/><E1/><N who="0" m="585" /><D40/><U135/><E135/><V93/><F132/><W32/><G116/><T10/><D134/><U31/><E129/><V50/><F127/><W45/><G45/><T35/><D119/><U42/><E115/><V46/><F28/><W99/><G99/><T111/><D114/><U100/><E31/><V124/><F77/><W23/><G8/><N who="0" m="3115" /><D126/><U86/><E42/><V9/><F124/><W69/><G69/><T39/><D39/><U20/><E74/><V47/><F6/><W123/><G123/><T107/><D107/><U44/><E44/><V91/><REACH who="2" step="1"/><F47/><REACH who="2" ten="483,210,255,42" step="2"/><W36/><G29/><N who="0" m="19623" /><D35/><U19/><E122/><V73/><F73/><W78/><G32/><T98/><D110/><U52/><E72/><V103/><F103/><W95/><G76/><T118/><D108/><U2/><E100/><V133/><F133/><W70/><G70/><T82/><D111/><U83/><E101/><V7/><F7/><W25/><G36/><T128/><D118/><U5/><E5/><V54/><AGARI ba="2,1" hai="9,14,17,46,50,54,55,58,63,65,67,91,93,96" machi="54" ten="20,12000,1" yaku="1,1,0,1,7,1,8,1,52,1,53,0" doraHai="53" doraHaiUra="34" who="2" fromWho="2" sc="483,-42,210,-42,255,136,42,-42" /><INIT seed="6,3,0,0,1,77" ten="441,168,391,0" oya="2" hai0="121,21,91,55,27,53,76,49,108,68,135,75,90" hai1="6,105,28,100,83,102,124,3,18,16,125,58,48" hai2="115,36,25,87,34,10,0,110,66,104,54,56,88" hai3="116,99,84,94,11,51,114,78,17,57,26,133,47"/><V129/><F104/><W101/><G116/><T106/><D108/><U73/><E28/><V107/><F107/><W86/><G133/><T130/><D121/><U118/><E118/><V113/><F36/><W82/><G57/><T15/><D106/><U60/><E3/><V20/><F66/><W63/><G63/><T29/><D68/><U4/><E105/><V132/><F34/><W24/><G114/><T123/><D123/><U64/><E48/><V44/><F44/><W128/><G128/><T131/><D135/><U92/><E92/><V120/><F120/><W38/><G38/><T46/><D55/><U50/><E50/><V59/><F132/><W52/><G86/><T35/><D76/><U67/><E73/><V7/><F110/><W79/><G79/><T89/><D75/><U74/><E74/><V45/><F45/><W33/><G33/><T43/><D53/><U103/><E58/><V71/><F71/><W111/><G111/><T93/><D15/><AGARI ba="3,0" hai="11,15,17,24,26,47,51,52,78,82,84,94,99,101" machi="15" ten="40,5200,0" yaku="8,1,52,1,54,1" doraHai="77" who="3" fromWho="0" sc="441,-61,168,0,391,0,0,61" /><INIT seed="7,0,0,4,0,45" ten="380,168,391,61" oya="3" hai0="27,28,30,4,90,83,123,23,65,95,89,8,49" hai1="93,16,81,101,0,13,26,41,52,59,24,47,121" hai2="2,96,39,103,77,34,12,113,66,9,74,78,61" hai3="55,32,80,50,94,88,64,69,44,38,104,75,118"/><W117/><G104/><T97/><D123/><U17/><E0/><V126/><F34/><W14/><G32/><T119/><D119/><U42/><E81/><V86/><F74/><W125/><G125/><T36/><D36/><U91/><E101/><V53/><F2/><W72/><G38/><T134/><D134/><U25/><E121/><V99/><F39/><W18/><G117/><T33/><D33/><U127/><E47/><V3/><F3/><W62/><G118/><T131/><D131/><U76/><E76/><V100/><F66/><W31/><G31/><N who="0" m="17919" /><D65/><U63/><E127/><V7/><F113/><W130/><G130/><T67/><D67/><U109/><E109/><V46/><F126/><W129/><G129/><T82/><D49/><U98/><E17/><V43/><F43/><W70/><G69/><T22/><D22/><AGARI ba="0,0" hai="13,16,22,24,25,26,41,42,52,59,63,91,93,98" machi="22" ten="40,5200,0" yaku="8,1,54,2" doraHai="45" who="1" fromWho="0" sc="380,-52,168,52,391,0,61,0" owari="328,13.0,220,-18.0,391,49.0,61,-44.0" /></mjloggm>