<mjloggm ver="2.3"><GO type="169" lobby="0"/><UN n0="%E3%82%AA%E3%83%AC%E3%83%B3%E3%82%B8%E5%A4%AA%E9%83%8E" n1="%6D%69%6E%65%72%61%6C%32" n2="%E3%83%95%E3%82%A1%E3%83%8B%E3%81%93%E3%82%8C%E5%90%9B%52" n3="%E9%8A%80%E8%89%B2%E3%81%84%E3%81%8C%E3%81%90%E3%82%8A" dan="16,17,16,17" rate="2017.65,2183.48,2099.04,2176.05" sx="M,M,M,M"/><TAIKYOKU oya="0"/><INIT seed="0,0,0,1,4,103" ten="250,250,250,250" oya="0" hai0="45,47,95,44,118,83,13,54,102,122,38,119,80" hai1="81,99,14,29,18,67,20,104,58,129,101,77,37" hai2="120,111,123,34,135,22,85,25,56,128,110,71,75" hai3="90,106,114,9,30,28,79,49,93,27,41,88,98"/><T42/><D122/><U19/><E129/><V33/><F71/><W66/><G114/><T15/><D38/><U31/><E37/><V74/><F85/><W86/><G79/><T46/><D54/><U55/><E19/><V59/><F25/><W116/><G116/><T53/><D53/><U36/><E67/><V108/><F22/><W48/><G30/><T126/><D42/><U87/><REACH who="1" step="1"/><E36/><REACH who="1" ten="250,240,250,250" step="2"/><V11/><F128/><W96/><G66/><T32/><D119/><U127/><E127/><V125/><F125/><W100/><G9/><T64/><D118/><U24/><E24/><V12/><F11/><W50/><G41/><T61/><D126/><U8/><E8/><V62/><F135/><W134/><G134/><T16/><D13/><U72/><E72/><N who="2" m="27691" /><F12/><W133/><G133/><T132/><D132/><U112/><E112/><V82/><F62/><AGARI ba="0,1" hai="14,18,20,29,31,55,58,62,77,81,87,99,101,104" machi="62" ten="30,7700,0" yaku="1,1,7,1,52,1,53,1" doraHai="103" doraHaiUra="78" who="1" fromWho="2" sc="250,0,240,87,250,-77,250,0" /><INIT seed="1,0,0,0,0,40" ten="250,327,173,250" oya="1" hai0="86,107,27,93,8,116,12,31,4,76,94,49,22" hai1="108,39,81,15,1,11,97,29,46,87,73,51,79" hai2="120,91,77,96,113,67,25,20,37,90,68,122,127" hai3="117,0,24,111,61,128,80,60,106,130,92,109,78"/><U95/><E108/><N who="3" m="41546" /><G0/><T118/><D107/><U132/><E132/><V101/><F37/><W50/><G106/><T57/><D94/><U121/><E121/><V41/><F113/><W105/><G105/><T65/><D65/><U69/><E69/><V104/><F127/><W2/><G2/><T36/><D36/><U14/><E1/><V6/><F41/><W28/><G92/><T82/><REACH who="0" step="1"/><D93/><REACH who="0" ten="240,327,173,250" step="2"/><U85/><E39/><V58/><F122/><W38/><G38/><T110/><D110/><U21/><E95/><V16/><F120/><W59/><G117/><T114/><D114/><U75/><E97/><V10/><F68/><W84/><G130/><T13/><D13/><U72/><E15/><N who="2" m="5591" /><F104/><W119/><G128/><T124/><D124/><U30/><E14/><V48/><F96/><W42/><G119/><T43/><D43/><U23/><E75/><V44/><F101/><W112/><G112/><T89/><D89/><N who="2" m="33802" /><F77/><W135/><G42/><T83/><D83/><U3/><E73/><V62/><F48/><W125/><G125/><T32/><D32/><U70/><E70/><V19/><F19/><W88/><G78/><T45/><D45/><AGARI ba="0,1" hai="16,20,25,44,45,58,62,67" m="33802,5591" machi="45" ten="30,7700,0" yaku="8,1,52,2,54,1" doraHai="40" who="2" fromWho="0" sc="240,-77,327,0,173,87,250,0" /><INIT seed="2,0,0,3,0,103" ten="163,327,260,250" oya="2" hai0="94,81,15,109,14,122,134,98,48,80,73,64,44" hai1="49,26,46,45,100,91,96,11,84,33,104,132,24" hai2="41,59,106,114,135,28,21,60,87,92,52,67,101" hai3="31,40,105,82,39,57,68,42,102,128,69,89,77"/><V125/><F114/><W53/><G128/><T130/><D122/><U131/><E131/><V107/><F41/><W118/><G118/><T6/><D130/><U25/><E132/><V111/><F135/><W112/><G112/><T3/><D109/><U55/><E11/><V56/><F111/><W70/><G31/><T36/><D134/><U83/><REACH who="1" step="1"/><E46/><REACH who="1" ten="163,317,260,250" step="2"/><V79/><F125/><W65/><G69/><T8/><D44/><U2/><E2/><V9/><F9/><W10/><G68/><T129/><D3/><U78/><E78/><V50/><F79/><W32/><G10/><T75/><D129/><U74/><E74/><V76/><F76/><W51/><G77/><T66/><D75/><U23/><E23/><V18/><F28/><AGARI ba="0,1" hai="24,25,26,28,33,45,49,55,83,84,91,96,100,104" machi="28" ten="40,2600,0" yaku="1,1,52,1,53,0" doraHai="103" doraHaiUra="19" who="1" fromWho="2" sc="163,0,317,36,260,-26,250,0" /><INIT seed="3,0,0,4,3,108" ten="163,353,234,250" oya="3" hai0="21,4,34,10,50,127,90,85,77,113,69,73,121" hai1="81,39,64,100,131,57,55,53,99,87,123,118,65" hai2="28,134,66,11,6,111,61,132,110,16,72,63,29" hai3="94,30,96,124,84,7,18,62,86,104,129,48,45"/><W82/><G129/><T0/><D34/><U40/><E123/><V105/><F72/><W25/><G104/><T79/><D121/><U43/><E131/><V60/><F66/><W115/><G124/><T26/><D69/><U107/><E118/><V5/><F105/><W75/><G7/><N who="2" m="2569" /><F11/><W117/><G117/><T27/><D127/><U24/><E55/><V38/><F38/><W56/><G18/><T78/><D73/><U14/><E14/><V109/><F16/><W126/><G115/><T93/><D50/><U8/><E8/><V59/><F59/><W46/><G75/><T103/><D26/><U42/><E24/><V15/><F15/><W102/><G126/><T44/><D44/><U58/><E58/><V74/><F74/><W95/><G95/><T35/><D35/><U36/><E36/><V33/><F33/><W54/><G82/><T31/><REACH who="0" step="1"/><D103/><REACH who="0" ten="153,353,234,250" step="2"/><U130/><E39/><V67/><F67/><W70/><G70/><T1/><D1/><U2/><E2/><V133/><AGARI ba="0,1" hai="28,29,60,61,63,109,110,111,132,133,134" m="2569" machi="133" ten="50,12000,2" yaku="29,2,28,2,14,1,20,1" doraHai="108" who="2" fromWho="2" sc="153,-30,353,-30,234,130,250,-60" /><INIT seed="4,0,0,5,5,21" ten="123,323,364,190" oya="0" hai0="57,52,105,95,16,116,22,63,41,96,70,27,111" hai1="7,119,11,31,15,117,132,67,47,24,51,66,79" hai2="126,23,60,108,25,0,9,100,38,34,93,129,128" hai3="18,124,112,73,89,45,75,35,102,5,104,121,82"/><T10/><D116/><U30/><E132/><V65/><F38/><W130/><G5/><T97/><D70/><U43/><E79/><V77/><F34/><W42/><G18/><T48/><D111/><U61/><E31/><V28/><F77/><W131/><G35/><T109/><D109/><U123/><E67/><V81/><F81/><W53/><G53/><N who="0" m="34223" /><D105/><U83/><E83/><V74/><F74/><W2/><G2/><T17/><D41/><U64/><E64/><V71/><F108/><W84/><G45/><N who="0" m="27663" /><D95/><U107/><E107/><V14/><F0/><W59/><G59/><T115/><D115/><U54/><E43/><V6/><F126/><W29/><G42/><T56/><D56/><U19/><E123/><V44/><F44/><W69/><G69/><T92/><D92/><U127/><E127/><V91/><REACH who="2" step="1"/><F100/><REACH who="2" ten="123,323,354,190" step="2"/><W101/><G124/><T88/><D88/><U50/><E119/><V114/><F114/><W36/><G36/><T39/><D39/><U125/><E125/><V135/><F135/><W113/><G112/><T98/><D10/><U78/><E78/><V68/><F68/><W134/><G113/><T85/><D85/><AGARI ba="0,1" hai="6,9,14,23,25,28,60,65,71,85,91,93,128,129" machi="85" ten="40,2600,0" yaku="1,1,52,1,53,0" doraHai="21" doraHaiUra="72" who="2" fromWho="0" sc="123,-26,323,0,354,36,190,0" /><INIT seed="5,0,0,4,0,84" ten="97,323,390,190" oya="1" hai0="40,61,125,57,130,58,2,30,96,97,128,68,49" hai1="106,107,4,8,88,27,55,131,91,59,110,92,90" hai2="38,113,14,33,114,21,99,5,87,44,133,135,22" hai3="56,116,19,86,31,126,74,15,46,85,80,83,81"/><U98/><E131/><V48/><F38/><W79/><G126/><T16/><D2/><U1/><E110/><V53/><F33/><W41/><G116/><T78/><D30/><U123/><E123/><V119/><F119/><W25/><G56/><T104/><D78/><U63/><REACH who="1" step="1"/><E27/><REACH who="1" ten="97,313,390,190" step="2"/><V50/><F22/><W127/><G127/><T37/><D125/><U77/><E77/><V10/><F21/><W45/><G79/><T122/><D122/><U111/><E111/><V108/><F108/><W120/><G120/><T52/><D128/><U102/><AGARI ba="0,1" hai="1,4,8,55,59,63,88,90,91,92,98,102,106,107" machi="102" ten="30,18000,2" yaku="1,1,0,1,52,3,54,1,53,1" doraHai="84" doraHaiUra="32" who="1" fromWho="1" sc="97,-60,313,190,390,-60,190,-60" /><INIT seed="5,1,0,1,2,96" ten="37,503,330,130" oya="1" hai0="34,51,86,11,134,55,135,52,131,22,120,117,115" hai1="122,3,110,78,56,16,46,29,38,101,68,83,113" hai2="31,107,108,53,61,95,127,81,39,18,19,20,32" hai3="49,119,66,65,102,100,112,79,69,35,90,111,60"/><U63/><E122/><V88/><F39/><W9/><G111/><T64/><D34/><U24/><E3/><V72/><F107/><W125/><G35/><T116/><D11/><U92/><E68/><V40/><F127/><W94/><G79/><T33/><D33/><U82/><E110/><V67/><F108/><W14/><G125/><T70/><D86/><U87/><E83/><V27/><F40/><W41/><G112/><T89/><D22/><U37/><E46/><V28/><F53/><N who="0" m="20554" /><D89/><U45/><E45/><V48/><F48/><W109/><G119/><N who="0" m="45643" /><D115/><U30/><E38/><V43/><F43/><W84/><G109/><T93/><D93/><U15/><E24/><V25/><F81/><W76/><G76/><T74/><D74/><U1/><E1/><V4/><F4/><W50/><G41/><T98/><D98/><N who="1" m="59591" /><E37/><V21/><F72/><W128/><G100/><T10/><D120/><U114/><E114/><V99/><F32/><W123/><G102/><T6/><D70/><AGARI ba="1,0" hai="18,19,20,21,25,27,28,31,61,67,70,88,95,99" machi="70" ten="30,3900,0" yaku="7,1,9,1,54,1" doraHai="96" who="2" fromWho="0" sc="37,-42,503,0,330,42,130,0" owari="-5,-51.0,503,61.0,372,17.0,130,-27.0" /></mjloggm>