<mjloggm ver="2.3"><GO type="169" lobby="0"/><UN n0="%E3%81%86%E3%81%A9%E3%82%93%E3%81%93" n1="%64%75%72%72%72%72%72" n2="%73%7A%2E%64%31" n3="%E5%AE%9D%E5%90%8A%E5%AE%9D" dan="16,16,16,16" rate="2063.19,2130.88,2093.60,2132.72" sx="M,M,M,M"/><TAIKYOKU oya="0"/><INIT seed="0,0,0,2,3,94" ten="250,250,250,250" oya="0" hai0="31,19,120,58,113,61,10,109,47,18,124,39,36" hai1="102,6,126,46,105,8,108,74,121,29,12,28,106" hai2="1,41,95,54,79,51,65,132,116,42,40,103,17" hai3="98,115,133,59,125,43,57,75,45,77,71,96,35"/><T119/><D120/><U55/><E74/><V23/><F1/><W15/><G115/><T22/><D113/><U14/><E121/><V13/><F132/><W32/><G71/><T37/><D119/><U30/><E108/><V87/><F116/><W127/><G15/><T110/><D124/><N who="3" m="47689" /><G133/><T0/><D31/><U70/><E70/><V67/><F79/><W91/><G91/><T34/><D34/><N who="3" m="12841" /><G77/><T99/><D47/><U52/><E126/><V92/><F92/><W123/><G75/><T48/><D48/><U76/><E76/><V78/><F78/><W97/><G123/><T73/><D73/><U82/><E82/><V3/><F3/><W9/><G9/><T2/><D10/><U25/><E25/><V60/><F60/><W135/><G135/><T100/><D2/><U101/><E46/><V44/><F103/><N who="1" m="39433" /><E6/><V88/><AGARI ba="0,0" hai="13,17,23,40,41,42,44,51,54,65,67,87,88,95" machi="88" ten="30,4000,0" yaku="0,1,8,1,54,1" doraHai="94" who="2" fromWho="2" sc="250,-20,250,-10,250,40,250,-10" /><INIT seed="1,0,0,5,3,66" ten="230,240,290,240" oya="1" hai0="4,120,39,97,130,125,43,46,91,16,73,22,44" hai1="13,132,61,89,117,93,76,36,135,68,79,99,119" hai2="32,9,75,103,94,18,106,37,54,116,33,25,118" hai3="124,81,15,83,8,77,52,100,114,65,101,134,127"/><U12/><E36/><V51/><F37/><W59/><G65/><T5/><D73/><U48/><E48/><V72/><F106/><W40/><G40/><T24/><D130/><U110/><E12/><V82/><F82/><W60/><G83/><T87/><D125/><N who="3" m="48201" /><G114/><T55/><D120/><U112/><E13/><V67/><F67/><W102/><G134/><N who="1" m="51242" /><E61/><V115/><F103/><W63/><G60/><T42/><D97/><U10/><E10/><V96/><F115/><W17/><G100/><T98/><D98/><N who="1" m="57647" /><E68/><V88/><F9/><W0/><G0/><T41/><D55/><U38/><E38/><V71/><F71/><W20/><G8/><T31/><D31/><U78/><E112/><V109/><F51/><W122/><G122/><T47/><REACH who="0" step="1"/><D39/><REACH who="0" ten="220,240,290,240" step="2"/><U21/><E99/><V56/><F96/><W92/><G92/><AGARI ba="0,1" hai="4,5,16,22,24,41,42,43,44,46,47,87,91,92" machi="92" ten="40,12000,2" yaku="1,1,2,1,8,1,54,1,53,2" doraHai="66" doraHaiUra="1" who="0" fromWho="3" sc="220,130,240,0,290,0,240,-120" /><INIT seed="2,0,0,1,5,102" ten="350,240,290,120" oya="2" hai0="81,91,59,84,97,62,90,36,58,71,112,52,60" hai1="8,122,89,133,67,92,9,109,12,17,56,21,114" hai2="119,2,86,10,43,30,125,53,113,24,39,35,49" hai3="29,110,7,11,106,68,6,82,74,128,93,76,131"/><V117/><F113/><W3/><G68/><T51/><D36/><U44/><E114/><V46/><F125/><W45/><G7/><T83/><D112/><U64/><E109/><V65/><F65/><W78/><G78/><T14/><D71/><U95/><E133/><V108/><F108/><W32/><G93/><T88/><D51/><U50/><E95/><V13/><F86/><W1/><G110/><T72/><D97/><U111/><E122/><V55/><F2/><W28/><G1/><T37/><D37/><U101/><E101/><V107/><F107/><W0/><G0/><T75/><D14/><U126/><E126/><V124/><F124/><W22/><G22/><T77/><REACH who="0" step="1"/><D81/><REACH who="0" ten="340,240,290,120" step="2"/><U85/><E111/><V40/><F39/><W132/><G132/><T66/><AGARI ba="0,1" hai="52,58,59,60,62,66,72,75,77,83,84,88,90,91" machi="66" ten="30,8000,1" yaku="1,1,2,1,0,1,54,2,53,0" doraHai="102" doraHaiUra="98" who="0" fromWho="0" sc="340,90,240,-20,290,-40,120,-20" /><INIT seed="3,0,0,5,4,111" ten="430,220,250,100" oya="3" hai0="117,86,20,94,92,8,0,115,89,78,91,12,11" hai1="61,65,43,31,3,127,84,83,63,81,95,53,134" hai2="7,6,40,126,48,110,90,75,123,2,57,56,13" hai3="64,37,60,36,27,112,16,130,19,79,120,4,62"/><W103/><G120/><T107/><D107/><U133/><E3/><V30/><F75/><W33/><G79/><T82/><D117/><U28/><E43/><V128/><F2/><W54/><G4/><T71/><D71/><U42/><E42/><V74/><F110/><W52/><G27/><T119/><D119/><U108/><E108/><V88/><F74/><W25/><G25/><T96/><D0/><U17/><E17/><V118/><F30/><W21/><G21/><T45/><D115/><U1/><E1/><V39/><F39/><W70/><G103/><T98/><D45/><U76/><E127/><V85/><F126/><W44/><G33/><T72/><D72/><U18/><E18/><AGARI ba="0,0" hai="8,11,12,18,20,78,82,86,89,91,92,94,96,98" machi="18" ten="40,2600,0" yaku="9,1,8,1" doraHai="111" who="0" fromWho="1" sc="430,26,220,-26,250,0,100,0" /><INIT seed="4,0,0,0,5,30" ten="456,194,250,100" oya="0" hai0="69,97,10,94,135,33,134,65,93,105,119,102,32" hai1="12,42,54,53,81,91,127,48,100,78,121,126,46" hai2="68,95,62,37,50,34,71,35,40,60,6,113,115" hai3="5,0,15,23,67,129,89,51,2,120,27,49,125"/><T92/><D119/><U9/><E121/><V31/><F31/><W72/><G72/><T75/><D75/><U116/><E116/><V73/><F73/><W43/><G125/><N who="1" m="47626" /><E100/><V52/><F95/><W117/><G117/><T111/><D111/><U131/><E131/><V7/><F40/><W90/><G129/><T29/><D10/><U61/><E91/><V108/><F108/><W109/><G0/><T118/><D118/><U1/><E1/><V85/><F85/><W98/><G2/><T110/><D110/><U124/><E124/><V106/><F106/><W130/><G67/><T104/><D104/><U128/><E128/><V80/><F80/><W22/><G120/><T114/><D114/><N who="2" m="43530" /><F37/><W70/><G130/><T83/><D83/><U133/><E61/><N who="2" m="23659" /><F52/><W4/><G43/><T56/><D56/><U84/><E133/><N who="0" m="50697" /><D29/><U26/><E26/><V55/><F55/><W16/><G27/><T24/><D24/><U107/><E107/><V3/><F3/><W38/><G109/><T36/><D36/><U25/><E25/><V96/><F96/><W14/><G98/><T11/><D11/><U59/><E59/><V88/><F50/><W58/><G58/><T21/><D21/><U8/><E8/><V76/><F76/><W41/><G38/><T112/><D112/><U47/><E47/><V18/><F18/><AGARI ba="0,0" hai="9,12,18,42,46,48,53,54,78,81,84" m="47626" machi="18" ten="30,1000,0" yaku="18,1" doraHai="30" who="1" fromWho="2" sc="456,0,194,10,250,-10,100,0" /><INIT seed="5,0,0,1,0,80" ten="456,204,240,100" oya="1" hai0="96,100,93,131,81,25,10,34,121,89,18,26,22" hai1="57,17,133,108,63,115,90,8,51,9,99,126,58" hai2="54,88,60,118,65,37,43,3,33,85,69,23,129" hai3="47,71,53,14,120,130,16,79,75,61,64,97,68"/><U70/><E70/><V5/><F129/><W73/><G120/><T52/><D131/><U106/><E115/><V19/><F118/><W27/><G71/><T107/><D121/><U114/><E114/><V7/><F33/><W72/><G130/><T102/><D102/><U116/><E116/><V124/><F3/><W95/><G27/><T128/><D10/><U123/><E133/><V55/><F124/><W12/><G12/><T11/><D11/><U109/><E126/><V78/><F78/><W67/><G64/><T134/><D134/><U30/><E30/><V66/><F66/><W44/><G53/><T74/><D52/><N who="1" m="31903" /><E17/><V125/><F125/><W31/><G79/><T0/><D0/><U45/><E45/><V36/><F36/><W28/><G28/><T13/><D74/><U112/><E112/><V92/><F37/><W21/><REACH who="3" step="1"/><G31/><REACH who="3" ten="456,204,240,90" step="2"/><T119/><D128/><U2/><E2/><V117/><F117/><W15/><G15/><T77/><D13/><U104/><E123/><V46/><F54/><W76/><G76/><T62/><D77/><U49/><E108/><V39/><F55/><W84/><G84/><T48/><D119/><U41/><E109/><V4/><F5/><W83/><G83/><T6/><D81/><U32/><E58/><V122/><F122/><W29/><G29/><T98/><D6/><U86/><E86/><V40/><F43/><W105/><G105/><T91/><D107/><N who="1" m="41003" /><E41/><V35/><F35/><W132/><G132/><T24/><D24/><AGARI ba="0,1" hai="4,7,19,23,24,39,40,46,60,65,69,85,88,92" machi="24" ten="30,3900,0" yaku="7,1,52,1,54,1" doraHai="80" who="2" fromWho="0" sc="456,-39,204,0,240,49,90,0" /><INIT seed="6,0,0,1,2,50" ten="417,204,289,90" oya="2" hai0="67,15,119,74,129,114,42,49,72,51,46,83,24" hai1="22,118,66,21,7,130,6,19,33,120,134,116,95" hai2="34,112,35,26,135,25,125,78,115,2,103,56,3" hai3="59,69,82,54,91,131,4,96,40,126,60,73,127"/><V102/><F56/><W113/><G69/><T106/><D106/><U122/><E95/><V93/><F93/><W17/><G4/><N who="1" m="1578" /><E66/><V13/><F78/><W53/><G40/><T88/><D24/><N who="2" m="9322" /><F13/><W47/><G131/><T107/><D15/><N who="1" m="9471" /><E130/><V94/><F125/><N who="3" m="47627" /><G17/><T99/><D114/><N who="2" m="43562" /><F135/><W104/><G113/><T29/><D119/><U97/><E97/><V39/><F94/><N who="3" m="56415" /><G104/><T48/><D83/><U12/><E33/><N who="2" m="12299" /><F39/><W100/><G100/><AGARI ba="0,0" hai="2,3,100,102,103" m="12299,43562,9322" machi="100" ten="40,7700,0" yaku="28,2,15,1" doraHai="50" who="2" fromWho="3" sc="417,0,204,0,289,77,90,-77" /><INIT seed="6,1,0,0,3,60" ten="417,204,366,13" oya="2" hai0="118,40,90,35,26,79,98,74,125,3,69,41,58" hai1="105,119,9,124,109,37,62,43,123,88,65,5,24" hai2="85,31,84,45,57,100,25,75,48,16,19,66,95" hai3="8,121,115,72,134,51,10,63,126,22,82,89,114"/><V39/><F39/><W52/><G121/><T46/><D69/><U112/><E123/><V59/><F75/><W67/><G126/><T102/><D125/><U1/><E124/><V116/><F116/><W15/><G22/><T32/><D3/><U21/><E119/><V4/><F4/><W54/><G134/><T111/><D111/><U110/><E105/><V64/><F31/><W34/><G34/><T80/><D118/><U0/><E0/><V49/><F25/><W33/><G33/><T6/><D6/><U42/><E42/><V23/><F23/><W133/><G133/><T120/><D120/><U77/><E77/><V17/><F100/><W71/><G51/><N who="2" m="19529" /><F45/><W55/><G15/><T76/><D76/><U135/><E112/><N who="3" m="43050" /><G72/><T11/><D26/><U18/><E135/><V92/><F84/><AGARI ba="1,0" hai="8,10,52,54,55,63,67,71,82,84,89" m="43050" machi="84" ten="30,7700,0" yaku="15,1,11,1,52,1,54,1" doraHai="60" who="3" fromWho="2" sc="417,0,204,0,366,-80,13,80" /><INIT seed="7,0,0,5,3,40" ten="417,204,286,93" oya="3" hai0="85,12,2,6,94,17,78,113,93,107,128,22,111" hai1="117,129,89,27,75,91,33,57,114,41,95,39,45" hai2="102,72,135,104,42,0,88,29,71,83,35,106,36" hai3="54,132,58,126,11,43,101,81,108,116,80,68,127"/><W25/><G116/><T18/><D107/><U19/><E75/><V59/><F135/><W96/><G132/><T60/><D93/><U48/><E117/><V23/><F0/><W70/><G108/><T5/><D60/><U115/><E129/><V69/><F59/><W123/><G123/><T49/><D85/><U16/><E33/><V105/><F88/><N who="1" m="33865" /><E95/><V51/><F23/><W31/><G11/><T14/><D17/><U65/><E27/><N who="2" m="18879" /><F51/><W109/><G43/><T8/><D22/><U55/><E65/><V90/><F90/><W97/><G109/><T134/><D49/><U28/><E28/><V87/><F87/><W110/><G110/><T82/><D12/><U63/><E63/><V66/><F102/><W120/><G120/><T13/><D78/><U61/><E61/><V122/><F66/><W32/><G96/><T77/><D82/><U74/><E74/><V112/><F112/><AGARI ba="0,0" hai="16,19,39,41,45,48,55,57,112,114,115" m="33865" machi="112" ten="30,7700,0" yaku="15,1,52,1,54,2" doraHai="40" who="1" fromWho="2" sc="417,0,204,77,286,-77,93,0" owari="417,52.0,281,8.0,209,-19.0,93,-41.0" /></mjloggm>