<mjloggm ver="2.3"><GO type="185" lobby="0"/><UN n0="%28%C2%B4%E3%81%B8%CE%B5%E3%81%B8%60%29" n1="%52%35" n2="%E9%80%9F%E8%A6%8B%E5%B9%B8%E4%B8%80" n3="" dan="20,16,17,0" rate="2246.33,2159.74,2052.02,1500.00" sx="M,M,M,C"/><TAIKYOKU oya="0"/><INIT seed="0,0,0,4,1,99" ten="350,350,350,0" oya="0" hai0="108,123,98,131,3,91,49,59,133,118,36,41,80" hai1="113,40,68,112,96,79,114,105,121,38,50,74,39" hai2="69,57,75,130,95,71,70,110,111,32,92,86,33" hai3=""/><T63/><N who="0" m="31520" /><T107/><D118/><U47/><N who="1" m="31008" /><U60/><E74/><V45/><F75/><T93/><D3/><U78/><E39/><V77/><F130/><T58/><D131/><U76/><E38/><V115/><F115/><T48/><D133/><U89/><E89/><V101/><F45/><T82/><D108/><N who="2" m="41514" /><F57/><T54/><D107/><U65/><REACH who="1" step="1"/><E79/><REACH who="1" ten="350,340,350,0" step="2"/><V72/><F72/><T55/><D36/><U0/><E0/><V66/><F77/><T100/><D91/><U103/><AGARI ba="0,1" hai="40,47,50,60,65,68,76,78,96,103,105,112,113,114" m="31008" machi="103" ten="40,6000,1" yaku="1,1,0,1,11,1,52,2,53,0" doraHai="99" doraHaiUra="135" who="1" fromWho="1" sc="350,-40,340,70,350,-20,0,0" /><INIT seed="1,0,0,1,5,116" ten="310,410,330,0" oya="1" hai0="121,81,56,108,94,96,0,135,79,119,54,120,71" hai1="38,127,76,107,72,123,98,3,57,34,129,49,97" hai2="69,89,80,61,104,36,68,115,131,110,46,112,95" hai3=""/><U130/><N who="1" m="31520" /><U74/><E34/><V42/><F104/><T99/><N who="0" m="30752" /><T59/><N who="0" m="31008" /><T37/><D0/><U50/><E3/><V45/><F110/><T33/><D33/><U78/><E57/><V134/><F134/><T43/><D71/><U109/><E38/><V86/><F131/><T63/><D108/><U100/><E109/><V125/><F125/><T91/><D135/><U113/><E107/><V40/><F95/><T66/><D119/><U52/><E52/><V60/><F69/><T128/><D128/><U101/><E113/><N who="2" m="43595" /><F68/><T70/><D99/><U58/><REACH who="1" step="1"/><E58/><REACH who="1" ten="310,400,330,0" step="2"/><V114/><F114/><T111/><D111/><U87/><E87/><V44/><F44/><T32/><D32/><U41/><E41/><V62/><F62/><T55/><D54/><U85/><E85/><V117/><F117/><T103/><D37/><AGARI ba="0,1" hai="36,37,40,42,45,46,60,61,80,86,89" m="43595" machi="37" ten="30,1000,0" yaku="11,1" doraHai="116" who="2" fromWho="0" sc="310,-10,400,0,330,20,0,0" /><INIT seed="2,0,0,2,4,32" ten="300,400,350,0" oya="2" hai0="93,125,35,90,101,80,59,61,60,76,43,0,94" hai1="120,86,129,37,114,69,117,112,116,78,70,135,95" hai2="127,113,124,62,118,106,54,52,72,46,100,44,53" hai3=""/><V97/><F118/><N who="1" m="45673" /><E135/><V105/><F113/><N who="1" m="43625" /><E129/><V102/><F72/><T74/><D35/><U122/><N who="1" m="30752" /><U55/><N who="1" m="31264" /><U88/><E37/><V110/><F110/><T45/><D125/><N who="2" m="48202" /><F62/><T119/><D119/><U107/><E107/><N who="2" m="40971" /><F97/><T48/><D0/><U85/><E55/><N who="2" m="14083" /><V108/><DORA hai="38" /><F108/><T83/><D61/><U89/><E78/><V2/><F2/><T133/><D133/><U109/><E109/><V1/><F1/><T41/><D76/><U126/><E126/><V84/><F84/><T39/><D74/><U132/><E132/><V71/><F71/><T79/><D79/><U64/><E64/><V36/><F36/><T111/><D39/><U81/><AGARI ba="0,0" hai="69,70,81,85,86,88,89,95" m="31264,30752,43625,45673" machi="81" ten="30,5900,0" yaku="12,1,52,2,54,1" doraHai="32,38" who="1" fromWho="1" sc="300,-20,400,59,350,-39,0,0" /><INIT seed="4,0,0,3,1,66" ten="280,459,311,0" oya="0" hai0="71,51,37,98,78,82,84,133,107,2,0,74,118" hai1="112,54,76,132,42,44,130,109,134,69,34,1,129" hai2="83,111,70,60,86,61,113,33,56,135,95,43,41" hai3=""/><T73/><D118/><U38/><E1/><V68/><F33/><T105/><D51/><U79/><E34/><V91/><F111/><T110/><D110/><U117/><E109/><V90/><F113/><T87/><D98/><U121/><N who="1" m="31008" /><U49/><E117/><V72/><F135/><N who="1" m="51753" /><E69/><V131/><F131/><N who="1" m="50185" /><E112/><V127/><F70/><T63/><D133/><U108/><E108/><V100/><F68/><T57/><D71/><U36/><E36/><V102/><F72/><T35/><D37/><U85/><E85/><V119/><F119/><T114/><D35/><U123/><N who="1" m="31520" /><U97/><E97/><V59/><F86/><T122/><N who="0" m="31264" /><T125/><D114/><U128/><N who="1" m="50193" /><U99/><DORA hai="47" /><E99/><V67/><F95/><T106/><D87/><U45/><AGARI ba="0,0" hai="38,42,44,45,49,54,76,79" m="31520,50193,51753,31008" machi="45" ten="50,6000,1" yaku="20,1,19,1,52,3" doraHai="66,47" who="1" fromWho="1" sc="280,-40,459,60,311,-20,0,0" /><INIT seed="5,0,0,3,3,67" ten="240,519,291,0" oya="1" hai0="83,132,71,122,64,76,32,94,114,36,3,69,60" hai1="110,98,0,128,77,91,52,127,85,45,46,133,40" hai2="108,47,49,78,72,56,38,33,96,75,37,41,119" hai3=""/><U39/><E0/><V62/><F33/><T109/><N who="0" m="31264" /><T58/><D32/><U35/><E35/><V81/><F108/><T135/><D3/><U105/><E110/><V44/><F119/><T129/><D109/><U102/><E128/><V93/><F47/><T42/><D129/><U134/><E77/><V130/><F72/><T51/><D114/><U89/><E127/><V90/><F130/><T106/><D106/><U34/><BYE who="0" /><E34/><V80/><REACH who="2" step="1"/><F80/><REACH who="2" ten="240,519,281,0" step="2"/><T115/><D115/><U57/><E46/><UN n0="%28%C2%B4%E3%81%B8%CE%B5%E3%81%B8%60%29" /><V121/><N who="2" m="31008" /><V55/><AGARI ba="0,1" hai="37,38,41,44,49,55,56,62,75,78,81,90,93,96" m="31008" machi="55" ten="20,6000,1" yaku="1,1,4,1,0,1,7,1,52,1,53,0" doraHai="67" doraHaiUra="99" who="2" fromWho="2" sc="240,-20,519,-40,281,70,0,0" /><INIT seed="6,0,0,3,2,0" ten="220,479,351,0" oya="2" hai0="72,39,34,63,112,47,45,96,99,129,50,130,100" hai1="93,94,125,58,49,60,79,84,122,132,37,2,124" hai2="109,123,57,42,110,65,41,75,113,46,73,117,111" hai3=""/><V53/><N who="2" m="31520" /><V40/><F75/><T1/><D72/><U119/><N who="1" m="31264" /><U134/><E37/><V126/><F73/><T118/><D1/><U121/><N who="1" m="31008" /><U90/><E2/><V67/><F117/><T120/><N who="0" m="30752" /><T3/><D3/><U116/><E79/><V88/><F113/><T76/><D76/><U64/><E49/><V107/><F107/><T114/><D118/><N who="1" m="45099" /><E93/><V108/><F108/><T105/><D63/><U102/><E102/><V70/><F88/><T35/><D50/><U62/><E62/><V89/><F89/><T97/><D39/><U103/><E103/><V48/><F126/><AGARI ba="0,0" hai="58,60,64,84,90,94,124,125,126,132,134" m="45099,31008,31264" machi="126" ten="30,7700,0" yaku="18,1,12,1,52,2" doraHai="0" who="1" fromWho="2" sc="220,0,479,77,351,-77,0,0" owari="220,-38.0,556,51.0,274,-13.0,0,0.0" /></mjloggm>