<mjloggm ver="2.3"><GO type="169" lobby="0"/><UN n0="%E3%82%B7%E3%83%B3%E5%A4%AA%E6%9C%97" n1="%E3%81%B5%E3%81%98%E3%81%8B%E3%81%A4" n2="%E9%88%B4%E4%B8%B8" n3="%6B%69%79%6F%70%69%6E" dan="16,17,16,16" rate="2068.75,2163.00,2156.91,2188.25" sx="M,M,M,M"/><TAIKYOKU oya="0"/><INIT seed="0,0,0,1,0,29" ten="250,250,250,250" oya="0" hai0="4,31,72,56,129,85,104,114,28,59,61,110,83" hai1="58,11,124,30,121,65,2,78,52,57,112,0,66" hai2="106,53,91,86,44,102,54,108,64,118,34,16,75" hai3="84,111,80,117,103,97,73,81,7,18,43,132,22"/><T107/><D114/><U45/><E121/><V77/><F75/><W33/><G117/><T46/><D129/><U76/><E112/><V5/><F77/><W27/><G111/><T13/><D72/><U98/><E124/><V15/><F5/><W133/><G43/><T37/><D59/><U74/><E74/><V126/><F126/><W55/><G7/><T95/><D95/><U113/><E113/><V41/><F64/><W8/><G8/><T9/><D110/><U125/><E125/><V47/><F108/><W79/><G55/><T116/><D104/><U20/><E45/><V62/><F34/><W40/><G40/><T135/><D107/><U10/><E98/><V38/><F62/><W70/><G70/><T21/><D135/><U122/><E122/><V99/><F47/><W127/><G33/><T24/><D116/><U130/><E30/><V32/><F32/><W89/><REACH who="3" step="1"/><G127/><REACH who="3" ten="250,250,250,240" step="2"/><T60/><D37/><U39/><E39/><V26/><F118/><W128/><G128/><T35/><D35/><U120/><E120/><V90/><F53/><W25/><G25/><T105/><D24/><U49/><E130/><V68/><F54/><W131/><G131/><T82/><D4/><U14/><E20/><V19/><F68/><W69/><G69/><T134/><D9/><U6/><E0/><V42/><F41/><W100/><G100/><T23/><D21/><U115/><E115/><V93/><F26/><W71/><G71/><T3/><D23/><U123/><E123/><V94/><F15/><W67/><G67/><N who="1" m="25610" /><E58/><V17/><F17/><W109/><G109/><RYUUKYOKU ba="0,1" sc="250,-30,250,10,250,10,240,10" hai1="2,6,10,11,14,49,52,57,76,78" hai2="16,19,38,42,44,86,90,91,93,94,99,102,106" hai3="18,22,27,73,79,80,81,84,89,97,103,132,133" /><INIT seed="1,1,1,1,5,63" ten="220,260,260,250" oya="1" hai0="133,18,64,57,118,67,114,23,22,11,41,83,73" hai1="36,0,69,92,104,28,110,72,82,66,77,62,106" hai2="117,65,91,78,121,128,115,50,134,70,108,4,131" hai3="122,100,126,79,59,1,7,87,130,56,51,123,3"/><U25/><E92/><V61/><F78/><W58/><G51/><T71/><D118/><U88/><E110/><V74/><F74/><W45/><G45/><T102/><D114/><U111/><E111/><V81/><F108/><W125/><G100/><T10/><D71/><U15/><E15/><V35/><F91/><W14/><G14/><T112/><D112/><U32/><E88/><V38/><F81/><W2/><G7/><T17/><D133/><U40/><E0/><V53/><F115/><W127/><G130/><N who="2" m="49705" /><F35/><W33/><G33/><T99/><D41/><U54/><E54/><V113/><F4/><W44/><G44/><AGARI ba="1,1" hai="25,28,32,36,40,44,62,66,69,72,77,82,104,106" machi="44" ten="40,12000,1" yaku="33,3,52,1" doraHai="63" who="1" fromWho="3" sc="220,0,260,133,260,0,250,-123" /><INIT seed="1,2,0,2,0,23" ten="220,393,260,127" oya="1" hai0="75,91,116,32,84,13,102,104,80,59,130,7,107" hai1="76,51,47,19,95,103,115,29,61,88,78,98,45" hai2="119,46,92,73,53,48,24,121,93,42,34,21,63" hai3="12,62,124,120,28,54,65,35,64,55,134,41,117"/><U108/><E115/><V79/><F119/><W56/><G120/><T82/><D116/><U60/><E29/><V18/><F93/><W123/><G123/><T14/><D102/><U85/><E108/><V86/><F121/><W44/><G117/><T30/><D130/><U66/><E19/><V25/><F73/><W39/><G134/><T37/><D37/><U16/><E45/><V114/><F114/><W81/><G81/><T89/><D14/><U20/><E66/><V99/><F34/><W67/><G12/><T17/><D7/><U128/><E76/><V125/><F125/><W6/><G6/><T10/><D59/><U129/><E78/><V127/><F127/><W11/><G11/><T26/><REACH who="0" step="1"/><D75/><REACH who="0" ten="210,393,260,127" step="2"/><U112/><E112/><V74/><F74/><W87/><G124/><T5/><D5/><U70/><E70/><V50/><F63/><W52/><REACH who="3" step="1"/><G87/><AGARI ba="2,1" hai="10,13,17,26,30,32,80,82,84,87,89,91,104,107" machi="87" ten="40,8000,1" yaku="1,1,9,1,52,1,53,1" doraHai="23" doraHaiUra="8" who="0" fromWho="3" sc="210,96,393,0,260,0,127,-86" /><INIT seed="2,0,0,2,1,9" ten="306,393,260,41" oya="2" hai0="77,85,125,88,51,42,20,78,108,68,40,71,95" hai1="44,110,92,99,80,13,14,111,30,62,24,82,100" hai2="34,75,35,114,86,29,65,49,48,31,73,27,22" hai3="11,124,63,52,81,134,23,116,60,15,90,119,8"/><V50/><F114/><W91/><G134/><T121/><D121/><U17/><E17/><V122/><F122/><W16/><G124/><T32/><D32/><U18/><E44/><V4/><F65/><W47/><G63/><T6/><D125/><U79/><E62/><V3/><F3/><W39/><G39/><T104/><D104/><U76/><E18/><V97/><F4/><W12/><G81/><N who="1" m="31338" /><E24/><V59/><F86/><W115/><G115/><T133/><D6/><U46/><E46/><V72/><F59/><N who="3" m="34919" /><G116/><T58/><D68/><U112/><E30/><V129/><F129/><W33/><G33/><T123/><D71/><U2/><E2/><V19/><REACH who="2" step="1"/><F97/><REACH who="2" ten="306,393,250,41" step="2"/><W103/><G119/><T55/><D123/><U120/><E112/><V117/><F117/><W41/><G47/><T96/><D133/><U131/><E120/><V36/><F36/><W102/><G41/><N who="0" m="15979" /><D108/><N who="1" m="41515" /><E131/><V0/><F0/><W7/><G11/><T74/><D74/><U64/><E64/><V113/><F113/><W101/><AGARI ba="0,1" hai="7,8,12,15,16,23,90,91,101,102,103" m="34919" machi="101" ten="30,8000,1" yaku="8,1,52,2,54,2" doraHai="9" who="3" fromWho="3" sc="306,-20,393,-20,250,-40,41,90" /><INIT seed="3,0,0,3,4,44" ten="286,373,210,131" oya="3" hai0="118,68,79,37,66,62,102,12,131,104,10,83,110" hai1="73,121,27,4,52,61,32,15,1,134,119,88,48" hai2="58,105,128,19,125,84,49,31,29,76,78,57,127" hai3="71,53,46,11,42,23,77,40,0,82,50,129,20"/><W111/><G71/><T18/><D118/><U95/><E121/><V94/><F105/><W113/><G113/><T122/><D122/><U126/><E119/><V90/><F19/><W85/><G129/><T87/><D131/><U133/><E73/><V120/><F128/><W81/><G111/><T39/><D110/><U38/><E38/><V93/><F120/><W124/><G124/><N who="2" m="47689" /><F94/><W132/><G132/><T117/><D117/><U34/><E126/><V123/><F123/><W107/><G107/><T43/><D43/><U86/><E61/><V108/><F108/><W135/><G135/><T54/><D104/><U56/><E1/><V64/><F64/><W89/><G42/><T17/><D102/><U72/><E72/><V51/><F58/><W80/><G80/><T2/><D2/><U8/><E34/><V109/><F57/><W74/><REACH who="3" step="1"/><G40/><REACH who="3" ten="286,373,210,121" step="2"/><T67/><D68/><U30/><AGARI ba="0,1" hai="4,8,15,27,30,32,48,52,56,86,88,95,133,134" machi="30" ten="30,7900,0" yaku="0,1,52,1,54,2" doraHai="44" who="1" fromWho="1" sc="286,-20,373,89,210,-20,121,-39" /><INIT seed="4,0,0,1,2,121" ten="266,462,190,82" oya="0" hai0="93,37,16,85,91,81,29,42,45,106,53,75,100" hai1="47,13,74,113,30,60,112,44,110,77,114,22,123" hai2="8,25,68,56,39,130,131,105,118,41,27,89,109" hai3="82,128,26,135,38,43,61,126,59,90,17,115,58"/><T4/><D29/><U28/><E123/><V57/><F68/><W129/><G115/><T33/><D33/><U1/><E1/><V94/><F109/><W51/><G38/><T107/><D4/><U6/><E77/><V65/><F105/><W54/><G135/><T11/><D53/><U46/><E74/><V73/><F73/><W70/><G70/><T133/><D133/><U12/><E60/><V55/><F65/><W96/><G126/><T79/><REACH who="0" step="1"/><D100/><REACH who="0" ten="256,462,190,82" step="2"/><U132/><E132/><V134/><F134/><W87/><G43/><T76/><D76/><U117/><E117/><V98/><F55/><W40/><G40/><T62/><D62/><U80/><E6/><V88/><F118/><W92/><G17/><T119/><D119/><U21/><E110/><V48/><F41/><W3/><G3/><T7/><D7/><U63/><E63/><V49/><F130/><W5/><G5/><T23/><D23/><U32/><E32/><V127/><F131/><W72/><G129/><T19/><D19/><N who="1" m="10471" /><E22/><V2/><F8/><W125/><G128/><T78/><D78/><U10/><E10/><V50/><F2/><W31/><G125/><T15/><AGARI ba="0,1" hai="11,15,16,37,42,45,75,79,81,85,91,93,106,107" machi="15" ten="30,6000,0" yaku="1,1,0,1,54,1,53,0" doraHai="121" doraHaiUra="120" who="0" fromWho="0" sc="256,70,462,-20,190,-20,82,-20" /><INIT seed="4,1,0,3,4,94" ten="326,442,170,62" oya="0" hai0="34,98,48,68,132,101,71,79,8,114,124,6,0" hai1="21,1,28,45,87,56,11,117,64,69,91,23,27" hai2="128,70,44,15,66,63,110,2,78,93,25,81,84" hai3="32,9,51,89,75,131,97,29,58,113,106,41,54"/><T57/><D114/><U122/><E117/><V130/><F2/><W5/><G75/><T118/><D118/><U24/><E122/><V134/><F110/><W49/><G113/><T67/><D132/><U26/><E45/><V59/><F134/><W112/><G112/><T92/><D124/><U120/><E69/><V90/><F44/><W82/><G131/><T80/><D34/><U35/><E120/><V50/><F15/><W30/><G32/><T19/><D19/><U100/><E100/><V133/><F25/><W12/><G82/><T72/><REACH who="0" step="1"/><D48/><REACH who="0" ten="316,442,170,62" step="2"/><U99/><E35/><V60/><F133/><W47/><REACH who="3" step="1"/><G106/><REACH who="3" ten="316,442,170,52" step="2"/><T17/><D17/><U14/><E28/><V33/><F33/><W104/><G104/><T36/><D36/><U10/><E27/><V105/><F105/><W3/><G3/><T13/><D13/><U20/><E1/><V16/><F128/><W102/><G102/><T96/><D96/><U76/><E99/><V42/><F130/><W121/><G121/><T116/><D116/><U111/><E14/><V108/><F108/><W65/><G65/><T31/><D31/><U85/><E111/><V18/><F66/><W107/><G107/><T86/><D86/><U55/><E64/><V40/><F84/><W135/><G135/><T129/><D129/><U77/><E87/><V52/><F18/><W95/><AGARI ba="1,2" hai="5,9,12,29,30,41,47,49,51,54,58,89,95,97" machi="95" ten="30,8000,1" yaku="1,1,0,1,8,1,52,1,53,1" doraHai="94" doraHaiUra="53" who="3" fromWho="3" sc="316,-41,442,-21,170,-21,52,103" /><INIT seed="5,0,0,1,2,44" ten="275,421,149,155" oya="1" hai0="81,27,89,57,78,9,28,80,79,101,50,71,14" hai1="1,41,125,88,134,23,13,95,97,35,118,83,38" hai2="133,90,45,61,39,48,69,107,109,132,8,53,111" hai3="60,98,92,5,73,49,66,91,18,32,75,15,10"/><U84/><E118/><V40/><F107/><W127/><G127/><T3/><D71/><U4/><E35/><V24/><F90/><W62/><G32/><T37/><D3/><U113/><E125/><V58/><F8/><W36/><G36/><T108/><D37/><U17/><E134/><N who="2" m="51819" /><F24/><W31/><G31/><T112/><D112/><U64/><E113/><V26/><F26/><W104/><G62/><T16/><D108/><U129/><E129/><V46/><F69/><W68/><G104/><T126/><D126/><U59/><E38/><V135/><N who="2" m="51827" /><V12/><DORA hai="34" /><F12/><W99/><G99/><T120/><D101/><U70/><E70/><V110/><F110/><W86/><G98/><T100/><D100/><U47/><E47/><V116/><F116/><W103/><G103/><T33/><D120/><U131/><E131/><V22/><F22/><W121/><G121/><T87/><D80/><U0/><E4/><V21/><F21/><W85/><G5/><T128/><D128/><U55/><E83/><V19/><F19/><W122/><G122/><T30/><D30/><U63/><E97/><V114/><F114/><W11/><G11/><T130/><D130/><U115/><E115/><V29/><F29/><W102/><G102/><T52/><AGARI ba="0,0" hai="9,14,16,27,28,33,50,52,57,78,79,81,87,89" machi="52" ten="30,7900,0" yaku="0,1,52,1,54,2" doraHai="44,34" who="0" fromWho="0" sc="275,79,421,-39,149,-20,155,-20" /><INIT seed="6,0,0,3,2,55" ten="354,382,129,135" oya="2" hai0="67,63,48,103,65,84,19,71,107,95,134,66,75" hai1="2,60,30,21,0,77,85,109,81,54,96,91,1" hai2="116,104,122,47,70,73,24,29,93,76,57,26,78" hai3="114,61,83,126,113,62,11,69,133,50,102,34,127"/><V74/><F104/><W56/><G34/><T6/><D75/><U58/><E109/><V9/><F70/><W35/><G35/><T125/><D107/><U110/><E110/><V100/><F116/><W39/><G102/><T33/><D33/><U7/><E7/><V79/><F122/><W88/><G39/><T72/><D72/><U38/><E38/><V105/><F105/><W32/><G32/><T42/><D6/><U44/><E44/><V15/><F73/><W53/><G11/><T117/><D117/><U128/><E128/><V68/><F68/><W16/><G16/><T92/><D134/><U130/><E130/><V115/><F115/><N who="3" m="44043" /><G133/><T129/><D125/><N who="3" m="47625" /><G69/><T108/><D19/><U64/><E21/><N who="2" m="15503" /><F74/><W23/><G23/><T99/><D129/><U87/><E30/><V111/><F26/><W31/><G31/><T121/><D121/><U120/><E120/><V90/><F111/><W123/><G123/><T89/><D108/><U22/><E22/><V37/><F37/><W28/><G28/><T59/><D71/><U8/><E8/><V80/><F100/><W101/><G101/><T49/><D42/><U82/><E0/><V41/><F80/><W94/><G83/><T45/><D45/><U14/><E1/><V18/><F57/><W52/><G53/><AGARI ba="0,0" hai="48,49,53,59,63,65,66,67,84,89,92,95,99,103" machi="53" ten="40,2600,0" yaku="8,1,52,1" doraHai="55" who="0" fromWho="3" sc="354,26,382,0,129,0,135,-26" /><INIT seed="7,0,0,5,5,120" ten="380,382,129,109" oya="3" hai0="129,61,134,133,4,50,94,84,112,40,35,115,18" hai1="130,77,41,97,100,92,19,116,118,126,12,117,28" hai2="60,87,101,51,3,82,27,109,122,132,74,83,113" hai3="38,67,47,128,68,6,7,48,44,86,89,70,56"/><W96/><G128/><T33/><D129/><U131/><E126/><V9/><F3/><W39/><G96/><T95/><D4/><U57/><E28/><V22/><F74/><W20/><G20/><T106/><D106/><U73/><E41/><V121/><F113/><N who="0" m="43594" /><D61/><U54/><E77/><V10/><F22/><W15/><G15/><T91/><D95/><U42/><E42/><V119/><F9/><W124/><G124/><T49/><D18/><U63/><E73/><V66/><F10/><AGARI ba="0,0" hai="10,12,19,54,57,63,92,97,100,116,117,118,130,131" machi="10" ten="40,1300,0" yaku="12,1" doraHai="120" who="1" fromWho="2" sc="380,0,382,13,129,-13,109,0" owari="380,18.0,395,49.0,116,-28.0,109,-39.0" /></mjloggm>