<mjloggm ver="2.3"><GO type="185" lobby="0"/><UN n0="%E8%97%A4%E4%BA%95%E8%81%A1%E5%A4%AA" n1="%E9%80%9F%E8%A6%8B%E5%B9%B8%E4%B8%80" n2="%E9%9B%AA%E6%9D%91%E5%8D%83%E7%B5%B5%E8%8E%89" n3="" dan="20,17,17,0" rate="2398.67,2066.12,2278.25,1500.00" sx="M,M,F,C"/><TAIKYOKU oya="0"/><INIT seed="0,0,0,1,5,43" ten="350,350,350,0" oya="0" hai0="102,67,81,92,44,48,47,51,52,3,0,110,89" hai1="133,93,113,2,107,85,120,112,60,119,99,49,105" hai2="35,88,63,95,53,62,58,78,130,45,64,101,131" hai3=""/><T59/><D110/><U87/><N who="1" m="30752" /><U108/><E119/><V129/><F35/><T32/><D32/><U126/><E2/><V83/><F101/><T94/><D67/><U90/><E108/><V54/><F62/><T75/><D102/><U37/><E37/><V40/><F83/><T132/><D132/><U104/><E60/><V80/><F80/><T118/><D118/><U66/><E66/><V33/><F78/><T72/><D59/><U42/><E126/><V79/><F79/><T50/><D50/><U106/><E133/><V77/><F77/><T111/><D111/><U127/><E127/><V56/><F56/><T114/><D81/><U46/><N who="1" m="26624" /><DORA hai="116" /><U96/><REACH who="1" step="1"/><E87/><REACH who="1" ten="350,340,350,0" step="2"/><V135/><F135/><T86/><D0/><U128/><E128/><V73/><F73/><T69/><D3/><U109/><E109/><V65/><F65/><T117/><D117/><U125/><E125/><V76/><F33/><T100/><D72/><U123/><N who="1" m="31520" /><U71/><E71/><V1/><F1/><T121/><D69/><U74/><E74/><V55/><F64/><T34/><D34/><U91/><E91/><V134/><F134/><T82/><D75/><U36/><E36/><V70/><F70/><T84/><D89/><RYUUKYOKU ba="0,1" sc="350,-10,340,20,350,-10,0,0" hai1="42,46,49,85,90,93,96,99,112,113" /><INIT seed="1,1,1,4,1,135" ten="340,360,340,0" oya="1" hai0="63,121,37,43,128,93,51,67,50,130,71,111,125" hai1="78,2,72,122,105,1,100,35,94,70,103,81,40" hai2="123,69,62,3,32,87,109,45,108,107,131,115,53" hai3=""/><U120/><N who="1" m="30752" /><U0/><N who="1" m="31264" /><U80/><E35/><V58/><N who="2" m="31520" /><V113/><F3/><T47/><N who="0" m="31008" /><T126/><D111/><N who="2" m="42570" /><F32/><T73/><D73/><U134/><E134/><V39/><F87/><T110/><D93/><U36/><E105/><V76/><F76/><T88/><D88/><U38/><E70/><V98/><F98/><T118/><D118/><U95/><E81/><V60/><F107/><T65/><D65/><U64/><E64/><V112/><F131/><N who="0" m="50218" /><D110/><U56/><E95/><V132/><F132/><T82/><D82/><U34/><E94/><V127/><F127/><AGARI ba="1,1" hai="37,43,47,50,51,63,67,71,125,126,127" m="50218,31008" machi="127" ten="30,16000,3" yaku="18,1,19,1,34,2,52,4" doraHai="135" who="0" fromWho="2" sc="340,172,360,0,340,-162,0,0" /><INIT seed="2,0,0,4,1,98" ten="512,360,178,0" oya="2" hai0="119,71,37,32,39,51,122,102,120,92,103,93,3" hai1="44,1,50,133,49,38,75,129,67,121,89,97,73" hai2="56,135,116,85,64,86,54,82,60,96,127,84,59" hai3=""/><V106/><F116/><T111/><N who="0" m="30752" /><T55/><N who="0" m="31264" /><T77/><D119/><U48/><N who="1" m="31008" /><U109/><E1/><V126/><F135/><T81/><D3/><U58/><E109/><V105/><F82/><T62/><D111/><U76/><E129/><V52/><F64/><T72/><D32/><U115/><E115/><V33/><F33/><T128/><D128/><U36/><E133/><V45/><F45/><T78/><D78/><U95/><E76/><V79/><F79/><T90/><D37/><U42/><REACH who="1" step="1"/><E38/><REACH who="1" ten="512,350,178,0" step="2"/><V91/><F127/><T108/><D39/><U100/><E100/><V99/><F126/><T47/><D108/><U114/><E114/><V69/><F69/><T125/><D125/><U131/><E131/><V132/><F132/><T130/><D130/><U63/><AGARI ba="0,1" hai="36,42,44,48,49,50,58,63,67,73,75,89,95,97" m="31008" machi="63" ten="30,5900,0" yaku="1,1,0,1,52,1,53,1" doraHai="98" doraHaiUra="61" who="1" fromWho="1" sc="512,-20,350,69,178,-39,0,0" /><INIT seed="4,0,0,5,2,40" ten="492,419,139,0" oya="0" hai0="93,114,116,67,95,74,118,109,39,63,80,102,82" hai1="50,128,78,51,94,72,113,132,42,69,88,123,32" hai2="49,45,0,86,37,101,108,117,56,76,59,53,33" hai3=""/><T60/><D39/><U66/><N who="1" m="31520" /><U111/><E111/><V62/><F108/><T99/><D109/><U41/><E132/><V125/><F0/><T103/><D67/><U110/><E128/><V97/><F33/><T124/><D99/><U57/><E113/><V119/><F125/><T46/><D74/><U75/><E69/><V44/><F37/><T70/><D70/><U38/><E66/><V61/><F119/><T129/><D129/><U131/><E75/><V58/><F117/><T77/><D77/><U115/><E32/><V3/><F3/><T71/><D71/><U81/><E115/><V90/><F76/><T64/><D64/><U107/><E38/><V83/><REACH who="2" step="1"/><F45/><REACH who="2" ten="492,419,129,0" step="2"/><T135/><D46/><U100/><E78/><V84/><F84/><T48/><D114/><U126/><E126/><V120/><N who="2" m="30752" /><V79/><F79/><T112/><D112/><U104/><E131/><V47/><F47/><T55/><D124/><U43/><E110/><V85/><F85/><T65/><D118/><U122/><E72/><V87/><F87/><T89/><D116/><U34/><E122/><V96/><F96/><T2/><D2/><U36/><E34/><V121/><N who="2" m="31008" /><V54/><F54/><T105/><D55/><RYUUKYOKU ba="0,1" sc="492,-10,419,-10,129,20,0,0" hai2="44,49,53,56,58,59,61,62,83,86,90,97,101" /><INIT seed="5,1,1,1,3,62" ten="482,409,149,0" oya="1" hai0="128,100,53,50,117,2,3,129,0,82,90,76,70" hai1="48,67,101,114,84,116,133,125,91,135,63,1,83" hai2="68,56,127,132,66,71,40,121,35,134,51,43,111" hai3=""/><U80/><E116/><V99/><N who="2" m="31008" /><V118/><F35/><T44/><D117/><U57/><E1/><V123/><N who="2" m="31520" /><V126/><F99/><T46/><D70/><N who="2" m="26666" /><F118/><T94/><D46/><U37/><E101/><V92/><F92/><T87/><REACH who="0" step="1"/><D100/><REACH who="0" ten="472,409,149,0" step="2"/><U81/><E91/><V88/><F88/><T98/><AGARI ba="1,2" hai="0,2,3,44,50,53,76,82,87,90,94,98,128,129" machi="98" ten="40,6000,1" yaku="1,1,2,1,0,1,53,1" doraHai="62" doraHaiUra="45" who="0" fromWho="0" sc="472,82,409,-41,149,-21,0,0" /><INIT seed="6,0,0,5,1,112" ten="554,368,128,0" oya="2" hai0="81,38,122,123,59,135,90,40,39,86,121,115,132" hai1="51,91,118,96,119,36,133,98,113,65,116,125,53" hai2="71,33,66,129,82,114,131,74,92,64,35,41,45" hai3=""/><V104/><F104/><T48/><D115/><U55/><E113/><V111/><F114/><T127/><D127/><U69/><E36/><V68/><F111/><T108/><D108/><U52/><E125/><V76/><F92/><T2/><D2/><U89/><E51/><V134/><F134/><N who="0" m="51242" /><D59/><U99/><E133/><V101/><F101/><T100/><D100/><U57/><E57/><V107/><F107/><T1/><D1/><U87/><E87/><V97/><F97/><T110/><D110/><U128/><E128/><N who="2" m="49227" /><F66/><T46/><AGARI ba="0,0" hai="38,39,40,46,48,81,86,90,121,122,123" m="51242" machi="46" ten="40,1100,0" yaku="20,1" doraHai="112" who="0" fromWho="0" sc="554,11,368,-4,128,-7,0,0" owari="565,52.0,364,-4.0,121,-48.0,0,0.0" /></mjloggm>