<mjloggm ver="2.3"><GO type="225" lobby="0"/><UN n0="%E3%82%A8%E3%82%B9%E3%82%BF%E3%83%BC" n1="%6C%69%62%72%61%72%79" n2="%E3%81%93%E3%81%84%E3%82%8F%E3%81%84%E3%82%88%E3%81%A4%E3%81%B0" n3="%E3%81%AA%E3%82%81%E3%81%93%E9%9B%80%E5%A3%AB" dan="17,16,18,18" rate="2179.72,2043.02,2220.92,2199.69" sx="M,M,F,M"/><TAIKYOKU oya="0"/><INIT seed="0,0,0,1,5,123" ten="250,250,250,250" oya="0" hai0="74,38,63,42,121,127,28,116,22,85,26,111,101" hai1="89,12,90,11,45,93,107,98,77,86,122,29,110" hai2="125,81,78,91,54,130,75,48,25,118,109,13,102" hai3="31,53,112,66,96,55,49,79,68,80,70,51,129"/><T113/><D116/><U16/><E122/><V18/><F130/><W4/><G112/><T35/><D113/><U83/><E110/><V120/><F120/><W57/><G129/><T36/><D121/><U65/><E107/><V21/><F125/><W56/><G31/><T134/><D127/><U7/><E29/><V62/><F118/><W24/><G24/><T2/><D74/><U104/><E104/><V52/><F109/><W6/><G96/><T34/><D2/><U72/><E65/><V117/><F117/><W103/><G103/><T105/><D38/><U64/><E64/><V119/><F102/><W1/><G1/><T133/><D111/><U88/><E45/><V59/><F119/><W39/><G39/><T10/><D34/><U87/><REACH who="1" step="1"/><E7/><REACH who="1" ten="250,240,250,250" step="2"/><V135/><F135/><W126/><G126/><T44/><D105/><U43/><E43/><V82/><F54/><W97/><G66/><T132/><D133/><U60/><E60/><V47/><F47/><W37/><G37/><T27/><D36/><U95/><E95/><V124/><F62/><W131/><G131/><T19/><D132/><U50/><E50/><V76/><F124/><W33/><G33/><T84/><D35/><U23/><E23/><V100/><F21/><W46/><G46/><T61/><D134/><U17/><E17/><V15/><F18/><W5/><REACH who="3" step="1"/><G97/><REACH who="3" ten="250,240,250,240" step="2"/><T67/><D44/><U94/><E94/><V32/><F32/><W41/><G41/><T114/><D42/><U128/><E128/><V0/><F52/><W92/><G92/><T30/><D114/><U8/><E8/><RYUUKYOKU ba="0,2" sc="250,-15,240,15,250,-15,240,15" hai1="11,12,16,72,77,83,86,87,88,89,90,93,98" hai3="4,5,6,49,51,53,55,56,57,68,70,79,80" /><INIT seed="1,1,2,4,4,94" ten="235,255,235,255" oya="1" hai0="5,18,70,48,6,79,106,120,111,8,93,124,13" hai1="4,84,129,58,22,12,59,64,17,54,128,55,121" hai2="71,23,104,67,61,72,78,83,10,98,36,95,57" hai3="50,80,109,92,119,118,29,27,15,122,30,47,42"/><U97/><E121/><V113/><F113/><W31/><G122/><T46/><D106/><U88/><E4/><V24/><F36/><W20/><G109/><T69/><D111/><U63/><E97/><V49/><F104/><W1/><G1/><T100/><D124/><U32/><E32/><V56/><F49/><W7/><G80/><T86/><D120/><U131/><E59/><V9/><F57/><W62/><G62/><T108/><D108/><U99/><E99/><V127/><F71/><W66/><G66/><T41/><D69/><U45/><REACH who="1" step="1"/><E45/><REACH who="1" ten="235,245,235,255" step="2"/><V77/><F127/><W126/><G126/><T40/><D70/><U19/><E19/><V76/><F9/><W65/><G7/><T114/><D114/><U21/><E21/><V85/><F10/><W102/><G20/><T35/><D35/><U123/><E123/><V16/><F72/><W125/><G125/><T134/><D5/><U87/><E87/><V82/><F85/><W2/><G31/><T11/><D18/><U103/><E103/><AGARI ba="1,3" hai="16,23,24,56,61,67,76,77,78,82,83,95,98,103" machi="103" ten="40,5200,0" yaku="8,1,52,1,54,1" doraHai="94" who="2" fromWho="1" sc="235,0,245,-55,235,85,255,0" /><INIT seed="2,0,0,1,0,52" ten="235,190,320,255" oya="2" hai0="99,89,2,54,66,67,118,123,127,16,44,101,71" hai1="90,58,87,43,23,112,95,130,24,94,68,75,25" hai2="57,85,7,114,13,79,38,8,113,37,35,3,39" hai3="134,133,122,126,30,132,108,29,11,34,19,91,120"/><V0/><F35/><W80/><G108/><T12/><D2/><U86/><E68/><V104/><F104/><W5/><G126/><T33/><D33/><U14/><E75/><V121/><F121/><N who="3" m="46699" /><G19/><T64/><D118/><U15/><E112/><V59/><F79/><W22/><G22/><T6/><D6/><U131/><E43/><V125/><F125/><W63/><G34/><T49/><D127/><U17/><E23/><V32/><F32/><W60/><G91/><T28/><D123/><U4/><E4/><V27/><F27/><W135/><N who="3" m="33792" /><DORA hai="93" /><W53/><G80/><T72/><D72/><U77/><E77/><V65/><F7/><W50/><G63/><T46/><D71/><U78/><E78/><V51/><F113/><W56/><G60/><T42/><D89/><U69/><E69/><V31/><F31/><W107/><G107/><T41/><D46/><U84/><E84/><V111/><F85/><W98/><G98/><T116/><D116/><U96/><E90/><V40/><F111/><W103/><G103/><T61/><D61/><U88/><E88/><V76/><F76/><W128/><G128/><T45/><D45/><U115/><E115/><V106/><F106/><W62/><G62/><T70/><D28/><U117/><E117/><V102/><F102/><W124/><G124/><T26/><D26/><U81/><E81/><V92/><F92/><W97/><G97/><T119/><D119/><U18/><E96/><V36/><F114/><W10/><G10/><N who="0" m="6167" /><D70/><U83/><E83/><V109/><F109/><W73/><G73/><T1/><D1/><AGARI ba="0,0" hai="1,5,11,29,30,50,53,56" m="33792,46699" machi="1" ten="60,7700,0" yaku="6,1,20,1,52,1" doraHai="52,93" who="3" fromWho="0" sc="235,-77,190,0,320,0,255,77" /><INIT seed="3,0,0,5,1,15" ten="158,190,320,332" oya="3" hai0="98,70,51,17,110,19,83,53,67,76,16,99,2" hai1="115,130,41,3,116,8,88,32,96,61,128,29,103" hai2="131,102,57,45,123,85,37,4,100,120,54,59,46" hai3="108,75,0,21,91,42,74,64,52,87,40,14,20"/><W34/><G0/><T9/><D110/><U28/><E115/><V10/><F85/><W36/><G34/><T31/><D31/><U105/><E41/><N who="3" m="15978" /><G75/><T94/><D70/><U22/><E32/><V1/><F131/><N who="1" m="50217" /><E116/><V124/><F124/><W58/><G74/><T11/><D67/><U62/><E88/><V7/><F37/><W26/><G36/><T119/><D119/><U111/><E111/><V27/><F27/><W38/><G38/><T112/><D112/><U114/><E114/><V44/><F7/><W30/><G64/><T18/><N who="0" m="4096" /><DORA hai="24" /><T78/><D2/><U89/><E89/><V50/><F59/><W133/><G14/><T127/><D127/><U84/><E84/><V86/><F86/><W109/><G21/><T106/><D106/><U60/><E22/><V13/><F1/><W121/><G121/><AGARI ba="0,0" hai="4,10,13,44,45,46,50,54,57,100,102,120,121,123" machi="121" ten="40,1300,0" yaku="13,1" doraHai="15,24" who="2" fromWho="3" sc="158,0,190,0,320,13,332,-13" owari="158,-34.0,190,-21.0,333,43.0,319,12.0" /></mjloggm>