<mjloggm ver="2.3"><GO type="169" lobby="0"/><UN n0="%6B%61%69%74%75" n1="%E5%8D%97%E6%96%97%E7%84%A1%E9%9F%B3%E6%8B%B3" n2="%74%34%63%34%32%32" n3="%E5%A4%A9%E6%89%8D%E9%BA%BB%E5%B0%87%E5%8A%A0%E5%A5%88" dan="16,16,16,16" rate="2100.07,2079.11,2126.27,2054.09" sx="M,M,F,M"/><TAIKYOKU oya="0"/><INIT seed="0,0,0,2,0,9" ten="250,250,250,250" oya="0" hai0="50,126,89,53,20,23,40,45,5,122,11,13,1" hai1="79,7,88,14,84,125,0,117,56,21,44,93,33" hai2="54,37,129,16,113,104,110,130,121,82,10,116,35" hai3="30,38,74,60,31,107,72,18,115,43,62,19,55"/><T39/><D122/><U67/><E117/><V15/><F121/><W46/><G107/><T128/><D128/><N who="2" m="49258" /><F116/><W36/><G46/><T26/><D126/><U94/><E125/><V42/><F113/><W127/><G127/><T2/><D23/><U100/><E33/><V22/><F104/><W118/><G118/><T69/><D89/><U66/><E0/><V103/><F103/><W59/><G59/><T65/><D65/><U47/><E79/><V132/><F35/><W87/><G87/><T25/><D25/><U41/><E41/><V48/><F132/><W97/><G55/><T133/><D69/><U111/><E111/><V78/><F110/><W134/><G115/><T135/><D135/><U75/><E75/><N who="2" m="43359" /><F42/><W8/><G43/><T3/><D133/><U86/><E56/><N who="2" m="32839" /><F37/><W92/><G134/><T68/><D68/><U12/><E100/><V83/><F83/><W85/><G38/><T63/><D63/><U64/><E7/><V124/><F124/><W29/><G36/><T119/><D119/><U120/><E120/><V58/><F58/><W102/><G60/><T112/><D112/><U70/><E70/><V57/><F57/><W6/><G62/><T17/><D39/><U76/><E76/><V123/><F123/><W52/><G72/><T27/><D40/><U99/><E99/><V114/><F114/><W51/><G74/><T71/><D71/><U96/><E96/><V73/><F73/><W108/><G108/><T90/><D90/><U101/><E101/><V91/><F91/><W80/><G102/><T106/><D106/><U4/><E88/><RYUUKYOKU ba="0,0" sc="250,15,250,-15,250,15,250,-15" hai0="1,2,3,5,11,13,17,20,26,27,45,50,53" hai2="10,15,16,22" /><INIT seed="0,1,0,3,2,28" ten="265,235,265,235" oya="0" hai0="31,44,5,24,37,131,89,132,127,39,112,13,30" hai1="98,4,125,114,50,96,3,1,77,119,18,92,135" hai2="128,84,75,104,87,107,130,123,113,67,76,121,20" hai3="54,106,17,83,68,32,21,90,102,120,118,108,26"/><T111/><D112/><U133/><E119/><V74/><F67/><W81/><G118/><T10/><D132/><N who="1" m="50763" /><E114/><V51/><F51/><W105/><G108/><T22/><D131/><N who="2" m="50218" /><F20/><W35/><G54/><T38/><D127/><U42/><E77/><V64/><F64/><W40/><G40/><T23/><D111/><U12/><E125/><V33/><F33/><N who="3" m="12875" /><G102/><T82/><D82/><U73/><E73/><N who="2" m="27659" /><F113/><W2/><G2/><N who="1" m="522" /><E4/><V56/><F56/><W129/><G129/><T70/><D89/><N who="1" m="55311" /><E98/><V58/><F58/><W45/><G45/><T14/><D70/><U62/><E62/><V6/><F6/><W103/><G90/><T115/><D115/><U61/><E61/><V78/><F78/><W59/><G59/><T8/><D44/><N who="1" m="25879" /><E12/><V7/><F7/><W101/><G68/><T72/><D72/><U36/><E18/><V80/><F87/><W29/><G17/><T52/><D38/><AGARI ba="1,0" hai="36,38" m="25879,55311,522,50763" machi="38" ten="30,1000,0" yaku="20,1" doraHai="28" who="1" fromWho="0" sc="265,-13,235,13,265,0,235,0" /><INIT seed="1,0,0,3,3,59" ten="252,248,265,235" oya="1" hai0="132,123,71,125,134,76,89,84,108,68,135,54,44" hai1="112,120,77,15,39,100,127,110,6,75,83,131,34" hai2="116,102,96,32,52,122,23,7,70,43,67,117,57" hai3="72,35,45,24,40,3,50,33,16,115,0,111,105"/><U97/><E34/><V56/><F32/><W51/><G115/><T62/><D108/><U60/><E39/><V20/><F122/><W28/><G111/><T66/><D123/><U103/><E112/><V101/><F7/><W1/><G33/><T37/><D76/><U79/><E120/><V78/><F78/><W130/><G105/><T92/><D125/><U82/><E110/><V126/><F126/><W36/><G72/><T22/><D22/><U55/><E127/><V95/><F43/><W58/><G130/><T48/><REACH who="0" step="1"/><D37/><REACH who="0" ten="242,248,265,235" step="2"/><U21/><E131/><V74/><F20/><W104/><G36/><T41/><D41/><U30/><E21/><V46/><F23/><W94/><G40/><T2/><D2/><U65/><E30/><V29/><F29/><W109/><G0/><T19/><D19/><U129/><E129/><V14/><F116/><W87/><G1/><T98/><D98/><U114/><E97/><V93/><F117/><W81/><G3/><T90/><D90/><U26/><E114/><V17/><F96/><W47/><G16/><T61/><D61/><U12/><E60/><V124/><F17/><W13/><G109/><T64/><D64/><U88/><E65/><V99/><F67/><W121/><G121/><T80/><D80/><U118/><E88/><V5/><F124/><W86/><G81/><T85/><D85/><U8/><E118/><V53/><F99/><W91/><G91/><T119/><D119/><U38/><E38/><V128/><F128/><W133/><G28/><T73/><D73/><U11/><E75/><V63/><F74/><RYUUKYOKU ba="0,1" sc="242,30,248,-10,265,-10,235,-10" hai0="44,48,54,62,66,68,71,84,89,92,132,134,135" /><INIT seed="2,1,1,4,5,2" ten="272,238,255,225" oya="2" hai0="6,21,99,90,48,33,94,131,93,127,61,39,85" hai1="27,47,101,81,83,97,135,0,54,70,118,41,98" hai2="25,73,74,35,84,122,116,30,130,58,129,104,119" hai3="10,45,9,111,113,88,15,16,14,120,42,115,87"/><V77/><F122/><W29/><G111/><T37/><D33/><U133/><E70/><V64/><F104/><W3/><G3/><T128/><D127/><U17/><E118/><V117/><F84/><W68/><G29/><T106/><D106/><U34/><E0/><V69/><F58/><W82/><G68/><T53/><D61/><U132/><E54/><V124/><F124/><W75/><G75/><N who="2" m="28681" /><F77/><W36/><REACH who="3" step="1"/><G120/><REACH who="3" ten="272,238,255,215" step="2"/><T1/><D1/><U46/><E135/><V56/><F69/><W13/><G13/><T23/><D131/><N who="2" m="50186" /><F117/><W114/><G114/><T5/><D128/><U44/><E133/><V22/><F35/><W63/><G63/><AGARI ba="1,2" hai="22,25,30,56,63,64,116,119" m="50186,28681" machi="63" ten="30,1500,0" yaku="19,1" doraHai="2" who="2" fromWho="3" sc="272,0,238,0,255,38,215,-18" /><INIT seed="2,2,0,0,4,110" ten="272,238,293,197" oya="2" hai0="31,83,23,92,61,6,109,35,81,113,11,57,30" hai1="124,80,107,51,126,60,123,41,79,45,116,132,127" hai2="62,78,125,56,67,59,40,12,122,106,8,75,33" hai3="29,68,39,90,94,82,133,4,111,105,32,104,108"/><V42/><F122/><W115/><G39/><T101/><D113/><U25/><E116/><V0/><F33/><W129/><G68/><T48/><D109/><N who="3" m="42057" /><G82/><T64/><D35/><U1/><E123/><V76/><F0/><W100/><G4/><T16/><D48/><U53/><E1/><V13/><F106/><W118/><G118/><T21/><D21/><U50/><E107/><N who="3" m="41034" /><G129/><T2/><D83/><U74/><E132/><V3/><F3/><W7/><G7/><T114/><D81/><U135/><E135/><V77/><F75/><W18/><G18/><T88/><D114/><U119/><E119/><V52/><F125/><W27/><G100/><T17/><D101/><U128/><E128/><V120/><F120/><W28/><G28/><T14/><REACH who="0" step="1"/><D17/><REACH who="0" ten="262,238,293,197" step="2"/><U66/><E80/><V134/><F134/><W131/><G133/><T22/><D22/><U58/><E79/><V38/><F38/><W112/><G131/><T103/><D103/><U9/><E9/><V85/><F8/><W69/><G69/><T96/><AGARI ba="2,1" hai="2,6,11,14,16,23,30,31,57,61,64,88,92,96" machi="96" ten="20,8000,1" yaku="1,1,0,1,7,1,54,2,53,0" doraHai="110" doraHaiUra="98" who="0" fromWho="0" sc="262,96,238,-22,293,-42,197,-22" /><INIT seed="3,0,0,4,2,26" ten="358,216,251,175" oya="3" hai0="76,36,54,110,14,114,82,23,67,45,19,101,39" hai1="75,106,72,49,7,74,125,78,81,96,6,61,64" hai2="69,1,128,3,73,25,28,117,123,91,87,109,132" hai3="15,129,50,102,84,79,40,115,8,47,133,33,59"/><W122/><G133/><T22/><D114/><U77/><E125/><V95/><F117/><W42/><G129/><T60/><D110/><U32/><E32/><V111/><F132/><W100/><G115/><T83/><D101/><U4/><E49/><V44/><F128/><W65/><G33/><T98/><D98/><U97/><E106/><V51/><F123/><W113/><G42/><T127/><D83/><U93/><E97/><V17/><F69/><W89/><G113/><T94/><D94/><U126/><E126/><V124/><F73/><W20/><G20/><T27/><D54/><U5/><N who="1" m="1024" /><DORA hai="135" /><U29/><E29/><V43/><F17/><N who="3" m="8423" /><G79/><T62/><D45/><U35/><E35/><N who="2" m="20879" /><F124/><W56/><G122/><T12/><D127/><U92/><E92/><V90/><F91/><W104/><G104/><T112/><D112/><U119/><E119/><V48/><F48/><W118/><G118/><T10/><D39/><U70/><REACH who="1" step="1"/><E78/><REACH who="1" ten="358,206,251,175" step="2"/><V31/><F31/><W34/><G34/><T107/><D107/><U99/><E99/><V38/><F38/><W55/><G50/><T108/><D36/><U66/><E66/><V85/><F111/><W134/><G65/><T37/><D37/><U16/><E16/><V46/><F109/><W116/><G116/><T30/><D67/><U63/><E63/><V2/><F95/><N who="3" m="54695" /><G134/><T13/><D108/><U21/><E21/><V71/><F51/><N who="3" m="27111" /><G55/><T52/><D52/><U105/><E105/><V9/><F43/><W120/><G120/><T57/><D76/><U130/><E130/><V88/><F46/><W24/><G102/><AGARI ba="0,1" hai="61,64,70,72,74,75,77,81,93,96,102" m="1024" machi="102" ten="50,3200,0" yaku="1,1,6,1,53,0" doraHai="26,135" doraHaiUra="80,68" who="1" fromWho="3" sc="358,0,206,42,251,0,175,-32" /><INIT seed="4,0,0,1,0,32" ten="358,248,251,143" oya="0" hai0="72,52,6,80,83,94,122,111,119,34,22,65,37" hai1="93,123,103,69,51,38,132,82,31,95,116,113,108" hai2="23,54,134,45,75,131,92,0,126,87,40,106,128" hai3="117,61,8,9,59,109,39,124,24,60,68,66,11"/><T29/><D122/><U112/><E38/><V99/><F75/><W21/><G124/><T70/><D119/><U41/><E69/><V16/><F126/><W110/><G39/><T97/><D37/><U121/><E31/><V63/><F134/><W62/><G117/><T55/><D34/><U115/><E132/><V2/><F87/><W58/><G68/><T48/><D6/><U73/><E41/><V101/><F106/><W91/><G91/><T10/><D10/><U107/><E51/><N who="2" m="29039" /><F63/><W120/><G120/><N who="1" m="46154" /><E116/><V25/><F40/><W30/><REACH who="3" step="1"/><G66/><REACH who="3" ten="358,248,251,133" step="2"/><T47/><D65/><U81/><E112/><V19/><F19/><W35/><G35/><T129/><D70/><U88/><E113/><V15/><F25/><W3/><G3/><T18/><D111/><AGARI ba="0,1" hai="8,9,11,21,24,30,58,59,60,61,62,109,110,111" machi="111" ten="50,3200,0" yaku="1,1,53,1" doraHai="32" doraHaiUra="20" who="3" fromWho="0" sc="358,-32,248,0,251,0,133,42" /><INIT seed="5,0,0,5,4,83" ten="326,248,251,175" oya="1" hai0="112,84,58,99,41,0,64,93,69,36,57,124,50" hai1="48,131,43,59,101,22,119,45,125,90,108,89,38" hai2="73,81,113,104,13,56,6,14,24,135,80,103,8" hai3="95,106,65,130,68,53,49,21,25,55,127,126,79"/><U120/><E119/><V44/><F135/><W74/><G106/><T61/><D112/><U78/><E120/><V30/><F44/><W37/><G37/><T23/><D124/><U91/><E125/><V100/><F73/><W35/><G35/><T60/><D0/><U133/><E133/><V31/><F113/><W128/><G95/><T116/><D116/><U122/><E122/><V86/><F104/><W107/><G107/><T77/><D36/><U72/><E131/><N who="3" m="50218" /><G79/><T33/><D33/><U102/><E108/><V3/><F56/><N who="3" m="32815" /><G74/><T20/><D69/><U121/><E121/><V110/><F110/><W52/><G21/><T51/><D41/><U19/><E78/><V118/><F118/><W29/><G25/><T70/><D70/><U132/><E72/><V1/><F24/><W129/><G29/><T115/><D115/><U88/><N who="1" m="22528" /><DORA hai="123" /><U111/><E111/><V18/><F8/><W9/><G9/><T40/><D23/><U134/><E59/><V4/><REACH who="2" step="1"/><F18/><REACH who="2" ten="326,248,241,175" step="2"/><W67/><N who="3" m="50226" /><W2/><DORA hai="47" /><G68/><T42/><D58/><U54/><E134/><V63/><F63/><W117/><G117/><T5/><D61/><U105/><E132/><V27/><F27/><W75/><G75/><T17/><D57/><U114/><E105/><V97/><F97/><W71/><G71/><T85/><D99/><U76/><E114/><V12/><F12/><W16/><G16/><T66/><D17/><U82/><E19/><V62/><F62/><W46/><G2/><T10/><D60/><U96/><E96/><V92/><F92/><W15/><G127/><RYUUKYOKU ba="0,1" sc="326,-10,248,-10,241,30,175,-10" hai2="1,3,4,6,13,14,30,31,80,81,86,100,103" /><INIT seed="6,1,1,1,5,16" ten="316,238,271,165" oya="2" hai0="70,83,1,67,56,43,44,51,64,50,9,135,69" hai1="102,74,52,94,133,105,107,93,17,106,63,26,49" hai2="40,58,84,77,22,10,19,76,25,82,85,29,38" hai3="112,65,127,90,124,7,21,24,46,18,66,128,8"/><V79/><F40/><W11/><G46/><N who="0" m="25951" /><D83/><U122/><E74/><V96/><F38/><W54/><G54/><N who="0" m="30055" /><D9/><U111/><E122/><V31/><F58/><W108/><G108/><T73/><D73/><U80/><E111/><V27/><F96/><W5/><G128/><T95/><D95/><U109/><E109/><V99/><F99/><W103/><G103/><T101/><D101/><U132/><E80/><V33/><F84/><W59/><G90/><T57/><D1/><U37/><E37/><V36/><REACH who="2" step="1"/><F36/><REACH who="2" ten="316,238,261,165" step="2"/><W119/><G59/><N who="0" m="22603" /><D135/><U23/><E133/><V68/><F68/><AGARI ba="1,2" hai="64,67,68,69,70" m="22603,30055,25951" machi="68" ten="30,8000,1" yaku="35,5" doraHai="16" who="0" fromWho="2" sc="316,103,238,0,261,-83,165,0" /><INIT seed="7,0,0,5,2,92" ten="419,238,178,165" oya="3" hai0="1,53,123,28,125,117,0,121,91,98,129,120,63" hai1="69,83,29,104,100,17,43,67,135,107,22,34,51" hai2="115,66,58,62,97,116,49,40,75,90,59,122,106" hai3="11,32,99,85,6,8,26,73,133,102,30,33,46"/><W14/><G133/><T81/><D117/><U48/><E135/><V36/><F75/><W72/><G32/><T131/><D125/><U77/><E34/><V21/><F116/><W113/><G113/><T95/><D81/><U79/><E29/><V119/><F119/><W89/><G46/><T2/><D28/><U78/><E83/><V24/><F115/><W132/><G132/><T128/><D53/><U45/><E51/><V112/><F36/><W4/><G89/><T10/><D63/><U25/><E67/><V50/><F112/><W74/><G85/><T88/><D91/><U94/><E69/><V47/><F122/><W18/><REACH who="3" step="1"/><G11/><AGARI ba="0,0" hai="0,1,2,10,11,88,95,98,120,121,123,128,129,131" machi="11" ten="60,8000,1" yaku="29,2,19,1,52,1,54,1" doraHai="92" who="0" fromWho="3" sc="419,80,238,0,178,0,165,-80" owari="499,59.0,238,4.0,178,-22.0,85,-41.0" /></mjloggm>