<mjloggm ver="2.3"><GO type="169" lobby="0"/><UN n0="%79%6F%75%61%6C%70%68%61" n1="%E3%81%B9%E3%81%BB%E3%81%84%E3%81%BF" n2="%E3%82%A4%E3%83%8E%E3%82%A6%E3%82%A8%E3%82%AB%E3%82%BA%E3%83%9E" n3="%64%75%72%72%72%72%72" dan="17,16,17,16" rate="2177.89,2112.56,2220.03,2136.67" sx="M,F,M,M"/><TAIKYOKU oya="0"/><INIT seed="0,0,0,0,5,114" ten="250,250,250,250" oya="0" hai0="10,52,9,63,98,49,76,118,42,64,132,85,73" hai1="44,2,67,20,106,11,78,47,53,117,34,57,88" hai2="89,5,31,65,24,66,115,22,62,75,127,112,71" hai3="125,39,19,68,129,3,120,7,87,60,105,0,130"/><T6/><D73/><U58/><E34/><V111/><F75/><W29/><G105/><T17/><D132/><U84/><E106/><V1/><F111/><W25/><G39/><T108/><D108/><U94/><E117/><V82/><F127/><W40/><G40/><T74/><D74/><U100/><E100/><V126/><F126/><W41/><G41/><T32/><D32/><U97/><E20/><V109/><F109/><W79/><G125/><T48/><D118/><U99/><E2/><V102/><F102/><W135/><G19/><T38/><D38/><U93/><E11/><V133/><F133/><W30/><G7/><T43/><D98/><U37/><E37/><V131/><F131/><W92/><G135/><T50/><D17/><U55/><E67/><V23/><F66/><N who="3" m="41031" /><G30/><T96/><D96/><U21/><E21/><V103/><F103/><W54/><G54/><T33/><D33/><U116/><E116/><V51/><F23/><N who="3" m="15551" /><G120/><T69/><D9/><U81/><E58/><V124/><F124/><W14/><G14/><T119/><D119/><U16/><E16/><V4/><F51/><W36/><G36/><T12/><REACH who="0" step="1"/><D52/><REACH who="0" ten="240,250,250,250" step="2"/><U91/><REACH who="1" step="1"/><E55/><REACH who="1" ten="240,240,250,250" step="2"/><V15/><F31/><W27/><G130/><T45/><D45/><U107/><E107/><V13/><F22/><W18/><G129/><T70/><D70/><U46/><E46/><V59/><F71/><W83/><G18/><T128/><D128/><U8/><E8/><V56/><F56/><W123/><G123/><T110/><D110/><U101/><E101/><V35/><F59/><W95/><G27/><RYUUKYOKU ba="0,2" sc="240,10,240,10,250,-30,250,10" hai0="6,10,12,42,43,48,49,50,63,64,69,76,85" hai1="44,47,53,57,78,81,84,88,91,93,94,97,99" hai3="0,3,79,83,87,92,95" /><INIT seed="0,1,2,1,2,35" ten="250,250,220,260" oya="0" hai0="46,92,38,132,99,12,7,21,30,60,71,65,15" hai1="53,72,133,25,111,97,80,102,90,88,16,64,135" hai2="41,14,109,110,122,105,87,127,5,130,32,39,126" hai3="98,1,55,47,45,49,3,101,116,10,85,84,31"/><T24/><D132/><N who="1" m="50763" /><E64/><V75/><F75/><W33/><G116/><T112/><D112/><U70/><E70/><V96/><F122/><W62/><G62/><T134/><D134/><U69/><E69/><V43/><F32/><W124/><G124/><N who="2" m="47657" /><F130/><W67/><G67/><T100/><REACH who="0" step="1"/><D7/><REACH who="0" ten="240,250,220,260" step="2"/><U78/><E111/><V48/><F110/><W2/><G10/><T34/><D34/><U82/><E82/><V117/><F109/><W93/><REACH who="3" step="1"/><G47/><REACH who="3" ten="240,250,220,250" step="2"/><T128/><D128/><U58/><E80/><V22/><F117/><W83/><G83/><T37/><D37/><U61/><E72/><V89/><F39/><W63/><G63/><T17/><D17/><U57/><E16/><N who="2" m="10519" /><F5/><W52/><G52/><T54/><D54/><U18/><E53/><V29/><F48/><W114/><G114/><T86/><D86/><U50/><E61/><V27/><F29/><W20/><G20/><T79/><D79/><U73/><E50/><V23/><F87/><W125/><G125/><T95/><D95/><N who="1" m="58687" /><E78/><V44/><F44/><W42/><G42/><AGARI ba="1,4" hai="12,15,21,24,30,38,42,46,60,65,71,92,99,100" machi="42" ten="40,2000,0" yaku="1,1,53,0" doraHai="35" doraHaiUra="108" who="0" fromWho="3" sc="240,63,250,0,220,0,250,-23" /><INIT seed="0,2,0,5,2,4" ten="303,250,220,227" oya="0" hai0="67,100,11,126,130,47,113,20,82,114,106,0,41" hai1="84,125,44,27,129,6,121,22,56,33,81,102,108" hai2="63,69,34,110,76,59,24,135,132,16,109,7,92" hai3="89,40,25,54,65,123,17,98,93,127,28,70,71"/><T124/><D67/><U48/><E121/><V80/><F69/><W116/><G116/><T19/><D130/><U30/><E108/><N who="2" m="41579" /><F7/><W94/><G123/><T52/><D100/><U15/><E125/><N who="0" m="48233" /><D106/><U87/><E129/><V107/><F107/><W9/><G127/><T131/><D131/><U21/><E102/><V5/><F5/><W53/><G40/><T51/><D82/><U12/><E56/><V88/><F34/><W78/><G78/><T10/><D41/><U61/><E61/><V58/><F80/><W49/><G93/><T104/><D104/><U119/><E119/><V77/><F77/><W23/><G65/><T103/><D103/><U18/><E87/><N who="2" m="52255" /><F76/><W39/><G39/><T50/><D50/><U118/><E118/><V105/><F105/><W8/><G54/><T35/><D35/><U128/><E128/><V74/><F74/><W43/><G43/><T111/><D111/><U75/><E75/><V55/><F59/><N who="3" m="33199" /><G70/><T64/><D64/><U99/><E33/><V79/><F79/><W133/><G71/><T122/><D122/><U36/><E36/><V112/><F112/><N who="0" m="43114" /><D0/><U32/><E32/><V97/><F97/><W96/><G96/><T120/><D120/><U26/><E99/><V31/><F31/><W101/><G101/><T73/><D73/><U86/><E81/><V62/><F62/><W3/><G3/><T14/><AGARI ba="2,0" hai="10,11,14,19,20,47,51,52" m="43114,48233" machi="14" ten="30,11700,0" yaku="18,1,52,2,54,1" doraHai="4" who="0" fromWho="0" sc="303,123,250,-41,220,-41,227,-41" /><INIT seed="0,3,0,5,1,36" ten="426,209,179,186" oya="0" hai0="14,1,92,17,48,49,109,95,54,28,37,9,85" hai1="59,61,115,106,63,41,105,32,7,125,111,88,44" hai2="18,128,108,34,124,74,75,53,20,113,55,26,114" hai3="50,82,68,21,121,56,132,64,6,98,127,103,60"/><T0/><D37/><U71/><E32/><V131/><F34/><W135/><G127/><T39/><D39/><U3/><E111/><V47/><F108/><W100/><G6/><T133/><D133/><N who="3" m="51273" /><G121/><T35/><D109/><U33/><E33/><V10/><F124/><W73/><G21/><T25/><D49/><U90/><E125/><V27/><F10/><W43/><G98/><T80/><D0/><U40/><E71/><V130/><F47/><N who="3" m="25983" /><G68/><T52/><D1/><U45/><E59/><V2/><F2/><W116/><G116/><T51/><D51/><U93/><E3/><V97/><F97/><W4/><G4/><T120/><D54/><N who="2" m="20490" /><F27/><W38/><G38/><T117/><D117/><U46/><E7/><V5/><F5/><W83/><G73/><AGARI ba="3,0" hai="18,20,26,73,74,75,113,114,128,130,131" m="20490" machi="73" ten="40,1300,0" yaku="19,1" doraHai="36" who="2" fromWho="3" sc="426,0,209,0,179,22,186,-22" /><INIT seed="1,0,0,0,2,133" ten="426,209,201,164" oya="1" hai0="20,30,58,114,100,33,32,2,31,88,27,10,76" hai1="70,77,38,0,29,9,90,85,131,129,101,135,41" hai2="5,1,96,50,92,3,108,127,89,24,91,54,14" hai3="18,57,55,120,63,16,67,8,11,56,13,35,95"/><U97/><E70/><V80/><F108/><W59/><G120/><T49/><D100/><U52/><E29/><V69/><F69/><W26/><G35/><T15/><D76/><U37/><E41/><V21/><F3/><W132/><G132/><T130/><D130/><N who="1" m="49675" /><E77/><V65/><F1/><W128/><G128/><T61/><D114/><U22/><E22/><V125/><F65/><W109/><G109/><T68/><D68/><U43/><E43/><V107/><F107/><W44/><G95/><T64/><D49/><U112/><E112/><V98/><F5/><W75/><G75/><T82/><D2/><U40/><E40/><V17/><F24/><W23/><REACH who="3" step="1"/><G11/><REACH who="3" ten="426,209,201,154" step="2"/><T118/><D32/><U106/><E9/><V28/><F80/><W34/><G34/><T99/><D33/><U25/><E135/><V94/><REACH who="2" step="1"/><F28/><REACH who="2" ten="426,209,191,154" step="2"/><W111/><G111/><T79/><D30/><U104/><E106/><V134/><F134/><W4/><G4/><T39/><D31/><U117/><E104/><V115/><F115/><W72/><G72/><T53/><D82/><U87/><E0/><V86/><F86/><W73/><G73/><T81/><D81/><U6/><E87/><V51/><F51/><AGARI ba="0,2" hai="8,13,16,18,23,26,44,51,55,56,57,59,63,67" machi="51" ten="40,5200,0" yaku="1,1,8,1,54,1,53,0" doraHai="133" doraHaiUra="119" who="3" fromWho="2" sc="426,0,209,0,191,-52,154,72" /><INIT seed="2,0,0,1,3,38" ten="426,209,139,226" oya="2" hai0="40,132,11,107,57,125,128,112,13,87,120,22,42" hai1="117,83,91,103,45,98,104,106,7,121,70,109,105" hai2="77,41,63,80,54,9,131,88,100,85,114,5,71" hai3="35,126,51,33,26,69,99,64,65,46,17,134,25"/><V92/><F114/><W95/><G134/><T53/><D112/><U18/><E70/><V118/><F118/><W89/><G126/><T86/><D107/><N who="1" m="41035" /><E18/><V119/><F119/><W62/><G65/><T116/><D120/><U28/><E28/><V4/><F131/><W50/><G50/><T55/><D116/><U52/><E7/><V34/><F34/><W30/><G17/><T23/><D132/><U49/><E117/><V97/><F71/><W115/><G115/><T6/><D125/><U84/><E49/><V123/><F123/><W10/><G10/><T2/><D2/><U81/><E45/><V130/><F130/><W29/><G51/><T74/><D74/><U56/><E56/><N who="2" m="35223" /><F41/><N who="0" m="15978" /><D128/><U129/><E52/><N who="0" m="20041" /><D57/><U82/><E129/><V12/><F4/><W32/><REACH who="3" step="1"/><G46/><REACH who="3" ten="426,209,139,216" step="2"/><T133/><D133/><U96/><E121/><V21/><F21/><AGARI ba="0,1" hai="21,25,26,29,30,32,33,35,62,64,69,89,95,99" machi="21" ten="30,7700,0" yaku="1,1,2,1,7,1,53,1" doraHai="38" doraHaiUra="60" who="3" fromWho="2" sc="426,0,209,0,139,-77,216,87" /><AGARI ba="0,0" hai="6,11,13,21,22,23,86,87" m="20041,15978" machi="21" ten="30,8000,1" yaku="8,1,52,3,54,1" doraHai="38" who="0" fromWho="2" sc="426,80,209,0,62,-80,303,0" owari="506,61.0,209,-19.0,-18,-52.0,303,10.0" /></mjloggm>