<mjloggm ver="2.3"><GO type="185" lobby="0"/><UN n0="%64%73%61%6E" n1="%62%69%74%74%65%72%74" n2="%4E%45%4C%46" n3="" dan="16,18,16,0" rate="2203.73,2311.95,2193.20,1500.00" sx="M,M,F,C"/><TAIKYOKU oya="0"/><INIT seed="0,0,0,5,5,93" ten="350,350,350,0" oya="0" hai0="121,135,65,132,68,105,108,59,101,32,133,52,75" hai1="81,128,89,79,53,112,115,66,54,83,70,116,48" hai2="104,92,82,42,87,129,74,67,60,49,130,46,41" hai3=""/><T131/><N who="0" m="31008" /><T86/><D32/><U90/><E116/><V126/><F104/><T114/><D114/><N who="1" m="43563" /><E128/><N who="2" m="49259" /><F126/><T113/><D131/><U56/><E54/><V78/><F92/><T72/><D113/><U45/><E70/><V91/><F42/><T119/><D119/><U64/><E81/><V76/><F74/><T37/><D37/><U111/><E111/><V88/><F78/><T107/><D108/><U120/><N who="1" m="30752" /><U38/><E38/><V84/><F87/><T122/><N who="0" m="31264" /><T1/><D1/><U39/><E39/><V69/><AGARI ba="0,0" hai="41,46,49,60,67,69,76,82,84,88,91" m="49259" machi="69" ten="30,1500,0" yaku="19,1,54,1" doraHai="93" who="2" fromWho="2" sc="350,-10,350,-5,350,15,0,0" /><INIT seed="1,0,0,1,4,71" ten="340,345,365,0" oya="1" hai0="133,107,70,86,42,112,97,35,127,113,124,47,134" hai1="88,51,109,66,104,55,33,44,64,72,65,91,74" hai2="121,63,89,95,45,103,41,128,92,129,85,57,36" hai3=""/><U49/><E104/><V101/><N who="2" m="31008" /><V53/><REACH who="2" step="1"/><F92/><REACH who="2" ten="340,345,355,0" step="2"/><T40/><D107/><U37/><E33/><V119/><F119/><T50/><D35/><U125/><E125/><V96/><F96/><T54/><D97/><U131/><E131/><AGARI ba="0,1" hai="36,41,45,53,57,63,85,89,95,101,103,128,129,131" m="31008" machi="131" ten="40,8000,1" yaku="1,1,19,1,52,2,53,1" doraHai="71" doraHaiUra="90" who="2" fromWho="1" sc="340,0,345,-80,355,90,0,0" /><INIT seed="2,0,0,2,5,84" ten="340,265,445,0" oya="2" hai0="42,113,34,91,69,75,123,134,133,120,117,100,63" hai1="97,82,53,125,43,96,56,60,32,85,103,128,104" hai2="74,64,65,106,101,112,131,92,107,110,45,37,71" hai3=""/><V67/><F112/><T114/><N who="0" m="30752" /><T2/><N who="0" m="31520" /><T127/><D100/><U47/><E128/><V86/><F131/><T3/><D34/><U98/><E125/><V58/><F74/><T51/><D127/><U94/><E104/><V49/><F110/><T70/><D117/><U77/><REACH who="1" step="1"/><E32/><REACH who="1" ten="340,255,445,0" step="2"/><V111/><F106/><T52/><D114/><U55/><E55/><V46/><F107/><T72/><D113/><U116/><E116/><V48/><F111/><T76/><D52/><U81/><E81/><V57/><F71/><T54/><D54/><U0/><E0/><V33/><F33/><T61/><D69/><U118/><E118/><V119/><F119/><T108/><D70/><U1/><E1/><V132/><F64/><T109/><D42/><U73/><E73/><V122/><N who="2" m="31264" /><V39/><F92/><T105/><D105/><U41/><E41/><V89/><F65/><T36/><D108/><U66/><E66/><V38/><F67/><T90/><D109/><U62/><E62/><V129/><F129/><T126/><D126/><U79/><E79/><V83/><F58/><T93/><D93/><U44/><E44/><V135/><F57/><T50/><D76/><U99/><E99/><V130/><F130/><RYUUKYOKU ba="0,1" sc="340,10,255,10,445,-20,0,0" hai0="2,3,36,50,51,61,63,72,75,90,91,133,134" hai1="43,47,53,56,60,77,82,85,94,96,97,98,103" /><INIT seed="4,1,1,5,5,103" ten="350,265,425,0" oya="0" hai0="50,112,61,110,35,55,131,75,135,134,68,60,115" hai1="98,67,33,119,48,92,100,104,85,89,117,87,73" hai2="47,76,133,116,42,41,63,108,81,105,45,53,124" hai3=""/><T49/><D35/><U93/><E33/><V129/><F108/><T123/><N who="0" m="31520" /><T43/><D75/><U51/><E67/><V80/><F129/><T118/><D110/><U37/><E37/><V46/><F133/><N who="0" m="50698" /><D131/><U90/><E48/><V121/><N who="2" m="31008" /><V59/><F116/><T74/><D74/><U99/><E51/><V122/><N who="2" m="31264" /><V62/><F105/><T126/><D118/><U66/><E66/><V72/><F124/><T91/><D91/><U32/><E73/><V58/><REACH who="2" step="1"/><F81/><REACH who="2" ten="350,265,415,0" step="2"/><T54/><D126/><U86/><E32/><V83/><F83/><T52/><D115/><U44/><E44/><V114/><F114/><T79/><D112/><U82/><REACH who="1" step="1"/><E99/><REACH who="1" ten="350,255,415,0" step="2"/><V2/><F2/><T64/><D64/><AGARI ba="1,3" hai="41,42,45,46,47,53,58,59,62,63,64,72,76,80" m="31264,31008" machi="64" ten="40,8000,1" yaku="1,1,52,2,53,1" doraHai="103" doraHaiUra="77" who="2" fromWho="0" sc="350,-82,255,0,415,112,0,0" /><INIT seed="5,0,0,4,0,75" ten="268,255,527,0" oya="1" hai0="76,131,80,81,60,88,108,116,113,109,47,70,38" hai1="54,78,134,102,99,121,84,94,92,61,93,55,118" hai2="42,96,77,123,104,122,3,66,43,79,114,39,0" hai3=""/><U64/><N who="1" m="31008" /><U85/><E118/><V74/><N who="2" m="31264" /><V135/><N who="2" m="31520" /><V127/><F66/><T50/><D116/><U100/><E134/><V67/><F67/><T112/><D38/><U72/><E72/><V32/><F74/><T63/><D70/><U41/><E41/><N who="2" m="15371" /><F96/><T65/><D65/><U2/><E2/><V103/><F103/><T46/><D50/><U89/><E100/><V58/><F32/><T115/><D131/><U51/><E51/><V52/><F52/><T110/><D88/><U48/><E48/><V62/><F62/><N who="0" m="23594" /><D76/><U106/><E106/><V133/><F133/><T128/><D128/><U119/><E119/><V120/><N who="2" m="30752" /><V132/><F132/><T101/><D101/><U129/><E129/><V53/><F53/><T83/><AGARI ba="0,0" hai="46,47,80,81,83,108,109,110,112,113,115" m="23594" machi="83" ten="50,6000,1" yaku="29,2,28,2,15,1" doraHai="75" who="0" fromWho="0" sc="268,60,255,-40,527,-20,0,0" /><INIT seed="6,0,0,1,3,127" ten="328,215,507,0" oya="2" hai0="34,65,108,38,128,86,113,109,94,49,54,129,100" hai1="66,102,73,75,67,77,87,35,95,0,47,62,115" hai2="51,70,85,37,71,125,126,105,68,36,58,131,123" hai3=""/><V1/><N who="2" m="31520" /><V121/><N who="2" m="31008" /><V135/><F131/><N who="0" m="50250" /><D34/><U112/><E35/><V81/><F105/><T3/><D3/><U124/><E0/><V42/><F135/><T59/><D100/><U56/><E124/><V89/><F1/><T130/><N who="0" m="50258" /><T78/><DORA hai="39" /><D94/><U76/><E47/><V61/><F51/><T107/><D86/><U103/><E56/><V114/><F114/><T111/><D78/><U91/><E62/><V74/><F74/><T32/><D107/><U52/><E52/><V92/><F92/><T57/><D32/><U106/><E95/><V48/><F48/><T55/><D38/><U97/><E106/><V80/><F126/><T98/><D98/><U84/><REACH who="1" step="1"/><E97/><REACH who="1" ten="328,205,507,0" step="2"/><V45/><F125/><T72/><D65/><U104/><E104/><V53/><F36/><T93/><D93/><U90/><AGARI ba="0,1" hai="66,67,73,75,76,77,84,87,90,91,102,103,112,115" machi="90" ten="25,4800,0" yaku="1,1,0,1,22,2,53,0" doraHai="127,39" doraHaiUra="50,2" who="1" fromWho="1" sc="328,-16,205,58,507,-32,0,0" owari="312,-9.0,263,-34.0,475,43.0,0,0.0" /></mjloggm>