<mjloggm ver="2.3"><GO type="169" lobby="0"/><UN n0="%33%6E%6F%6D%79%5F%64%73" n1="%E3%81%B5%E3%81%98%E3%81%8B%E3%81%A4" n2="%E3%81%8B%E3%81%A3%E9%A3%9B%E3%81%B0%E3%81%9B%E5%85%A8%E9%83%A8" n3="%E5%8D%83%E7%BE%BD%E9%BB%92%E4%B9%83" dan="17,17,17,17" rate="2164.99,2171.05,2200.38,2154.08" sx="M,M,M,F"/><TAIKYOKU oya="0"/><INIT seed="0,0,0,1,4,20" ten="250,250,250,250" oya="0" hai0="98,120,10,11,115,65,67,34,22,29,44,45,39" hai1="104,72,21,71,87,23,48,88,25,4,43,85,9" hai2="51,121,127,62,109,1,112,0,94,123,40,69,83" hai3="101,2,28,117,31,18,37,114,24,92,107,55,132"/><T73/><D120/><U119/><E119/><V33/><F112/><W81/><G107/><T15/><D34/><U108/><E72/><V96/><F109/><W99/><G114/><T116/><D116/><U103/><E71/><V113/><F113/><W53/><G117/><T84/><D73/><U89/><E108/><V124/><F33/><W64/><G132/><T47/><D39/><U56/><E23/><V41/><F83/><W106/><G2/><T61/><D115/><U118/><E103/><V90/><F62/><W135/><G135/><T129/><D129/><U5/><E104/><V38/><F38/><W6/><G6/><N who="1" m="2666" /><E9/><V36/><F36/><W122/><G37/><T42/><D42/><U74/><E74/><V105/><F105/><W125/><G106/><T7/><D98/><U131/><E131/><V95/><F96/><W54/><G122/><T110/><D110/><U58/><E118/><V100/><F69/><W111/><G111/><T50/><D10/><U13/><E13/><V30/><F30/><W35/><G31/><T97/><D29/><N who="1" m="17583" /><E43/><V17/><F17/><W126/><G18/><T57/><D22/><U26/><E48/><V12/><F51/><W86/><REACH who="3" step="1"/><G64/><REACH who="3" ten="250,250,250,240" step="2"/><T134/><D67/><U70/><E70/><V133/><F133/><W82/><G82/><T16/><D134/><U59/><E26/><V14/><REACH who="2" step="1"/><F100/><REACH who="2" ten="250,250,240,240" step="2"/><W128/><G128/><T32/><D7/><U46/><E46/><V60/><F60/><W77/><AGARI ba="0,2" hai="24,28,35,53,54,55,77,81,86,92,99,101,125,126" machi="77" ten="30,7900,0" yaku="1,1,0,1,52,1,53,1" doraHai="20" doraHaiUra="75" who="3" fromWho="3" sc="250,-39,250,-20,240,-20,240,99" /><INIT seed="1,0,0,2,1,59" ten="211,230,220,339" oya="1" hai0="103,32,4,99,54,122,126,120,91,28,45,68,60" hai1="96,105,90,52,64,9,46,106,115,35,86,130,14" hai2="63,97,22,21,123,48,8,7,37,47,113,13,104" hai3="74,67,82,83,43,133,58,30,87,50,2,10,108"/><U53/><E115/><V62/><F123/><W39/><G108/><T92/><D126/><U55/><E35/><V79/><F37/><W61/><G133/><T94/><D4/><U127/><E130/><V135/><F135/><W1/><G30/><T101/><D45/><U80/><E127/><V17/><F113/><W0/><G74/><T19/><D32/><U71/><E96/><V117/><F117/><W81/><G39/><T112/><D112/><U85/><E46/><V33/><F33/><W49/><G43/><T72/><D72/><U118/><E118/><V26/><F79/><W3/><REACH who="3" step="1"/><G87/><REACH who="3" ten="211,230,220,329" step="2"/><T76/><D28/><U77/><E86/><V121/><F121/><W100/><G100/><T5/><D101/><U129/><E129/><V131/><F131/><W34/><G34/><T116/><D103/><U41/><E41/><N who="2" m="24687" /><F97/><W51/><G51/><T84/><D84/><U70/><E106/><V31/><F104/><W38/><G38/><T75/><D99/><U132/><E105/><V29/><F29/><W27/><G27/><AGARI ba="0,1" hai="7,8,13,17,21,22,26,27,31,62,63" m="24687" machi="27" ten="30,3900,0" yaku="8,1,52,2" doraHai="59" who="2" fromWho="3" sc="211,0,230,0,220,49,329,-39" /><INIT seed="2,0,0,4,2,109" ten="211,230,269,290" oya="2" hai0="76,101,37,85,131,133,27,134,96,54,72,79,89" hai1="0,10,8,123,32,135,91,12,82,107,23,74,65" hai2="57,126,102,73,70,130,56,52,46,64,63,18,3" hai3="87,127,104,13,86,45,95,14,83,34,39,117,69"/><V15/><F126/><W31/><G104/><T33/><D37/><U94/><E107/><V44/><F130/><W66/><G117/><T71/><D71/><U7/><E123/><V75/><F3/><W92/><G34/><T2/><D2/><U84/><E135/><N who="0" m="51721" /><D54/><U121/><E32/><V88/><F102/><W6/><G31/><N who="0" m="19711" /><D72/><U48/><E121/><V110/><F110/><W100/><G69/><T111/><D111/><U38/><E38/><V43/><F70/><W132/><G39/><T105/><D131/><U90/><E65/><V114/><F43/><W106/><G66/><T55/><D55/><U25/><E48/><N who="2" m="30727" /><F75/><W53/><G53/><T116/><D116/><U51/><E51/><V11/><F73/><W59/><G132/><T42/><D42/><U5/><E74/><V60/><F60/><W50/><G50/><T58/><D58/><U24/><REACH who="1" step="1"/><E23/><REACH who="1" ten="211,220,269,290" step="2"/><V81/><F44/><W28/><G45/><T61/><D61/><U120/><E120/><V122/><F46/><W99/><G127/><T103/><D103/><U26/><E26/><V19/><F122/><W97/><G100/><T80/><AGARI ba="0,1" hai="76,79,80,85,89,96,101,105" m="19711,51721" machi="80" ten="30,1100,0" yaku="20,1" doraHai="109" who="0" fromWho="0" sc="211,21,220,-3,269,-5,290,-3" /><INIT seed="3,0,0,1,1,35" ten="232,217,264,287" oya="3" hai0="5,134,13,44,76,51,40,52,86,92,56,65,47" hai1="37,26,98,34,8,114,39,19,20,116,31,10,30" hai2="104,63,6,125,36,42,21,48,94,128,32,12,27" hai3="77,38,96,129,105,61,62,18,9,130,80,82,23"/><W93/><G38/><T107/><D107/><U45/><E114/><V17/><F104/><W71/><G105/><T57/><D134/><U2/><E116/><V99/><F125/><W7/><G80/><T115/><D115/><U0/><E98/><V49/><F128/><N who="3" m="49259" /><G71/><T41/><D65/><U135/><E135/><V33/><F36/><W75/><G23/><T73/><D73/><U112/><E112/><V55/><F33/><W68/><G18/><T79/><D92/><U95/><E95/><V85/><F85/><W109/><G68/><T101/><D101/><U58/><E58/><N who="0" m="22633" /><D47/><U24/><E45/><V22/><F32/><W50/><G50/><T4/><D13/><N who="1" m="9327" /><E39/><V3/><F12/><N who="3" m="5183" /><G109/><T72/><D72/><U103/><E37/><V106/><F106/><W78/><G77/><N who="0" m="29771" /><D86/><U113/><E103/><AGARI ba="0,0" hai="61,62,75,78,82,93,96,103" m="5183,49259" machi="103" ten="30,1500,0" yaku="19,1" doraHai="35" who="3" fromWho="1" sc="232,0,217,-15,264,0,287,15" /><INIT seed="3,1,0,0,1,17" ten="232,202,264,302" oya="3" hai0="49,128,35,118,109,50,108,69,68,105,7,72,2" hai1="26,30,40,97,64,22,100,99,41,5,119,115,81" hai2="124,55,38,94,91,42,4,47,78,15,125,51,45" hai3="18,19,76,113,130,43,9,98,21,131,27,84,66"/><W6/><G66/><T77/><D118/><U127/><E115/><V110/><F110/><N who="0" m="42602" /><D105/><U33/><E127/><V63/><F78/><W85/><G113/><T117/><D117/><U93/><E119/><V123/><F123/><W13/><G43/><T74/><D35/><U107/><E5/><V56/><F4/><W71/><G71/><N who="0" m="27211" /><D128/><N who="3" m="49193" /><G76/><T80/><D74/><U82/><E64/><V8/><F8/><AGARI ba="1,0" hai="2,7,8,49,50,72,77,80" m="27211,42602" machi="8" ten="30,1000,0" yaku="14,1" doraHai="17" who="0" fromWho="2" sc="232,13,202,0,264,-13,302,0" /><INIT seed="4,0,0,3,3,52" ten="245,202,251,302" oya="0" hai0="113,115,88,112,29,124,36,41,106,116,35,73,57" hai1="107,20,103,84,79,67,48,62,118,8,66,87,55" hai2="31,99,93,130,94,95,32,75,19,1,70,98,135" hai3="133,78,114,44,64,126,9,40,92,101,6,119,30"/><T17/><D116/><U122/><E118/><V69/><F135/><W25/><G119/><T45/><D106/><U24/><E122/><V22/><F130/><W65/><G114/><T82/><D124/><U132/><E132/><V5/><F75/><W131/><G131/><T72/><D17/><U86/><E8/><V117/><F117/><W34/><G78/><T37/><D37/><U46/><E107/><V61/><F32/><W111/><G111/><T59/><D29/><U102/><E79/><V53/><F31/><W71/><G71/><T120/><D35/><U54/><E54/><V104/><F1/><W23/><G34/><T81/><D120/><U4/><E4/><V18/><F18/><W56/><G126/><T96/><D82/><U74/><E74/><N who="0" m="28777" /><D81/><U97/><E97/><V110/><F5/><W76/><G133/><T125/><D125/><U91/><E91/><V85/><F110/><W43/><G76/><T14/><D14/><U100/><REACH who="1" step="1"/><E62/><REACH who="1" ten="245,192,251,302" step="2"/><V12/><F104/><W27/><G6/><T42/><D42/><U0/><E0/><V33/><F99/><N who="3" m="59623" /><G43/><T60/><D60/><U28/><AGARI ba="0,1" hai="20,24,28,46,48,55,66,67,84,86,87,100,102,103" machi="28" ten="30,4000,0" yaku="1,1,0,1,8,1,53,0" doraHai="52" doraHaiUra="77" who="1" fromWho="1" sc="245,-20,192,50,251,-10,302,-10" /><INIT seed="5,0,0,5,0,6" ten="225,242,241,292" oya="1" hai0="21,3,42,128,67,68,84,94,22,52,26,39,49" hai1="125,7,119,1,108,112,90,17,131,115,120,14,132" hai2="104,44,53,56,9,89,76,107,28,30,37,29,36" hai3="97,54,123,103,106,31,88,110,99,82,130,2,45"/><U105/><RYUUKYOKU type="yao9" ba="0,0" sc="225,0,242,0,241,0,292,0" hai1="1,7,14,17,90,105,108,112,115,119,120,125,131,132" /><INIT seed="5,1,0,2,4,29" ten="225,242,241,292" oya="1" hai0="57,52,72,4,32,17,135,107,132,49,110,47,126" hai1="117,129,5,55,83,118,58,130,121,21,94,77,53" hai2="62,23,8,18,111,101,68,66,44,81,39,74,36" hai3="9,92,11,6,10,43,105,100,26,20,103,34,134"/><U78/><E5/><V84/><F111/><W61/><G105/><T91/><D110/><U67/><E94/><V33/><F33/><W12/><G134/><N who="0" m="51243" /><D126/><U99/><E99/><V113/><F74/><W64/><G43/><N who="0" m="24831" /><D107/><U13/><E121/><V14/><F101/><W85/><G34/><T114/><D72/><U45/><E21/><V76/><F113/><W7/><G85/><T104/><D104/><U106/><E13/><V98/><F98/><W123/><G123/><T31/><D114/><U97/><E67/><V25/><REACH who="2" step="1"/><F44/><REACH who="2" ten="225,242,231,292" step="2"/><W1/><G100/><T122/><D122/><U50/><E97/><V28/><AGARI ba="1,1" hai="8,14,18,23,25,28,36,39,62,66,68,76,81,84" machi="28" ten="20,8000,1" yaku="1,1,2,1,0,1,7,1,53,1" doraHai="29" doraHaiUra="73" who="2" fromWho="2" sc="225,-21,242,-41,231,93,292,-21" /><INIT seed="6,0,0,1,2,20" ten="204,201,324,271" oya="2" hai0="71,84,99,107,31,69,135,2,106,87,112,6,0" hai1="57,30,130,108,117,77,91,33,103,32,25,98,133" hai2="11,128,116,72,56,83,105,97,122,119,95,28,89" hai3="9,110,127,60,90,65,100,93,96,26,35,104,3"/><V7/><F122/><W70/><G127/><T24/><D135/><U19/><E117/><V102/><F128/><W4/><G110/><T34/><D112/><U92/><E108/><V66/><F28/><N who="3" m="19863" /><G93/><T129/><D129/><U114/><E114/><V12/><F66/><W115/><G90/><T38/><D38/><U29/><E130/><V131/><F56/><W42/><G42/><T120/><D120/><U23/><E133/><V48/><F48/><W27/><G27/><T88/><D84/><U53/><E77/><N who="2" m="44455" /><F131/><W64/><G65/><T16/><D16/><N who="1" m="12519" /><E33/><V124/><F124/><W36/><G115/><T13/><D13/><U62/><E32/><V50/><F50/><W113/><G113/><T17/><D17/><U58/><E19/><V85/><AGARI ba="0,0" hai="7,11,12,85,89,95,97,102,105,116,119" m="44455" machi="85" ten="30,1500,0" yaku="24,1" doraHai="20" who="2" fromWho="2" sc="204,-5,201,-5,324,15,271,-5" /><INIT seed="6,1,0,2,3,20" ten="199,196,339,266" oya="2" hai0="60,98,84,12,118,22,77,25,4,80,0,16,111" hai1="67,97,102,62,83,115,64,122,35,31,99,69,86" hai2="125,63,87,43,13,79,121,46,5,23,33,104,37" hai3="6,14,112,101,24,94,135,68,58,130,74,105,71"/><V57/><F121/><W126/><G74/><T109/><D118/><U59/><E122/><V120/><F120/><W17/><G105/><T72/><D72/><U51/><E115/><V110/><F33/><W134/><G58/><T66/><D0/><U55/><E67/><V38/><F104/><W131/><G94/><T39/><D39/><U129/><E129/><N who="3" m="49162" /><G101/><T48/><D48/><U106/><E99/><V30/><F79/><W45/><G45/><T88/><D4/><U127/><E127/><V19/><F87/><W50/><G50/><T10/><D98/><U3/><E3/><V78/><F78/><W128/><G128/><T7/><D77/><U124/><E124/><V56/><F63/><W113/><G68/><AGARI ba="1,0" hai="7,10,12,16,22,25,60,66,68,80,84,88,109,111" machi="68" ten="30,7700,0" yaku="7,1,52,1,54,2" doraHai="20" who="0" fromWho="3" sc="199,80,196,0,339,0,266,-80" /><INIT seed="7,0,0,4,1,40" ten="279,196,339,186" oya="3" hai0="16,9,72,3,124,127,107,53,112,24,119,49,20" hai1="89,82,12,120,79,132,47,14,125,97,57,100,128" hai2="117,23,62,1,118,121,38,32,83,6,64,103,104" hai3="111,131,102,105,75,48,17,18,0,66,93,73,67"/><W21/><G105/><T76/><D107/><U84/><E120/><V90/><F121/><W36/><G36/><T70/><D70/><U51/><E132/><V123/><F123/><W77/><G0/><T109/><D109/><U11/><E128/><V115/><F32/><W13/><G131/><T4/><D119/><U42/><E125/><V63/><F38/><W135/><G135/><T130/><D130/><U30/><E30/><V7/><F23/><W110/><G48/><T86/><D72/><N who="3" m="27721" /><G77/><T87/><D112/><U85/><E11/><V129/><F115/><W46/><G18/><T31/><D31/><U5/><E5/><V45/><F104/><W101/><G46/><N who="0" m="27831" /><D76/><U39/><E57/><V106/><F106/><W8/><G8/><T96/><D96/><U35/><E35/><V15/><F1/><W28/><G28/><T10/><D9/><U92/><E39/><V69/><F117/><W113/><G113/><T68/><D68/><U108/><E108/><N who="3" m="41514" /><G102/><T99/><D99/><AGARI ba="0,0" hai="13,17,21,66,67,93,99,101" m="41514,27721" machi="99" ten="30,1500,0" yaku="10,1" doraHai="40" who="3" fromWho="0" sc="279,-15,196,0,339,0,186,15" /><INIT seed="7,1,0,0,5,38" ten="264,196,339,201" oya="3" hai0="83,50,10,7,121,62,111,20,117,128,134,114,24" hai1="56,33,27,4,125,129,98,41,105,58,8,46,103" hai2="90,109,101,54,12,112,19,92,127,99,31,47,130" hai3="96,91,100,80,65,0,110,75,36,118,3,52,133"/><W107/><G118/><T76/><D121/><U35/><E129/><V120/><F109/><W63/><G110/><T126/><D111/><U115/><E125/><V30/><F112/><W9/><G133/><T67/><D117/><U84/><E115/><V135/><F127/><W123/><G123/><T68/><D128/><U79/><E58/><V106/><F135/><W49/><G36/><T77/><D126/><U42/><E56/><V93/><F106/><W32/><G32/><T132/><D114/><U88/><E79/><V51/><F130/><W45/><G9/><T60/><D62/><U22/><E35/><V11/><F120/><W23/><G23/><T15/><D76/><U34/><E34/><V48/><F48/><W53/><G53/><T104/><D104/><U21/><E33/><V74/><F74/><W131/><G131/><T124/><D50/><U69/><E69/><V13/><F13/><W113/><G113/><T119/><D119/><U116/><E116/><V64/><F64/><W39/><G39/><T43/><D124/><U81/><E46/><V17/><F17/><W85/><REACH who="3" step="1"/><G75/><REACH who="3" ten="264,196,339,191" step="2"/><N who="0" m="43455" /><D20/><U102/><E22/><V14/><F54/><W5/><G5/><T71/><D132/><U57/><E57/><AGARI ba="1,1" hai="0,3,45,49,52,57,63,65,80,85,91,96,100,107" machi="57" ten="30,11600,0" yaku="1,1,7,1,54,1,53,1" doraHai="38" doraHaiUra="61" who="3" fromWho="1" sc="264,0,196,-119,339,0,191,129" /><INIT seed="7,2,0,1,0,118" ten="264,77,339,320" oya="3" hai0="117,51,84,125,37,40,95,4,112,134,11,28,90" hai1="99,124,116,66,77,93,56,20,36,82,126,29,102" hai2="109,68,81,60,52,15,64,92,119,128,49,42,86" hai3="41,43,130,9,114,31,23,48,55,96,98,108,8"/><W63/><G114/><T123/><D117/><U69/><E116/><V72/><F109/><W106/><G130/><T79/><D37/><U7/><E36/><V26/><F119/><W75/><G75/><T50/><D134/><U67/><E69/><V54/><F128/><W104/><G63/><T18/><D125/><U16/><E126/><V131/><F131/><W100/><G108/><T34/><D112/><U17/><E124/><V115/><F115/><W85/><G85/><T133/><D133/><U88/><E7/><V45/><F15/><W38/><G38/><T2/><D79/><U53/><E102/><V47/><F26/><N who="3" m="16863" /><G104/><T0/><D2/><U111/><E29/><V129/><F129/><W57/><G106/><T73/><D73/><U58/><E111/><V14/><F14/><W32/><G32/><T78/><D78/><U94/><E94/><V101/><F72/><W44/><G57/><T25/><D40/><N who="3" m="15433" /><G100/><T24/><D24/><U35/><E35/><V70/><F70/><W46/><G46/><T61/><D61/><U27/><E17/><V33/><F33/><W83/><G83/><T91/><D91/><U62/><REACH who="1" step="1"/><E58/><REACH who="1" ten="264,67,339,320" step="2"/><N who="2" m="36887" /><F47/><W132/><G132/><T22/><D34/><U3/><E3/><V74/><F68/><W97/><AGARI ba="2,1" hai="8,9,44,48,55,96,97,98" m="15433,16863" machi="97" ten="30,1500,0" yaku="8,1" doraHai="118" who="3" fromWho="3" sc="264,-7,67,-7,339,-7,320,31" owari="257,-14.0,60,-44.0,332,13.0,351,45.0" /></mjloggm>