<mjloggm ver="2.3"><GO type="185" lobby="0"/><UN n0="%28%2A%C2%B4%CF%89%EF%BD%80%2A%7D" n1="%E3%81%A0%E3%81%83" n2="%E9%80%9F%E8%A6%8B%E5%B9%B8%E4%B8%80" n3="" dan="17,16,16,0" rate="2253.58,2156.38,2058.07,1500.00" sx="F,M,M,C"/><TAIKYOKU oya="0"/><INIT seed="0,0,0,3,1,57" ten="350,350,350,0" oya="0" hai0="49,61,2,50,131,96,58,86,100,122,73,95,135" hai1="70,126,45,107,64,94,92,113,33,51,127,104,75" hai2="110,102,111,72,80,98,76,108,115,43,87,117,97" hai3=""/><T38/><N who="0" m="31264" /><T79/><D2/><U71/><E75/><V46/><F115/><T116/><D116/><U78/><E78/><V130/><F117/><T119/><D119/><U0/><E113/><V44/><F44/><T99/><D131/><U81/><E81/><V88/><F130/><T59/><D135/><U3/><E45/><V103/><F46/><T129/><D38/><U54/><E51/><V48/><F48/><T125/><D125/><U60/><E54/><V114/><F43/><T112/><D73/><U67/><E33/><V63/><F63/><AGARI ba="0,0" hai="0,3,60,63,64,67,70,71,92,94,104,107,126,127" machi="63" ten="25,6400,0" yaku="22,2,52,2" doraHai="57" who="1" fromWho="2" sc="350,0,350,64,350,-64,0,0" /><INIT seed="1,0,0,1,3,70" ten="350,414,286,0" oya="1" hai0="55,132,107,41,78,36,135,91,38,129,62,86,61" hai1="100,134,89,125,110,50,106,94,118,105,128,98,101" hai2="114,130,42,116,99,126,76,66,49,3,33,44,67" hai3=""/><U39/><E39/><V63/><F116/><T96/><D129/><U35/><E118/><V90/><F67/><T81/><D41/><U97/><E128/><V121/><N who="2" m="31008" /><V57/><F33/><T104/><D78/><U93/><E35/><V77/><F3/><T68/><D55/><U72/><E50/><V74/><F126/><T58/><D58/><U0/><E0/><V85/><F114/><T112/><D112/><U59/><E59/><V109/><F109/><T32/><D32/><U80/><E110/><V103/><F74/><T47/><D47/><U46/><E46/><V45/><F45/><T1/><D1/><U53/><E53/><V37/><F49/><T52/><D52/><U71/><E71/><V133/><F133/><N who="0" m="51274" /><D96/><U75/><E125/><V82/><REACH who="2" step="1"/><F130/><REACH who="2" ten="350,414,276,0" step="2"/><T131/><D131/><U95/><E134/><V84/><F84/><AGARI ba="0,1" hai="72,75,80,84,89,93,94,95,97,98,100,101,105,106" machi="84" ten="40,18000,2" yaku="9,1,35,6" doraHai="70" who="1" fromWho="2" sc="350,0,414,190,276,-180,0,0" /><INIT seed="1,1,0,4,2,64" ten="350,604,96,0" oya="1" hai0="56,34,47,116,69,68,103,58,35,96,102,90,72" hai1="113,81,124,45,132,38,87,40,36,100,80,94,99" hai2="62,112,133,85,84,121,118,82,126,128,75,91,88" hai3=""/><U134/><E113/><V54/><N who="2" m="31008" /><V131/><F118/><T65/><D72/><U106/><E124/><V110/><F126/><T108/><D108/><U49/><E106/><V111/><F54/><T76/><D76/><U79/><REACH who="1" step="1"/><E81/><REACH who="1" ten="350,594,96,0" step="2"/><V78/><F112/><T63/><D116/><U105/><E105/><V86/><F62/><T77/><D63/><U101/><E101/><V98/><F133/><AGARI ba="1,1" hai="36,38,40,45,49,79,80,87,94,99,100,132,133,134" machi="133" ten="40,7700,0" yaku="1,1,20,1,53,1" doraHai="64" doraHaiUra="97" who="1" fromWho="2" sc="350,0,594,89,96,-79,0,0" /><INIT seed="1,2,0,3,0,111" ten="350,683,17,0" oya="1" hai0="52,53,94,134,73,2,90,105,87,115,93,129,55" hai1="58,135,83,70,81,33,72,89,92,96,106,64,79" hai2="103,71,68,57,127,97,120,88,46,100,108,39,91" hai3=""/><U40/><E70/><V44/><N who="2" m="30752" /><V109/><F39/><T118/><D2/><U110/><E33/><V41/><F41/><T133/><D118/><U76/><E110/><V126/><F57/><T122/><N who="0" m="31264" /><T59/><D129/><U63/><E135/><V62/><F97/><T69/><D105/><U78/><E106/><V117/><F62/><T102/><D69/><U48/><E72/><V113/><F113/><T32/><D73/><U82/><E48/><V119/><AGARI ba="2,0" hai="44,46,68,71,88,91,100,103,108,109,117,119,126,127" m="30752" machi="119" ten="25,6000,1" yaku="0,1,22,2,52,1,54,1" doraHai="111" who="2" fromWho="2" sc="350,-22,683,-42,17,64,0,0" /><INIT seed="2,0,0,1,5,116" ten="328,641,81,0" oya="2" hai0="88,41,75,50,54,123,40,62,113,78,81,91,34" hai1="125,32,117,89,76,48,72,109,43,65,98,100,2" hai2="112,80,57,97,135,124,84,42,73,79,49,114,103" hai3=""/><V93/><F135/><T69/><N who="0" m="31520" /><T35/><D113/><U36/><E117/><V0/><F0/><T70/><D34/><U39/><E32/><V99/><F124/><T61/><D35/><U95/><E2/><V3/><F3/><T127/><D127/><U71/><E125/><V86/><F57/><T102/><D102/><U118/><E118/><V94/><F49/><T33/><D33/><U119/><E119/><V37/><F42/><T115/><D115/><N who="2" m="44074" /><F37/><T105/><D105/><U82/><E109/><V55/><F55/><T85/><D91/><AGARI ba="0,0" hai="73,79,80,84,86,91,93,94,97,99,103" m="44074" machi="91" ten="30,2900,0" yaku="34,2" doraHai="116" who="2" fromWho="0" sc="328,-29,641,0,81,29,0,0" /><INIT seed="2,1,0,0,0,52" ten="299,641,110,0" oya="2" hai0="38,94,58,102,105,91,59,47,124,81,62,87,99" hai1="32,131,33,97,71,63,74,77,45,127,46,90,49" hai2="70,111,84,125,108,110,53,34,130,54,109,40,86" hai3=""/><V106/><N who="2" m="27648" /><DORA hai="119" /><V113/><F113/><T116/><D116/><U51/><E131/><V36/><F34/><T76/><D124/><U35/><E127/><V121/><N who="2" m="31008" /><V85/><F125/><T1/><D1/><U2/><E2/><V135/><F130/><T101/><D101/><U0/><E0/><V48/><F135/><T44/><D38/><U98/><E77/><V122/><N who="2" m="31264" /><V134/><F134/><T92/><D105/><U43/><E74/><V133/><F133/><T41/><D41/><U50/><E90/><V37/><F106/><T117/><D117/><U95/><E95/><V118/><F70/><T89/><D102/><U100/><E100/><V3/><F118/><T64/><REACH who="0" step="1"/><D59/><REACH who="0" ten="289,641,110,0" step="2"/><U96/><E43/><V123/><N who="2" m="31520" /><V104/><F104/><T83/><D83/><U88/><E46/><V65/><F3/><T69/><D69/><U60/><E45/><V126/><F126/><T56/><D56/><U114/><E71/><V57/><F40/><T128/><D128/><U129/><E129/><V72/><F72/><AGARI ba="1,1" hai="44,47,58,62,64,72,76,81,87,89,91,92,94,99" machi="72" ten="30,7700,0" yaku="1,1,7,1,52,1,53,1" doraHai="52,119" doraHaiUra="55,68" who="0" fromWho="2" sc="289,89,641,0,110,-79,0,0" /><INIT seed="4,0,0,3,1,69" ten="378,641,31,0" oya="0" hai0="116,111,107,60,134,79,32,48,84,129,33,113,118" hai1="67,61,36,75,96,82,114,94,3,63,127,99,55" hai2="37,135,130,47,105,44,83,85,115,65,53,76,68" hai3=""/><T93/><D113/><U125/><E3/><V123/><N who="2" m="31520" /><V34/><F34/><T38/><D107/><U126/><E36/><V131/><F105/><T49/><D129/><U81/><E75/><V98/><F115/><T128/><D128/><N who="2" m="49194" /><F98/><T45/><D134/><U66/><E114/><V108/><F108/><T119/><D111/><U59/><E55/><V2/><F2/><T74/><D74/><U109/><E109/><V91/><F135/><T95/><D60/><U41/><E41/><V103/><F103/><T56/><D56/><U104/><E104/><V77/><F53/><T1/><D1/><U50/><E50/><V88/><F91/><T106/><D106/><U64/><E64/><V122/><N who="2" m="31264" /><V102/><F102/><T43/><D32/><U86/><E86/><V46/><F37/><T117/><D33/><U89/><E99/><V90/><F90/><T72/><D118/><U112/><E112/><V97/><F97/><T80/><D117/><U52/><E66/><V57/><F68/><AGARI ba="0,0" hai="52,59,61,63,67,68,81,82,89,94,96,125,126,127" machi="68" ten="40,2600,0" yaku="18,1,54,1" doraHai="69" who="1" fromWho="2" sc="378,0,641,26,31,-26,0,0" /><INIT seed="5,0,0,2,2,64" ten="378,667,5,0" oya="1" hai0="118,104,112,101,2,32,108,120,1,46,83,91,126" hai1="96,97,94,47,69,130,129,43,58,51,102,76,92" hai2="132,88,63,50,49,52,37,77,87,66,62,115,65" hai3=""/><U82/><E69/><V98/><F37/><T0/><D91/><U122/><N who="1" m="31264" /><U71/><E71/><V34/><F34/><T124/><D83/><U42/><E42/><V114/><F132/><T119/><D46/><U105/><E58/><V84/><F98/><T74/><D101/><U116/><E116/><V123/><N who="2" m="31520" /><V60/><F77/><T128/><D124/><U125/><E125/><V109/><F109/><T80/><D80/><U53/><E43/><V41/><F41/><T48/><D48/><U59/><E47/><V70/><F60/><T127/><D127/><U78/><E105/><V33/><F33/><T93/><D93/><U135/><E135/><V99/><F99/><T67/><D67/><U75/><E78/><V40/><F40/><T117/><D117/><U131/><E94/><V79/><F79/><T68/><D119/><U95/><E95/><V54/><F70/><T61/><D61/><U90/><E97/><V113/><F113/><T133/><D0/><U35/><E35/><V86/><F86/><T89/><D89/><AGARI ba="0,0" hai="51,53,59,75,76,82,89,90,92,96,102,129,130,131" m="31264" machi="89" ten="40,3900,0" yaku="19,1,52,1" doraHai="64" who="1" fromWho="0" sc="378,-39,667,39,5,0,0,0" /><AGARI ba="0,0" hai="49,50,52,54,62,63,65,66,84,87,88,89,114,115" m="31520" machi="89" ten="25,8000,1" yaku="22,2,52,1,54,2" doraHai="64" who="2" fromWho="0" sc="339,-80,706,0,5,80,0,0" /><INIT seed="5,1,0,1,1,104" ten="259,706,85,0" oya="1" hai0="67,54,128,44,32,99,123,33,127,56,133,88,62" hai1="46,115,3,94,91,109,76,41,83,58,34,47,106" hai2="116,119,79,69,71,70,93,89,78,134,2,81,59" hai3=""/><U114/><E3/><V96/><F2/><T113/><N who="0" m="31520" /><T68/><D113/><N who="1" m="43019" /><E106/><V130/><F130/><T60/><D128/><U0/><E109/><V118/><F134/><T37/><D133/><U38/><E0/><V53/><REACH who="2" step="1"/><F81/><REACH who="2" ten="259,706,75,0" step="2"/><T126/><D32/><U86/><E34/><V107/><F107/><T57/><D33/><U42/><E83/><V101/><F101/><T124/><D126/><U121/><N who="1" m="31008" /><U82/><E82/><V111/><F111/><T49/><D124/><U52/><E94/><V102/><F102/><T66/><D127/><U105/><E105/><V122/><N who="2" m="31264" /><V40/><F40/><T129/><D129/><U85/><E42/><V74/><F74/><T55/><D99/><U112/><E112/><V92/><F92/><T84/><D84/><U135/><E135/><V98/><F98/><T108/><D108/><U110/><E110/><V45/><F45/><T125/><D125/><U95/><E95/><V77/><F77/><T48/><D88/><U90/><E76/><V100/><F100/><T63/><D37/><U72/><E72/><V51/><AGARI ba="1,1" hai="51,53,59,69,70,71,78,79,89,93,96,116,118,119" m="31264" machi="51" ten="40,3900,0" yaku="1,1,0,1,52,1,53,0" doraHai="104" doraHaiUra="103" who="2" fromWho="2" sc="259,-14,706,-27,75,51,0,0" /><INIT seed="6,0,0,1,1,32" ten="245,679,126,0" oya="2" hai0="86,41,93,94,100,97,99,58,83,112,0,72,117" hai1="76,122,56,118,64,115,44,81,124,79,70,54,59" hai2="95,135,106,51,128,66,120,65,49,80,61,43,46" hai3=""/><V36/><N who="2" m="30752" /><V92/><F106/><T78/><D0/><U132/><N who="1" m="31264" /><U84/><E115/><V39/><F135/><T121/><N who="0" m="31008" /><T133/><D133/><U131/><E132/><V75/><F128/><T116/><D112/><U42/><E131/><V52/><F66/><T63/><D41/><U38/><E124/><V35/><F35/><T47/><D47/><U87/><E118/><V104/><F104/><T114/><D72/><U102/><E102/><V33/><F33/><T60/><D114/><U74/><E59/><V96/><F92/><T48/><D48/><U68/><E74/><V85/><F75/><T73/><D73/><U40/><E40/><V123/><N who="2" m="31520" /><V55/><F49/><T57/><D63/><U88/><E64/><V119/><F119/><T37/><D37/><U126/><E126/><V62/><F39/><T108/><D108/><U109/><E109/><V90/><F36/><T53/><D57/><U134/><E134/><V1/><F1/><T129/><D129/><U130/><E130/><V105/><F105/><T127/><D127/><U67/><E67/><V101/><F62/><T3/><D3/><U111/><E111/><V82/><F82/><T69/><D69/><AGARI ba="0,0" hai="43,46,51,52,55,61,65,69,80,85,90,95,96,101" m="31520,30752" machi="69" ten="30,11600,0" yaku="7,1,52,2,54,1" doraHai="32" who="2" fromWho="0" sc="245,-116,679,0,126,116,0,0" /><INIT seed="6,1,0,0,0,104" ten="129,679,242,0" oya="2" hai0="84,110,85,128,99,61,55,113,40,103,109,126,105" hai1="78,96,63,0,2,70,54,73,86,125,42,56,107" hai2="79,3,34,95,87,47,32,115,58,108,119,129,33" hai3=""/><V66/><F3/><T46/><D113/><U35/><E73/><V81/><F129/><T37/><D126/><U60/><E35/><V121/><N who="2" m="31008" /><V122/><N who="2" m="31264" /><V64/><F119/><T52/><D128/><U50/><E125/><V112/><F108/><T118/><D118/><U71/><E107/><V36/><F95/><T1/><D1/><U133/><E133/><V130/><F130/><T72/><D72/><U135/><E135/><V80/><F80/><T59/><D110/><U53/><E96/><V93/><F93/><T98/><D109/><U94/><E42/><V90/><F79/><T45/><D45/><U123/><N who="1" m="31520" /><U48/><E94/><V91/><F91/><T67/><D55/><U100/><E100/><V124/><F124/><T77/><D77/><U41/><E41/><V134/><F134/><T116/><D116/><U75/><E75/><V49/><F115/><T68/><REACH who="0" step="1"/><D99/><REACH who="0" ten="119,679,242,0" step="2"/><U43/><E86/><V102/><F112/><T114/><D114/><U65/><E78/><V92/><F87/><T101/><D101/><U76/><E76/><V120/><F102/><T69/><D69/><U97/><E97/><V117/><F34/><T62/><AGARI ba="1,1" hai="37,40,46,52,59,61,62,67,68,84,85,98,103,105" machi="62" ten="20,9000,2" yaku="1,1,0,1,7,1,54,1,53,2" doraHai="104" doraHaiUra="83" who="0" fromWho="0" sc="119,102,679,-31,242,-61,0,0" owari="221,-18.0,648,60.0,181,-42.0,0,0.0" /></mjloggm>