<mjloggm ver="2.3"><GO type="185" lobby="0"/><UN n0="%E9%9B%AA%E6%9D%91%E5%8D%83%E7%B5%B5%E8%8E%89" n1="%62%75%73%79" n2="%4B%65%6E%74%4B%65%6E%74" n3="" dan="17,16,17,0" rate="2237.31,2040.90,2286.72,1500.00" sx="F,M,F,C"/><TAIKYOKU oya="0"/><INIT seed="0,0,0,3,5,61" ten="350,350,350,0" oya="0" hai0="93,115,125,33,117,110,72,64,88,126,89,85,80" hai1="112,91,87,36,105,74,44,65,35,121,92,51,122" hai2="90,2,129,69,84,55,53,49,77,98,41,76,73" hai3=""/><T111/><D33/><U113/><N who="1" m="31008" /><U120/><N who="1" m="30752" /><U79/><N who="1" m="31264" /><U42/><E35/><V75/><F2/><T83/><D115/><U39/><E105/><V71/><F98/><T67/><D117/><U100/><E100/><V118/><F129/><T63/><D63/><U86/><E74/><V47/><F118/><T106/><D106/><U59/><E79/><V0/><F0/><T96/><D72/><U38/><E87/><V95/><F75/><T102/><D102/><U45/><E44/><V3/><F3/><T114/><D114/><N who="1" m="44139" /><E65/><N who="0" m="25161" /><D80/><U1/><E1/><V132/><F73/><T97/><D97/><U40/><E40/><V103/><F103/><T104/><D104/><U62/><E62/><V131/><F41/><T54/><D54/><AGARI ba="0,0" hai="36,38,39,42,45,51,54,59,86,91,92" m="44139,31264,30752,31008" machi="54" ten="30,7700,0" yaku="11,1,52,3" doraHai="61" who="1" fromWho="0" sc="350,-77,350,77,350,0,0,0" /><INIT seed="1,0,0,0,0,77" ten="273,427,350,0" oya="1" hai0="51,1,80,98,129,76,101,121,35,102,117,123,62" hai1="86,42,67,107,134,64,88,47,49,116,71,94,37" hai2="69,39,96,79,90,78,105,110,93,58,119,115,66" hai3=""/><U72/><E134/><V70/><F119/><T99/><N who="0" m="31008" /><T63/><N who="0" m="31520" /><T34/><D129/><U68/><E116/><V32/><F110/><T36/><D117/><U104/><E72/><V135/><F115/><T2/><D51/><U131/><E131/><V43/><F105/><T60/><D76/><U56/><E67/><V65/><F32/><N who="0" m="12330" /><D80/><U108/><E108/><V109/><F135/><T48/><D48/><U61/><REACH who="1" step="1"/><E71/><REACH who="1" ten="273,417,350,0" step="2"/><V52/><F109/><T40/><D40/><U89/><E89/><V44/><F70/><T83/><D83/><U132/><E132/><V133/><F133/><T103/><D36/><U106/><E106/><V0/><F69/><T114/><D114/><U125/><E125/><V126/><F126/><T124/><D124/><U45/><E45/><V82/><F82/><T122/><N who="0" m="31264" /><T81/><D81/><U118/><E118/><V97/><F66/><T57/><D57/><U87/><E87/><V85/><F65/><T3/><AGARI ba="0,1" hai="1,2,3,60,62,63,98,99,101,102,103" m="31264,12330,31520,31008" machi="3" ten="50,9000,2" yaku="29,2,28,2,52,3" doraHai="77" who="0" fromWho="0" sc="273,100,417,-60,350,-30,0,0" /><INIT seed="2,0,0,1,4,43" ten="373,357,320,0" oya="2" hai0="100,131,125,99,94,102,2,96,83,90,48,78,69" hai1="52,92,104,65,113,105,62,107,80,110,81,87,55" hai2="98,86,123,114,124,56,34,130,120,38,60,71,58" hai3=""/><V84/><N who="2" m="30752" /><V51/><N who="2" m="31520" /><V128/><F34/><T95/><D2/><U127/><E113/><V118/><F118/><T93/><D69/><U50/><E127/><V57/><F114/><T121/><N who="0" m="31008" /><T47/><D125/><U41/><E110/><V122/><N who="2" m="31264" /><V1/><F1/><T76/><D131/><N who="2" m="50218" /><F38/><T88/><D47/><U89/><E41/><V53/><F124/><T101/><D48/><U66/><E55/><V132/><F98/><N who="0" m="37418" /><D78/><U117/><E117/><V33/><F33/><T35/><D35/><U32/><E32/><V36/><F36/><T106/><D106/><U45/><REACH who="1" step="1"/><E66/><REACH who="1" ten="373,347,320,0" step="2"/><V91/><F60/><T64/><D64/><U82/><E82/><V68/><F53/><T72/><AGARI ba="0,1" hai="72,76,83,88,90,93,94,95,100,101,102" m="37418,31008" machi="72" ten="40,9000,2" yaku="35,5,52,1,54,1" doraHai="43" who="0" fromWho="0" sc="373,100,347,-30,320,-60,0,0" /><INIT seed="4,0,0,5,1,65" ten="473,317,260,0" oya="0" hai0="64,73,43,109,75,102,115,54,112,69,126,129,88" hai1="101,113,37,85,59,133,114,36,0,72,91,127,86" hai2="124,42,106,89,120,108,123,130,53,80,116,58,95" hai3=""/><T93/><D126/><U103/><E127/><V50/><N who="2" m="30752" /><V62/><N who="2" m="31520" /><V83/><F124/><T57/><D129/><U82/><E0/><V39/><F108/><T1/><D1/><U105/><E133/><V48/><F106/><T38/><D109/><U76/><E86/><V104/><F104/><T40/><D102/><U55/><E103/><V32/><F32/><T92/><D64/><U110/><E110/><V66/><F116/><T78/><D78/><U56/><E56/><V51/><F130/><T47/><D40/><U44/><E44/><V96/><REACH who="2" step="1"/><F66/><REACH who="2" ten="473,317,250,0" step="2"/><T60/><D115/><N who="1" m="44043" /><E105/><V122/><N who="2" m="31264" /><V46/><AGARI ba="0,1" hai="39,42,46,48,50,51,53,58,62,80,83,89,95,96" m="31264,31520,30752" machi="46" ten="30,9000,2" yaku="1,1,4,1,0,1,52,3,53,0" doraHai="65" doraHaiUra="35" who="2" fromWho="2" sc="473,-60,317,-30,250,100,0,0" /><INIT seed="5,0,0,1,5,115" ten="413,287,350,0" oya="1" hai0="120,0,68,41,37,83,114,118,35,91,45,89,90" hai1="112,133,54,73,106,131,134,71,104,44,103,61,50" hai2="1,47,64,81,56,80,38,99,46,92,100,93,119" hai3=""/><U122/><N who="1" m="31264" /><U130/><E73/><V76/><F1/><T128/><N who="0" m="30752" /><T48/><D0/><U72/><E72/><V3/><F119/><T77/><D35/><U59/><E112/><V70/><F70/><T49/><D114/><U107/><E71/><V51/><F38/><T40/><D128/><U67/><REACH who="1" step="1"/><E103/><REACH who="1" ten="413,277,350,0" step="2"/><V53/><F3/><T58/><D118/><U86/><E86/><V98/><F100/><T110/><D68/><U75/><E75/><V101/><F101/><T42/><D110/><U111/><E111/><V125/><F99/><T32/><D32/><U60/><E60/><V33/><F98/><T123/><N who="0" m="31520" /><T65/><D65/><U85/><E85/><V39/><F64/><T82/><D37/><U102/><E102/><V94/><F39/><T57/><D77/><U105/><N who="1" m="26624" /><DORA hai="63" /><U116/><E116/><V52/><F76/><T132/><D49/><U84/><E84/><V88/><F33/><T97/><D97/><U78/><E78/><V87/><F87/><T69/><D69/><U43/><E43/><V96/><F96/><T126/><D42/><U135/><AGARI ba="0,1" hai="44,50,54,59,61,67,130,131,133,134,135" m="26624,31264" machi="135" ten="70,8000,1" yaku="1,1,0,1,20,1,52,2,53,0" doraHai="115,63" doraHaiUra="34,108" who="1" fromWho="1" sc="413,-40,277,90,350,-40,0,0" /><INIT seed="5,1,0,5,5,0" ten="373,367,310,0" oya="1" hai0="79,85,95,93,55,63,133,62,107,74,115,69,76" hai1="132,112,41,73,103,54,49,71,1,61,109,78,100" hai2="86,120,105,66,87,96,122,117,40,90,118,99,3" hai3=""/><U83/><E112/><V124/><N who="2" m="30752" /><V114/><N who="2" m="31264" /><V67/><F114/><T47/><D107/><U110/><E1/><V130/><F130/><T113/><D133/><U56/><E132/><V101/><F3/><T98/><D47/><U46/><REACH who="1" step="1"/><E71/><REACH who="1" ten="373,357,310,0" step="2"/><V35/><F118/><T59/><D115/><U84/><E84/><V44/><F117/><T52/><D113/><U58/><E58/><V97/><F87/><T119/><D119/><U104/><E104/><V131/><F131/><T123/><N who="0" m="31520" /><T50/><D74/><U128/><E128/><V43/><F86/><T94/><D85/><U81/><E81/><V91/><F105/><T39/><D69/><U126/><E126/><V65/><F124/><T42/><D59/><U92/><E92/><V36/><F99/><T53/><D98/><U102/><AGARI ba="1,1" hai="41,46,49,54,56,61,73,78,83,100,102,103,109,110" machi="102" ten="30,2000,0" yaku="1,1,0,1,53,0" doraHai="0" doraHaiUra="80" who="1" fromWho="1" sc="373,-11,357,32,310,-11,0,0" /><INIT seed="5,2,0,4,2,89" ten="362,389,299,0" oya="1" hai0="56,104,43,63,67,66,75,35,34,114,51,101,129" hai1="3,98,100,117,79,125,50,36,0,122,83,95,132" hai2="53,124,90,46,69,126,47,74,41,134,39,84,32" hai3=""/><U115/><N who="1" m="31264" /><U38/><E115/><V118/><F32/><T107/><D114/><U45/><E117/><V44/><F74/><T110/><D110/><U123/><N who="1" m="31520" /><U88/><E132/><V70/><F134/><T103/><D129/><U61/><E125/><N who="2" m="48235" /><F118/><T71/><D75/><U109/><E109/><V80/><F53/><T2/><D2/><U128/><E128/><V113/><F113/><T42/><D71/><AGARI ba="2,0" hai="39,41,44,46,47,69,70,71,80,84,90" m="48235" machi="71" ten="30,1000,0" yaku="18,1" doraHai="89" who="2" fromWho="0" sc="362,-14,389,0,299,14,0,0" /><INIT seed="6,0,0,0,1,50" ten="348,389,313,0" oya="2" hai0="2,46,84,36,43,33,99,94,64,67,68,66,105" hai1="79,53,45,101,86,55,49,111,97,35,3,122,123" hai2="124,109,48,92,82,59,114,100,72,80,76,110,73" hai3=""/><V44/><F114/><T63/><D33/><U135/><N who="1" m="31264" /><U34/><N who="1" m="31520" /><U88/><E111/><N who="2" m="42507" /><F124/><T126/><D2/><U130/><E135/><V121/><N who="2" m="31008" /><V40/><F59/><T74/><D74/><N who="2" m="28778" /><F76/><T115/><D115/><U98/><E130/><V69/><F69/><T65/><D126/><U129/><E129/><V103/><F92/><T75/><D75/><U52/><E79/><V106/><F106/><T128/><D128/><U132/><E132/><V112/><F112/><T42/><D105/><U133/><E133/><V61/><F61/><T134/><D134/><U116/><E116/><V113/><F113/><T95/><D84/><U51/><E3/><V117/><F117/><T77/><D77/><U104/><E98/><V58/><F58/><T107/><D107/><U119/><E119/><V108/><N who="2" m="42515" /><V56/><DORA hai="89" /><F56/><T91/><D95/><U102/><E102/><AGARI ba="0,0" hai="40,44,48,80,82,100,102,103" m="28778,31008,42515" machi="102" ten="50,4800,0" yaku="10,1,52,1" doraHai="50,89" who="2" fromWho="1" sc="348,0,389,-48,313,48,0,0" /><INIT seed="6,1,0,5,1,108" ten="348,341,361,0" oya="2" hai0="43,121,70,40,62,94,1,66,75,90,114,131,91" hai1="135,36,88,81,54,118,122,117,56,92,85,59,64" hai2="95,107,57,125,105,93,103,65,45,129,39,80,73" hai3=""/><V113/><F113/><T33/><N who="0" m="31008" /><T44/><D1/><U58/><N who="1" m="31264" /><U83/><E135/><V79/><F129/><T82/><D131/><U47/><E64/><V98/><F125/><T111/><D33/><U130/><E130/><V119/><F119/><N who="1" m="45577" /><E36/><V78/><F78/><T46/><D111/><U63/><E47/><V112/><F112/><T41/><D114/><U132/><E132/><V123/><N who="2" m="31520" /><V72/><F72/><T48/><D46/><U69/><E69/><V37/><F107/><T50/><D50/><U96/><E83/><V77/><F77/><AGARI ba="1,0" hai="54,56,58,59,63,77,81,85,88,92,96" m="45577,31264" machi="77" ten="30,3900,0" yaku="12,1,52,1,54,1" doraHai="108" who="1" fromWho="2" sc="348,0,341,41,361,-41,0,0" /><INIT seed="8,0,0,1,2,1" ten="348,382,320,0" oya="0" hai0="102,0,120,103,133,113,48,33,46,71,79,50,58" hai1="89,47,62,110,109,95,135,92,60,106,70,56,72" hai2="3,65,64,111,125,94,75,42,35,126,59,54,131" hai3=""/><T61/><D0/><U104/><E135/><V81/><F3/><T78/><N who="0" m="30752" /><T69/><D113/><U37/><E72/><V97/><F111/><T43/><D133/><U76/><E76/><V114/><F114/><T124/><D124/><N who="2" m="47722" /><F131/><T2/><D2/><U80/><E80/><V74/><F42/><T45/><D58/><U108/><E37/><V90/><F35/><T127/><D127/><U34/><E47/><V66/><F81/><T49/><D49/><AGARI ba="0,0" hai="49,54,59,64,65,66,74,75,90,94,97" m="47722" machi="49" ten="30,1000,0" yaku="18,1" doraHai="1" who="2" fromWho="0" sc="348,-10,382,0,320,10,0,0" /><INIT seed="9,0,0,5,4,135" ten="338,382,330,0" oya="1" hai0="98,82,113,3,123,49,94,46,93,120,50,102,48" hai1="38,58,43,122,60,39,132,104,119,75,110,76,57" hai2="87,33,64,70,109,37,35,103,83,121,86,100,54" hai3=""/><U126/><N who="1" m="31264" /><U112/><E132/><V80/><N who="2" m="31008" /><V118/><F109/><T97/><N who="0" m="30752" /><T32/><N who="0" m="31520" /><T47/><D3/><U40/><E110/><V79/><F118/><T59/><D113/><U108/><E108/><V71/><F54/><T88/><D32/><U56/><E119/><V127/><F127/><T53/><REACH who="0" step="1"/><D82/><REACH who="0" ten="328,382,330,0" step="2"/><U73/><E112/><V129/><F129/><T77/><D77/><U111/><E111/><V72/><F79/><T78/><D78/><U92/><E75/><V114/><F72/><T125/><D125/><U117/><E73/><V134/><F114/><T36/><D36/><U106/><E38/><V115/><F37/><T44/><AGARI ba="0,1" hai="44,46,47,48,49,50,53,59,88,93,94,97,98,102" m="31520,30752" machi="44" ten="30,9000,2" yaku="1,1,0,1,8,1,52,2,54,1,53,1" doraHai="135" doraHaiUra="96" who="0" fromWho="0" sc="328,100,382,-60,330,-30,0,0" owari="428,38.0,322,-8.0,300,-30.0,0,0.0" /></mjloggm>