<mjloggm ver="2.3"><GO type="185" lobby="0"/><UN n0="%E3%81%A0%E3%81%83" n1="%28%2A%C2%B4%CF%89%EF%BD%80%2A%7D" n2="%E9%9B%AA%E6%9D%91%E5%8D%83%E7%B5%B5%E8%8E%89" n3="" dan="16,17,17,0" rate="2162.38,2253.10,2309.41,1500.00" sx="M,F,F,C"/><TAIKYOKU oya="0"/><INIT seed="0,0,0,1,2,32" ten="350,350,350,0" oya="0" hai0="41,133,45,129,62,57,120,124,47,134,42,91,0" hai1="75,96,117,85,77,68,49,70,84,88,95,55,37" hai2="105,72,74,40,34,61,100,76,33,102,107,103,52" hai3=""/><T112/><N who="0" m="30752" /><T43/><D0/><U79/><E117/><V135/><F135/><N who="0" m="51722" /><D112/><U101/><E37/><V90/><F40/><T67/><D129/><U89/><E75/><V51/><F61/><T99/><D124/><U93/><E70/><V92/><F33/><T113/><D113/><U69/><E69/><V58/><F34/><T66/><D99/><U54/><E68/><V56/><F56/><T65/><D91/><U106/><REACH who="1" step="1"/><E55/><AGARI ba="0,0" hai="41,42,43,45,47,55,57,62,65,66,67" m="51722,30752" machi="55" ten="40,12000,1" yaku="20,1,34,2,52,1" doraHai="32" who="0" fromWho="1" sc="350,120,350,-120,350,0,0,0" /><INIT seed="0,1,0,3,4,77" ten="470,230,350,0" oya="0" hai0="134,3,100,81,103,87,129,94,79,108,57,75,114" hai1="84,89,53,62,40,127,33,49,98,54,68,76,130" hai2="117,1,46,97,105,70,71,42,123,124,55,60,106" hai3=""/><T107/><D3/><U104/><E33/><V83/><N who="2" m="31520" /><V39/><F1/><T51/><D114/><U99/><E130/><V35/><F35/><T64/><D129/><U61/><E127/><V45/><F124/><T116/><D116/><U67/><E104/><V43/><F117/><T115/><D115/><U102/><E102/><V121/><N who="2" m="31008" /><V122/><N who="2" m="31264" /><V47/><F47/><T82/><D134/><U65/><E76/><V44/><F44/><T96/><D108/><U135/><E40/><V132/><F132/><T93/><D64/><U78/><E78/><V90/><F55/><T101/><D57/><U41/><E41/><V0/><F0/><T80/><D51/><U72/><E72/><V59/><F59/><T91/><D107/><U50/><E135/><V38/><F60/><T92/><D96/><U119/><E119/><V120/><N who="2" m="30752" /><V56/><F56/><T69/><D69/><U63/><E63/><V113/><F113/><T37/><D37/><U86/><REACH who="1" step="1"/><E89/><REACH who="1" ten="470,220,350,0" step="2"/><V95/><F106/><T131/><D131/><U109/><E109/><V118/><F105/><T126/><D126/><U112/><E112/><V34/><F118/><T2/><D2/><U128/><E128/><V36/><F34/><RYUUKYOKU ba="1,1" sc="470,10,220,10,350,-20,0,0" hai0="75,79,80,81,82,87,91,92,93,94,100,101,103" hai1="49,50,53,54,61,62,65,67,68,84,86,98,99" /><INIT seed="0,2,1,0,2,94" ten="480,230,330,0" oya="0" hai0="36,40,77,127,87,91,37,44,42,52,86,88,67" hai1="110,126,71,106,63,65,98,83,32,76,119,80,115" hai2="123,113,73,85,133,48,1,66,89,46,111,62,105" hai3=""/><T108/><D127/><U58/><E32/><V34/><N who="2" m="31520" /><V81/><F1/><T82/><D67/><U0/><E0/><V50/><F34/><T61/><D108/><U60/><E126/><V135/><F113/><T104/><D104/><U103/><E110/><V130/><F111/><T54/><D77/><U70/><E115/><V75/><F105/><T78/><D78/><U45/><E45/><V33/><F130/><T124/><D124/><U129/><E129/><V90/><F90/><T132/><D132/><N who="2" m="50762" /><F33/><T47/><REACH who="0" step="1"/><D61/><REACH who="0" ten="470,230,330,0" step="2"/><U107/><E107/><V114/><F114/><T41/><D41/><U101/><E106/><V97/><F97/><T125/><D125/><U128/><E98/><V100/><F100/><T64/><D64/><U38/><E65/><V112/><F112/><T79/><D79/><U55/><E76/><V102/><F102/><T74/><D74/><N who="2" m="28170" /><F66/><T96/><D96/><U116/><E101/><V53/><F62/><T72/><D72/><U59/><E103/><V35/><F35/><T122/><N who="0" m="31264" /><T109/><D109/><U49/><E60/><V68/><F53/><T56/><D56/><U39/><E59/><V99/><F99/><T93/><AGARI ba="2,2" hai="36,37,40,42,44,47,52,54,82,86,87,88,91,93" m="31264" machi="93" ten="20,12000,2" yaku="1,1,0,1,7,1,9,1,52,1,54,2,53,0" doraHai="94" doraHaiUra="131" who="0" fromWho="0" sc="470,144,230,-62,330,-62,0,0" /><INIT seed="0,3,0,3,3,49" ten="614,168,268,0" oya="0" hai0="64,130,126,55,87,109,59,73,101,46,131,100,38" hai1="37,96,35,81,36,105,67,119,58,74,122,121,53" hai2="120,92,99,88,107,48,41,106,57,70,94,108,90" hai3=""/><T65/><D73/><U62/><N who="1" m="31008" /><U104/><N who="1" m="31264" /><U93/><E35/><V3/><N who="2" m="30752" /><V54/><F3/><T80/><D126/><U51/><E119/><V43/><F108/><T111/><D46/><U61/><E74/><V124/><F70/><T117/><D38/><U127/><E127/><V1/><F1/><T33/><D33/><U44/><E81/><V118/><F118/><T86/><D117/><U34/><E34/><V133/><F133/><T40/><D40/><U103/><REACH who="1" step="1"/><E62/><REACH who="1" ten="614,158,268,0" step="2"/><V79/><F124/><T76/><D111/><U84/><E84/><V39/><F39/><AGARI ba="3,1" hai="36,37,39,44,51,53,58,61,67,93,96,103,104,105" m="31264,31008" machi="39" ten="40,8000,1" yaku="1,1,52,3,53,0" doraHai="49" doraHaiUra="2" who="1" fromWho="2" sc="614,0,158,96,268,-86,0,0" /><INIT seed="1,0,0,4,1,41" ten="614,254,182,0" oya="1" hai0="114,131,133,32,109,72,36,53,132,98,74,111,84" hai1="37,90,126,65,69,91,125,61,128,106,52,80,82" hai2="85,120,81,124,54,89,123,112,39,2,46,129,94" hai3=""/><U121/><N who="1" m="31008" /><U48/><E128/><V96/><N who="2" m="30752" /><V77/><N who="2" m="31520" /><V108/><F2/><T44/><D114/><U103/><E37/><V50/><F108/><N who="0" m="41546" /><D32/><U119/><E119/><V38/><F112/><T134/><D131/><U56/><E106/><V40/><F129/><T64/><D64/><U34/><E103/><V63/><F124/><N who="1" m="47721" /><E34/><V70/><REACH who="2" step="1"/><F70/><REACH who="2" ten="614,254,172,0" step="2"/><T118/><D118/><U73/><E73/><V105/><F105/><T57/><D74/><U88/><AGARI ba="0,1" hai="48,52,56,61,65,69,80,82,88,90,91" m="47721,31008" machi="88" ten="30,7800,0" yaku="18,1,52,1,54,2" doraHai="41" who="1" fromWho="1" sc="614,-39,254,88,172,-39,0,0" /><INIT seed="1,1,0,3,4,87" ten="575,342,133,0" oya="1" hai0="54,76,40,74,36,111,38,84,110,135,86,132,0" hai1="134,124,97,62,46,79,128,60,39,64,109,47,68" hai2="103,71,118,104,61,66,37,99,57,80,51,81,89" hai3=""/><U70/><E79/><V98/><F118/><T55/><D0/><U43/><E124/><V116/><F116/><T122/><N who="0" m="31264" /><T90/><D74/><U102/><E128/><V44/><F37/><T129/><D129/><U48/><E134/><N who="0" m="51241" /><D76/><U77/><E77/><V63/><F63/><T133/><N who="0" m="51249" /><T92/><DORA hai="58" /><D84/><U32/><E32/><V59/><F59/><T83/><D83/><U33/><E33/><V3/><F57/><T125/><D125/><U34/><E34/><V1/><F1/><T69/><D69/><U67/><E109/><N who="0" m="41481" /><D40/><U88/><E88/><V106/><F3/><T117/><D117/><U35/><E35/><V78/><F78/><T82/><D82/><U100/><REACH who="1" step="1"/><E97/><REACH who="1" ten="575,332,133,0" step="2"/><V41/><REACH who="2" step="1"/><F89/><REACH who="2" ten="575,332,123,0" step="2"/><T123/><N who="0" m="31520" /><T107/><D90/><U42/><AGARI ba="1,2" hai="39,42,43,46,47,48,60,62,64,67,68,70,100,102" machi="42" ten="20,12000,2" yaku="1,1,0,1,7,1,9,1,52,2,53,0" doraHai="87,58" doraHaiUra="105,73" who="1" fromWho="1" sc="575,-61,332,142,123,-61,0,0" /><INIT seed="1,2,0,0,1,132" ten="514,474,62,0" oya="1" hai0="96,77,97,123,95,69,70,64,43,88,1,125,33" hai1="40,102,131,3,32,106,52,75,84,90,60,38,34" hai2="83,78,55,133,118,89,129,99,51,135,101,63,58" hai3=""/><U109/><E3/><V93/><F118/><T36/><N who="0" m="31520" /><T49/><D33/><U92/><E131/><V103/><F129/><T2/><D77/><U85/><E75/><V39/><F39/><T121/><N who="0" m="31008" /><T46/><D125/><U80/><E109/><V114/><F114/><T128/><D128/><U62/><E106/><V113/><F113/><T47/><D64/><U100/><E40/><V130/><F130/><T44/><D47/><U72/><E38/><V120/><N who="2" m="30752" /><V105/><F63/><T117/><D117/><U74/><E74/><V54/><F54/><T66/><D66/><U107/><E72/><V104/><F104/><T81/><D81/><U71/><E62/><V37/><F37/><T112/><D112/><U76/><E71/><V79/><F103/><T127/><D127/><U110/><E110/><V61/><F61/><T42/><REACH who="0" step="1"/><D97/><REACH who="0" ten="504,474,62,0" step="2"/><U59/><REACH who="1" step="1"/><E107/><REACH who="1" ten="504,464,62,0" step="2"/><V115/><F115/><T119/><D119/><U35/><AGARI ba="2,2" hai="32,34,35,52,59,60,76,80,84,85,90,92,100,102" machi="35" ten="30,8000,1" yaku="1,1,2,1,0,1,54,1,53,1" doraHai="132" doraHaiUra="91" who="1" fromWho="1" sc="504,-42,464,104,62,-42,0,0" /><INIT seed="1,3,0,0,1,48" ten="462,568,20,0" oya="1" hai0="53,111,130,34,96,43,49,35,57,98,74,58,110" hai1="99,134,95,100,60,54,85,69,42,81,116,131,102" hai2="56,36,117,107,127,91,113,106,93,73,79,125,66" hai3=""/><U105/><E116/><V76/><F36/><T61/><D74/><U59/><E131/><V62/><F117/><T67/><D130/><U3/><E3/><V75/><F113/><T40/><D96/><U90/><E134/><V77/><F75/><T87/><D87/><U83/><E42/><N who="0" m="15913" /><D98/><U84/><E102/><V94/><F73/><T132/><D132/><U65/><REACH who="1" step="1"/><E85/><REACH who="1" ten="462,558,20,0" step="2"/><V44/><F44/><T119/><D119/><U104/><E104/><N who="2" m="39979" /><F91/><T122/><N who="0" m="31264" /><T52/><D35/><U68/><E68/><V72/><F72/><T33/><D33/><U112/><E112/><V120/><N who="2" m="30752" /><V55/><F66/><T86/><D86/><U118/><E118/><V46/><F46/><T51/><D34/><U37/><E37/><V2/><F2/><T114/><D114/><U109/><E109/><V32/><F32/><T50/><D67/><U92/><E92/><V47/><F47/><T88/><D88/><U121/><N who="1" m="31008" /><U103/><E103/><V39/><F39/><T45/><D45/><U78/><E78/><V135/><F135/><T89/><D89/><U70/><E70/><V133/><F133/><T108/><AGARI ba="3,1" hai="49,50,51,52,53,57,58,61,108,110,111" m="31264,15913" machi="108" ten="40,9000,2" yaku="14,1,34,2,52,3,54,1" doraHai="48" who="0" fromWho="0" sc="462,106,558,-63,20,-33,0,0" owari="568,51.0,495,10.0,-13,-61.0,0,0.0" /></mjloggm>