<mjloggm ver="2.3"><GO type="185" lobby="0"/><UN n0="%28%2A%C2%B4%CF%89%EF%BD%80%2A%7D" n1="%EF%BC%88%E3%83%BB%EF%BC%88%E3%83%B1%EF%BC%89%E3%83%BB%EF%BC%89" n2="%E7%9C%81%E5%AE%9F" n3="" dan="17,17,17,0" rate="2253.94,2156.33,2208.30,1500.00" sx="F,M,F,C"/><TAIKYOKU oya="0"/><INIT seed="0,0,0,4,5,95" ten="350,350,350,0" oya="0" hai0="66,115,70,51,39,34,0,126,94,128,121,54,86" hai1="85,75,45,61,57,89,129,76,84,32,2,101,124" hai2="50,92,116,127,99,3,40,135,41,98,49,109,87" hai3=""/><T117/><RYUUKYOKU type="yao9" ba="0,0" sc="350,0,350,0,350,0,0,0" hai0="0,34,39,51,54,66,70,86,94,115,117,121,126,128" /><INIT seed="0,1,0,5,0,66" ten="350,350,350,0" oya="0" hai0="63,33,50,100,59,122,84,109,103,114,92,98,93" hai1="128,51,106,91,34,118,62,86,64,74,127,132,42" hai2="116,87,60,55,39,1,90,121,69,130,110,3,81" hai3=""/><T58/><N who="0" m="31264" /><T68/><D114/><U112/><E118/><V96/><N who="2" m="31008" /><V95/><F116/><T53/><D33/><U115/><E128/><V104/><F130/><T37/><D37/><U65/><E132/><V32/><F32/><T67/><D109/><U48/><E74/><V47/><F110/><T38/><D38/><U52/><E106/><V41/><F104/><T49/><D49/><U76/><E76/><V61/><F61/><T94/><D84/><U88/><E127/><V40/><F40/><T117/><D117/><U120/><N who="1" m="30752" /><U107/><E107/><V56/><REACH who="2" step="1"/><F69/><REACH who="2" ten="350,350,340,0" step="2"/><T2/><D2/><U43/><E34/><V133/><F133/><T35/><D35/><U119/><E119/><V102/><AGARI ba="1,1" hai="1,3,39,41,47,55,56,60,81,87,90,95,96,102" m="31008" machi="102" ten="20,3900,0" yaku="1,1,0,1,7,1,52,1,53,0" doraHai="66" doraHaiUra="123" who="2" fromWho="2" sc="350,-27,350,-14,340,51,0,0" /><INIT seed="1,0,0,2,4,119" ten="323,336,391,0" oya="1" hai0="135,92,107,96,93,43,102,116,113,35,76,100,131" hai1="126,74,121,122,40,69,134,94,33,130,51,110,59" hai2="75,37,52,95,34,115,57,133,125,42,65,68,71" hai3=""/><U120/><N who="1" m="30752" /><U91/><N who="1" m="31008" /><U61/><N who="1" m="31264" /><U128/><E33/><V103/><F34/><T90/><D35/><U72/><E69/><V46/><F75/><T117/><D43/><U56/><E126/><V80/><F125/><T104/><D113/><U38/><E38/><V32/><F32/><T60/><D60/><U48/><E134/><V55/><F133/><T44/><D44/><U124/><E124/><V109/><F115/><T36/><D36/><U45/><E110/><V112/><F112/><T132/><D76/><U86/><E51/><V79/><F109/><T78/><D78/><U49/><E49/><V127/><F127/><T53/><D53/><U87/><E87/><V0/><F0/><T70/><D70/><U85/><E85/><V47/><F68/><T114/><D114/><U39/><E39/><V82/><F71/><T129/><D96/><U123/><N who="1" m="31520" /><U50/><E50/><V108/><F108/><T81/><D81/><U99/><E99/><V97/><F37/><T64/><D64/><U3/><E3/><V101/><F97/><T54/><D54/><U67/><E59/><V1/><F57/><T63/><D63/><U41/><E41/><V105/><F42/><T83/><D83/><RYUUKYOKU ba="0,0" sc="323,10,336,10,391,-20,0,0" hai0="90,92,93,100,102,104,107,116,117,129,131,132,135" hai1="40,45,48,56,61,67,72,74,86,91,94,128,130" /><INIT seed="1,1,0,3,1,77" ten="333,346,371,0" oya="1" hai0="94,45,79,81,52,74,126,84,105,58,2,90,48" hai1="72,36,73,117,88,38,65,119,87,68,51,86,54" hai2="118,106,113,78,122,57,82,34,89,85,112,98,132" hai3=""/><U1/><E1/><V108/><N who="2" m="31264" /><V120/><N who="2" m="30752" /><V125/><F34/><T114/><D114/><N who="2" m="44138" /><F118/><T62/><D126/><U69/><E54/><V107/><F125/><T40/><D105/><N who="2" m="39946" /><F108/><T76/><D76/><U104/><E104/><V59/><F132/><T80/><REACH who="0" step="1"/><D2/><REACH who="0" ten="323,346,371,0" step="2"/><U100/><E119/><V61/><F61/><T63/><D63/><U130/><E117/><V134/><F134/><T39/><D39/><U127/><E38/><V53/><F53/><T83/><AGARI ba="1,1" hai="40,45,48,52,58,62,74,79,80,81,83,84,90,94" machi="83" ten="30,9000,2" yaku="1,1,0,1,52,3,54,1,53,1" doraHai="77" doraHaiUra="44" who="0" fromWho="0" sc="323,102,346,-61,371,-31,0,0" /><INIT seed="2,0,0,0,1,0" ten="425,285,340,0" oya="2" hai0="91,95,76,68,105,104,65,101,133,128,1,74,48" hai1="118,99,75,62,122,92,131,100,82,56,121,126,33" hai2="123,46,98,58,116,107,42,87,73,125,79,109,32" hai3=""/><V50/><N who="2" m="31520" /><V78/><F116/><T70/><D1/><U106/><N who="1" m="31008" /><U114/><N who="1" m="31264" /><U41/><E33/><V96/><F73/><T127/><D128/><U38/><E114/><V34/><F125/><T43/><D133/><U36/><E131/><V66/><F109/><T60/><D70/><U44/><E126/><V90/><F96/><T52/><D43/><U45/><E118/><V53/><F66/><T39/><D39/><U88/><E45/><V59/><F59/><T51/><D74/><U61/><E38/><V81/><F79/><T108/><D76/><U113/><E113/><V111/><F111/><T2/><D2/><U63/><E82/><V112/><F112/><T57/><D108/><U120/><N who="1" m="30752" /><U115/><E75/><V71/><F71/><T83/><D68/><U69/><E115/><V84/><F107/><T80/><D105/><U64/><REACH who="1" step="1"/><E69/><REACH who="1" ten="425,275,340,0" step="2"/><V134/><F134/><T93/><D127/><U67/><E67/><V97/><F32/><T129/><D65/><U54/><E54/><V72/><F34/><T55/><D52/><U47/><E47/><V86/><REACH who="2" step="1"/><F90/><REACH who="2" ten="425,275,330,0" step="2"/><T40/><D91/><U110/><E110/><V119/><F119/><T77/><D129/><U117/><E117/><RYUUKYOKU ba="0,2" sc="425,-20,275,10,330,10,0,0" hai1="36,41,44,56,61,62,63,64,88,92,99,100,106" hai2="42,46,50,53,58,72,78,81,84,86,87,97,98" /><INIT seed="2,1,2,2,4,82" ten="405,285,340,0" oya="2" hai0="115,62,97,60,34,63,3,59,135,132,93,64,66" hai1="92,103,75,36,128,112,67,129,72,47,127,86,2" hai2="78,121,109,101,134,108,0,42,117,44,61,95,125" hai3=""/><V1/><N who="2" m="31008" /><V84/><F117/><T87/><D34/><U120/><N who="1" m="30752" /><U58/><E112/><V99/><F134/><T81/><D3/><U123/><N who="1" m="31520" /><U88/><E2/><V113/><F113/><T131/><D131/><N who="1" m="50251" /><E127/><V52/><F125/><T77/><D115/><U107/><E107/><V71/><F0/><T111/><D111/><N who="2" m="42570" /><F1/><T70/><REACH who="0" step="1"/><D63/><REACH who="0" ten="395,285,340,0" step="2"/><U90/><E103/><AGARI ba="1,3" hai="59,60,62,64,66,70,77,81,87,93,97,103,132,135" machi="103" ten="40,5200,0" yaku="1,1,2,1,52,1,53,0" doraHai="82" doraHaiUra="50" who="0" fromWho="1" sc="395,84,285,-54,340,0,0,0" /><INIT seed="4,0,0,2,2,1" ten="479,231,340,0" oya="0" hai0="128,98,96,111,41,113,57,33,106,87,39,42,100" hai1="125,118,121,114,84,117,67,76,53,85,2,59,86" hai2="97,133,99,103,60,48,37,112,122,81,89,107,116" hai3=""/><T123/><N who="0" m="31520" /><T68/><D33/><U75/><N who="1" m="31008" /><U54/><E2/><V62/><N who="2" m="31264" /><V44/><F37/><T3/><D3/><U105/><E105/><V82/><F112/><T0/><D113/><U104/><E104/><V47/><F133/><T88/><D128/><U134/><E114/><V132/><F132/><T94/><D68/><U135/><E125/><V95/><F116/><N who="1" m="44649" /><E75/><V36/><F36/><T34/><D34/><U58/><E67/><V78/><F44/><T69/><D106/><U73/><E73/><V80/><REACH who="2" step="1"/><F78/><REACH who="2" ten="479,231,330,0" step="2"/><T61/><D0/><U109/><E76/><V43/><AGARI ba="0,1" hai="43,47,48,60,62,80,81,82,89,95,97,99,103,107" m="31264" machi="43" ten="30,9000,2" yaku="1,1,2,1,0,1,52,1,53,3" doraHai="1" doraHaiUra="77" who="2" fromWho="2" sc="479,-60,231,-30,330,100,0,0" /><INIT seed="5,0,0,5,0,51" ten="419,201,430,0" oya="1" hai0="124,82,109,103,58,87,39,128,65,118,132,133,127" hai1="64,117,131,130,59,62,80,75,35,72,116,2,66" hai2="99,96,105,77,81,43,76,78,104,69,60,110,126" hai3=""/><U56/><E35/><V1/><F1/><T3/><D3/><U44/><E44/><V41/><F110/><T71/><D109/><U88/><E2/><V57/><F69/><T122/><N who="0" m="31264" /><T74/><D39/><U108/><E108/><V63/><F126/><N who="0" m="48170" /><D74/><U134/><E134/><V49/><F49/><T86/><D118/><U33/><E33/><V95/><F81/><T91/><D103/><U123/><N who="1" m="31520" /><U37/><E37/><V98/><F95/><T85/><D71/><U113/><E113/><V47/><F57/><T48/><D128/><U92/><E80/><V93/><F93/><T55/><D65/><U135/><E92/><V38/><F38/><T52/><D55/><U112/><E135/><AGARI ba="0,0" hai="48,52,58,82,85,86,87,91,132,133,135" m="48170,31264" machi="135" ten="30,8000,1" yaku="20,1,18,1,52,2,54,1" doraHai="51" who="0" fromWho="1" sc="419,80,201,-80,430,0,0,0" /><INIT seed="6,0,0,1,4,135" ten="499,121,430,0" oya="2" hai0="113,119,1,56,66,72,50,120,96,114,97,61,63" hai1="100,41,106,126,60,68,84,83,71,87,115,67,69" hai2="77,78,52,110,79,80,103,116,73,88,39,129,49" hai3=""/><V57/><F116/><T33/><N who="0" m="30752" /><T124/><D33/><U47/><E126/><V127/><F127/><T128/><D1/><U123/><N who="1" m="31520" /><U134/><E134/><V81/><F129/><T90/><D124/><U94/><E115/><N who="0" m="44041" /><D128/><U112/><E106/><V89/><F110/><T64/><D119/><U59/><E112/><V48/><F39/><T118/><D118/><U108/><E100/><V51/><F103/><T99/><D50/><N who="2" m="19562" /><F73/><T98/><D72/><U125/><E94/><V44/><F44/><T0/><D0/><U122/><N who="1" m="31264" /><U53/><E108/><V105/><F105/><T58/><D98/><U74/><E87/><V75/><F75/><T38/><D38/><U54/><E84/><V35/><F35/><T2/><D2/><U65/><E83/><AGARI ba="0,0" hai="51,52,57,77,78,79,80,81,83,88,89" m="19562" machi="83" ten="30,5800,0" yaku="8,1,54,2" doraHai="135" who="2" fromWho="1" sc="499,0,121,-58,430,58,0,0" /><INIT seed="6,1,0,2,4,124" ten="499,63,488,0" oya="2" hai0="88,89,51,98,72,121,96,129,91,80,61,110,48" hai1="46,54,90,49,40,108,73,97,56,63,3,86,36" hai2="102,101,59,106,107,100,52,126,44,94,85,131,122" hai3=""/><V111/><N who="2" m="31264" /><V109/><F126/><T68/><N who="0" m="31008" /><T75/><D110/><N who="2" m="41994" /><F131/><T133/><D129/><U58/><E3/><V113/><F113/><T66/><D133/><U78/><E90/><V125/><F125/><T114/><D114/><U82/><E86/><V105/><F44/><T60/><D60/><U132/><E82/><V119/><F119/><T67/><D67/><U70/><E97/><V65/><F65/><T37/><D37/><U39/><E78/><V120/><N who="2" m="30752" /><V99/><F85/><T81/><D81/><U118/><E73/><V38/><F38/><T32/><D32/><U55/><E118/><V45/><F45/><T57/><D68/><U69/><E108/><V71/><F71/><T115/><D115/><U33/><E33/><V53/><F53/><T123/><N who="0" m="31520" /><T62/><D62/><AGARI ba="1,0" hai="52,59,62,94,99,100,101,102,105,106,107" m="30752,41994,31264" machi="62" ten="40,12000,1" yaku="10,1,52,2,54,1" doraHai="124" who="2" fromWho="0" sc="499,-122,63,0,488,122,0,0" owari="377,-2.0,63,-54.0,610,56.0,0,0.0" /></mjloggm>