<mjloggm ver="2.3"><GO type="169" lobby="0"/><UN n0="%E3%82%A8%E3%82%B9%E3%82%BF%E3%83%BC" n1="%E3%81%97%E3%81%BE%E3%81%A0%E3%81%BE%32" n2="%EF%BC%A9%EF%BC%A3%EF%BC%A8%EF%BC%A9" n3="%67%75%73%68" dan="17,16,17,17" rate="2186.53,2106.76,2213.33,2198.30" sx="M,M,M,M"/><TAIKYOKU oya="0"/><INIT seed="0,0,0,4,2,85" ten="250,250,250,250" oya="0" hai0="91,110,48,96,19,100,107,29,3,26,32,124,20" hai1="105,75,89,59,64,13,11,76,71,122,119,7,39" hai2="43,70,84,34,94,92,51,88,132,24,45,135,55" hai3="0,61,134,35,93,126,5,99,80,86,67,103,1"/><T12/><D124/><U73/><E119/><V90/><F70/><W127/><G35/><T111/><D48/><U2/><E122/><V98/><REACH who="2" step="1"/><F43/><REACH who="2" ten="250,250,240,250" step="2"/><W87/><G134/><T112/><D112/><U37/><E71/><V52/><F52/><W72/><G127/><T106/><D3/><U46/><E2/><V97/><F97/><W23/><G126/><T66/><D66/><U18/><E64/><V40/><F40/><W4/><G0/><T78/><D78/><U104/><E76/><V131/><F131/><W114/><G114/><T9/><D32/><U31/><E37/><V101/><F101/><W22/><G1/><T50/><D50/><U68/><E68/><V65/><F65/><W108/><G67/><T113/><D113/><U120/><E39/><V130/><F130/><W30/><G103/><T69/><D69/><U57/><E46/><V15/><F15/><W129/><G129/><T116/><D116/><U47/><E13/><V33/><F33/><W63/><G99/><T16/><D29/><AGARI ba="0,1" hai="24,29,34,45,51,55,84,88,90,92,94,98,132,135" machi="29" ten="40,8000,1" yaku="1,1,52,2,54,1,53,0" doraHai="85" doraHaiUra="58" who="2" fromWho="0" sc="250,-80,250,0,240,90,250,0" /><INIT seed="1,0,0,0,5,25" ten="170,250,330,250" oya="1" hai0="5,116,113,58,80,123,64,63,96,28,39,106,131" hai1="110,91,66,77,49,12,10,0,71,90,78,6,27" hai2="18,134,75,111,89,51,115,22,37,117,33,41,69" hai3="79,98,107,52,128,100,21,118,108,133,92,16,29"/><U97/><E71/><V85/><F117/><W87/><G118/><T19/><D39/><U55/><E66/><V13/><F75/><W99/><G108/><T46/><D116/><U17/><E110/><V60/><F111/><W104/><G128/><T112/><D131/><U20/><E91/><V3/><F3/><W1/><G1/><T34/><D5/><U127/><E127/><V30/><F37/><W67/><G67/><T81/><D46/><U61/><E0/><V53/><F41/><W26/><G133/><T73/><D19/><U57/><E49/><V62/><F115/><W83/><G52/><T54/><D54/><U126/><E126/><V114/><F114/><W35/><REACH who="3" step="1"/><G98/><REACH who="3" ten="170,250,330,240" step="2"/><T135/><D135/><U82/><E82/><V88/><F53/><W14/><AGARI ba="0,1" hai="14,16,21,26,29,35,79,83,87,92,99,100,104,107" machi="14" ten="20,12000,2" yaku="1,1,2,1,0,1,7,1,52,1,54,1,53,0" doraHai="25" doraHaiUra="40" who="3" fromWho="3" sc="170,-30,250,-60,330,-30,240,130" /><INIT seed="2,0,0,1,4,7" ten="140,190,300,370" oya="2" hai0="1,57,52,33,97,68,50,116,24,72,132,30,109" hai1="98,111,39,18,51,130,82,89,106,118,3,124,34" hai2="59,13,128,15,96,21,38,127,94,70,65,120,119" hai3="8,101,78,0,58,100,122,81,28,27,74,93,17"/><V23/><F119/><W115/><G122/><T113/><D116/><U88/><E39/><V135/><F70/><W87/><G115/><T10/><D113/><U44/><E118/><V5/><F38/><W85/><G58/><T45/><D68/><U69/><E34/><V123/><F128/><W14/><G0/><T12/><D1/><U49/><E130/><V131/><F131/><W73/><G87/><T103/><D72/><U86/><E51/><V60/><F127/><W112/><G112/><T55/><D132/><U125/><E69/><V83/><F135/><W26/><G26/><T9/><D12/><U36/><E36/><V67/><F67/><W47/><G47/><T25/><D25/><U126/><E3/><V117/><F117/><W105/><G105/><T84/><D84/><U79/><E111/><V40/><F40/><W2/><G2/><T37/><D109/><U92/><E18/><N who="2" m="10447" /><F83/><W71/><G71/><T54/><D55/><U107/><REACH who="1" step="1"/><E79/><REACH who="1" ten="140,180,300,370" step="2"/><V56/><F123/><W91/><REACH who="3" step="1"/><G74/><REACH who="3" ten="140,180,300,360" step="2"/><T43/><REACH who="0" step="1"/><D54/><AGARI ba="0,2" hai="44,49,54,82,86,88,89,92,98,106,107,124,125,126" machi="54" ten="40,8000,1" yaku="1,1,2,1,18,1,54,1,53,0" doraHai="7" doraHaiUra="129" who="1" fromWho="0" sc="140,-80,180,100,300,0,360,0" /><INIT seed="3,0,0,2,2,72" ten="60,280,300,360" oya="3" hai0="101,7,33,67,64,9,85,86,18,77,94,127,110" hai1="76,39,84,132,47,92,34,49,27,116,15,41,25" hai2="20,8,26,0,107,78,109,56,54,19,45,115,103" hai3="17,71,29,30,4,82,87,13,37,88,36,96,95"/><W21/><G71/><T124/><D33/><U105/><E105/><V118/><F115/><W111/><G111/><T51/><D110/><U65/><E132/><V48/><F118/><W46/><G4/><T11/><D18/><U70/><E116/><V73/><F107/><W28/><REACH who="3" step="1"/><G46/><REACH who="3" ten="60,280,300,350" step="2"/><T130/><D7/><U57/><E70/><V44/><F109/><W100/><AGARI ba="0,1" hai="13,17,21,28,29,30,36,37,82,87,88,95,96,100" machi="100" ten="30,11700,0" yaku="1,1,2,1,0,1,54,1,53,0" doraHai="72" doraHaiUra="133" who="3" fromWho="3" sc="60,-39,280,-39,300,-39,350,127" /><INIT seed="3,1,0,3,2,122" ten="21,241,261,477" oya="3" hai0="88,131,104,119,107,21,17,77,58,118,120,89,8" hai1="125,91,109,127,92,9,82,86,111,64,80,72,57" hai2="93,47,115,90,105,2,135,117,74,60,103,52,133" hai3="16,126,45,108,43,53,38,78,73,124,100,37,128"/><W84/><G73/><T28/><D120/><U24/><E9/><V110/><F117/><W1/><G1/><T42/><D77/><N who="1" m="44071" /><E24/><V31/><F2/><W81/><G128/><T13/><D131/><U3/><E3/><V5/><F5/><W23/><G100/><T66/><D42/><U129/><E129/><V65/><F74/><W106/><G106/><T76/><D76/><N who="1" m="46407" /><E57/><V29/><F29/><W6/><G6/><T132/><D132/><U116/><E64/><V51/><F31/><W36/><G53/><T7/><D28/><U61/><E61/><V113/><F103/><W25/><REACH who="3" step="1"/><G108/><REACH who="3" ten="21,241,261,467" step="2"/><N who="1" m="41546" /><E116/><V10/><F110/><W121/><G121/><T32/><D118/><U26/><E26/><V101/><F133/><W83/><G83/><T99/><D119/><U0/><E0/><V62/><F135/><W102/><G102/><T69/><D7/><U22/><E22/><V85/><F101/><W27/><G27/><T75/><D21/><U114/><E114/><V46/><F115/><W20/><G20/><T34/><D34/><U79/><E79/><V63/><F113/><W59/><G59/><T33/><D33/><U97/><AGARI ba="1,1" hai="91,92,97,125,127" m="41546,46407,44071" machi="97" ten="30,12000,2" yaku="14,1,34,2,52,3" doraHai="122" who="1" fromWho="1" sc="21,-31,241,133,261,-31,467,-61" owari="-10,-51.0,374,17.0,230,-17.0,406,51.0" /></mjloggm>