<mjloggm ver="2.3"><GO type="169" lobby="0"/><UN n0="%4A%4F%4A%4F%31%39%38%35" n1="%E3%82%A6%E3%82%A3%E3%83%B3%44" n2="%E3%82%BF%E3%83%9E%E3%83%8D%E3%82%AE" n3="%E3%81%B5%E3%82%86%E4%BD%91" dan="16,16,17,16" rate="2107.57,2170.49,2130.46,2136.81" sx="M,M,M,M"/><TAIKYOKU oya="0"/><INIT seed="0,0,0,5,4,123" ten="250,250,250,250" oya="0" hai0="77,36,92,124,8,74,134,125,48,53,26,54,127" hai1="35,117,49,98,22,11,65,44,61,85,6,18,55" hai2="133,15,52,118,12,57,0,9,97,103,126,99,107" hai3="21,16,29,109,114,1,42,13,28,70,91,108,101"/><T135/><D36/><U37/><E117/><V3/><F118/><W120/><G70/><T7/><D74/><U104/><E35/><V82/><F126/><W79/><G114/><T51/><D77/><U47/><E104/><V14/><F133/><N who="0" m="50698" /><D92/><U59/><E98/><V19/><F97/><W58/><G79/><T71/><D26/><U10/><E6/><V43/><F43/><W116/><G116/><T86/><D86/><U24/><E44/><V62/><REACH who="2" step="1"/><F82/><REACH who="2" ten="250,250,240,250" step="2"/><W132/><G132/><T96/><D96/><U63/><E37/><V90/><F90/><W76/><G42/><T30/><D71/><U88/><REACH who="1" step="1"/><E63/><REACH who="1" ten="250,240,240,250" step="2"/><V32/><F32/><W130/><G120/><T75/><D124/><U64/><E64/><V111/><F111/><W129/><G109/><T72/><D125/><U94/><AGARI ba="0,2" hai="10,11,18,22,24,47,49,55,59,61,65,85,88,94" machi="94" ten="20,8000,1" yaku="1,1,0,1,7,1,8,1,54,1,53,0" doraHai="123" doraHaiUra="25" who="1" fromWho="1" sc="250,-40,240,100,240,-20,250,-20" /><INIT seed="1,0,0,5,2,30" ten="210,340,220,230" oya="1" hai0="95,84,100,115,65,107,99,76,10,56,3,125,18" hai1="31,43,62,97,22,79,80,90,105,92,21,52,35" hai2="58,124,16,67,94,93,46,64,119,54,71,12,33" hai3="118,101,61,112,72,66,27,24,13,39,123,19,108"/><U0/><E105/><V116/><F124/><W81/><G123/><T34/><D115/><U126/><E0/><V130/><F130/><W5/><G112/><T135/><D125/><U88/><E126/><V29/><F46/><W49/><G39/><T23/><D135/><U77/><E43/><V96/><F116/><W40/><G108/><T113/><D113/><U128/><E128/><V82/><F82/><W45/><G5/><T70/><D70/><U78/><E35/><V2/><F2/><W50/><G101/><T122/><D122/><U9/><E9/><V25/><F119/><W104/><G104/><T129/><D129/><U103/><E31/><V87/><F87/><W68/><G118/><T131/><D34/><U63/><E63/><V32/><F32/><W73/><G50/><T14/><D56/><N who="1" m="35079" /><E80/><V20/><F71/><W106/><G106/><T51/><D51/><U121/><E121/><V102/><REACH who="2" step="1"/><F93/><REACH who="2" ten="210,340,210,230" step="2"/><W17/><G81/><T4/><D131/><U85/><E85/><V60/><AGARI ba="0,1" hai="12,16,20,25,29,33,54,58,60,64,67,94,96,102" machi="60" ten="20,12000,2" yaku="1,1,2,1,0,1,7,1,52,1,54,1,53,1" doraHai="30" doraHaiUra="28" who="2" fromWho="2" sc="210,-30,340,-60,210,130,230,-30" /><INIT seed="2,0,0,0,3,74" ten="180,280,340,200" oya="2" hai0="61,19,66,39,55,115,68,128,127,78,113,77,14" hai1="60,132,1,67,69,84,70,112,43,2,105,46,91" hai2="44,108,79,87,129,106,59,10,130,18,16,9,64" hai3="96,111,13,31,125,40,94,82,29,21,126,110,17"/><V118/><F118/><W89/><G40/><T22/><D39/><U25/><E112/><V75/><F75/><W119/><G119/><T20/><D127/><U8/><E105/><V90/><F106/><W99/><G99/><T85/><D128/><N who="2" m="49258" /><F44/><W81/><G81/><T35/><D35/><U47/><E70/><V120/><F120/><W23/><G82/><T93/><D55/><U72/><E72/><V135/><F135/><W15/><G31/><T114/><REACH who="0" step="1"/><D20/><REACH who="0" ten="170,280,340,200" step="2"/><U109/><E132/><V42/><F42/><W102/><G126/><T45/><D45/><U117/><E47/><V98/><F64/><W104/><G125/><T32/><D32/><U41/><E41/><V92/><F108/><W122/><G122/><T83/><D83/><U71/><E46/><V27/><F9/><W97/><REACH who="3" step="1"/><G15/><REACH who="3" ten="170,280,340,190" step="2"/><T80/><D80/><U12/><E12/><N who="2" m="7191" /><F27/><AGARI ba="0,2" hai="13,17,21,23,27,29,89,94,96,97,102,104,110,111" machi="27" ten="40,1300,0" yaku="1,1,53,0" doraHai="74" doraHaiUra="7" who="3" fromWho="2" sc="170,0,280,0,340,-13,190,33" /><INIT seed="3,0,0,3,1,41" ten="170,280,327,223" oya="3" hai0="3,11,61,59,78,31,52,55,64,67,88,44,1" hai1="16,107,62,20,32,65,91,123,30,80,110,108,115" hai2="122,47,39,132,89,129,29,21,118,23,70,17,134" hai3="15,33,7,90,94,74,133,92,60,101,105,112,130"/><W40/><G112/><T34/><D78/><U2/><E123/><V131/><F118/><W119/><G119/><T81/><D34/><U135/><E2/><V66/><F122/><W49/><G33/><T10/><D31/><U87/><E115/><V69/><F29/><W103/><G130/><N who="2" m="49673" /><F89/><W46/><G74/><T71/><D1/><U128/><E128/><V24/><F23/><W113/><G113/><T54/><D3/><U42/><E107/><V82/><F82/><W95/><G133/><N who="2" m="51305" /><F66/><N who="0" m="25130" /><D71/><N who="2" m="27146" /><F39/><W26/><G105/><T85/><D55/><U57/><E135/><V79/><F79/><W13/><G90/><T14/><D14/><N who="3" m="5129" /><G26/><T111/><D111/><U83/><E32/><V102/><F102/><W100/><G7/><T84/><D85/><U86/><E30/><V9/><F9/><W109/><G109/><T77/><D77/><U99/><E110/><V126/><F126/><W38/><G38/><T43/><D43/><U117/><E42/><V114/><F114/><W73/><G73/><T93/><D81/><N who="1" m="31307" /><E117/><V50/><F50/><AGARI ba="0,0" hai="10,11,44,50,52,54,59,61,84,88,93" m="25130" machi="50" ten="30,7700,0" yaku="8,1,52,1,54,2" doraHai="41" who="0" fromWho="2" sc="170,77,280,0,327,-77,223,0" /><INIT seed="4,0,0,0,3,86" ten="247,280,250,223" oya="0" hai0="42,78,76,122,45,108,60,3,81,11,58,29,12" hai1="119,20,43,120,98,46,36,83,67,79,99,115,6" hai2="24,132,131,91,118,87,109,106,26,126,90,21,63" hai3="88,111,124,27,135,55,16,40,105,61,37,96,94"/><T112/><D122/><U39/><E119/><V5/><F109/><W4/><G111/><T80/><D108/><U93/><E120/><V15/><F106/><W66/><G135/><T41/><D112/><U51/><E115/><V14/><F132/><W17/><G124/><T129/><D129/><U73/><E67/><V25/><F126/><W92/><G105/><T123/><D123/><U107/><E6/><V52/><F131/><W22/><G4/><T54/><D29/><U77/><E77/><V117/><F87/><W97/><G37/><T47/><D3/><U68/><E68/><V23/><F5/><W103/><G40/><T65/><D65/><U84/><E99/><V19/><F15/><W30/><G55/><T53/><D12/><U116/><E116/><N who="2" m="44651" /><F23/><W49/><G49/><T72/><D11/><U74/><E20/><V7/><F7/><W113/><G113/><T128/><D128/><U89/><REACH who="1" step="1"/><E74/><REACH who="1" ten="247,270,250,223" step="2"/><V121/><F121/><W110/><G110/><T33/><D33/><U57/><E57/><AGARI ba="0,1" hai="14,19,21,24,25,26,52,57,63,90,91" m="44651" machi="57" ten="30,7700,0" yaku="12,1,52,2,54,1" doraHai="86" who="2" fromWho="1" sc="247,0,270,-77,250,87,223,0" /><AGARI ba="0,0" hai="16,17,22,27,30,57,61,66,88,92,94,96,97,103" machi="57" ten="30,12000,2" yaku="7,1,25,2,8,1,52,1,54,2" doraHai="86" who="3" fromWho="1" sc="247,0,193,-120,337,0,223,120" /><INIT seed="5,0,0,4,4,85" ten="247,73,337,343" oya="1" hai0="22,78,114,118,72,48,134,58,121,133,6,87,0" hai1="55,101,34,84,135,90,62,76,9,132,60,130,115" hai2="79,20,91,64,59,131,3,12,80,30,86,66,10" hai3="110,27,56,45,119,71,35,39,32,99,95,82,37"/><U105/><E34/><V14/><F131/><W75/><G71/><T1/><D118/><U44/><E130/><V57/><F3/><W107/><G110/><T69/><D69/><U81/><E115/><V67/><F79/><W104/><G119/><T109/><D109/><U49/><E101/><V17/><REACH who="2" step="1"/><F30/><REACH who="2" ten="247,73,327,343" step="2"/><W117/><G117/><T19/><D0/><U100/><E76/><V61/><F61/><W13/><G107/><T96/><D1/><U8/><E105/><V116/><F116/><W126/><G104/><T52/><D78/><U127/><E127/><V24/><F24/><W18/><G27/><T47/><D114/><U11/><REACH who="1" step="1"/><E100/><REACH who="1" ten="247,63,327,343" step="2"/><V51/><F51/><W25/><G126/><T113/><D113/><U112/><E112/><V42/><F42/><W28/><G39/><T94/><D48/><U102/><E102/><V73/><F73/><W128/><G75/><T97/><D72/><U108/><E108/><V41/><F41/><W74/><G74/><T93/><D133/><AGARI ba="0,2" hai="8,9,11,44,49,55,60,62,81,84,90,132,133,135" machi="133" ten="40,18000,2" yaku="1,1,20,1,52,1,53,3" doraHai="85" doraHaiUra="129" who="1" fromWho="0" sc="247,-180,63,200,327,0,343,0" /><INIT seed="5,1,0,1,1,1" ten="67,263,327,343" oya="1" hai0="20,106,125,18,131,118,73,80,79,119,110,5,105" hai1="88,45,66,49,25,113,33,85,77,123,127,63,133" hai2="17,115,122,114,56,95,93,121,2,78,48,70,7" hai3="29,111,61,94,31,58,51,103,129,30,81,47,97"/><U50/><E123/><N who="2" m="47115" /><F70/><W98/><G129/><T126/><D110/><U68/><E113/><N who="2" m="43019" /><F78/><W107/><G111/><T75/><D5/><U38/><E127/><N who="0" m="48649" /><D18/><U120/><E133/><V39/><F39/><W28/><N who="3" m="7168" /><DORA hai="26" /><W44/><G81/><N who="0" m="45295" /><D20/><U55/><E33/><V74/><F74/><W82/><G82/><T60/><D60/><U3/><E25/><V59/><F17/><W0/><G0/><T84/><D75/><U53/><E3/><V54/><F56/><W4/><G4/><T8/><D8/><AGARI ba="1,0" hai="2,7,8,48,54,59,93,95" m="43019,47115" machi="8" ten="30,3900,0" yaku="15,1,11,1,52,1" doraHai="1,26" who="2" fromWho="0" sc="67,-42,263,0,327,42,343,0" /><INIT seed="6,0,0,3,1,124" ten="25,263,369,343" oya="2" hai0="134,7,28,48,65,29,4,9,23,86,62,130,105" hai1="43,13,126,39,60,99,95,89,98,113,122,18,36" hai2="11,21,40,38,19,6,56,2,41,20,128,5,94" hai3="27,84,67,133,72,61,77,57,31,30,125,100,127"/><V37/><F128/><W87/><G133/><T1/><D105/><U34/><E126/><N who="3" m="48138" /><G100/><T135/><D7/><U14/><E113/><V44/><F5/><W91/><G91/><T63/><D48/><U75/><E122/><V68/><F68/><W110/><G110/><T115/><D115/><U106/><E75/><V97/><F56/><W16/><G16/><T121/><D121/><U47/><E34/><V8/><F8/><W88/><G88/><T107/><D107/><U123/><E123/><V10/><F10/><W111/><G111/><T58/><D86/><N who="3" m="32809" /><G27/><T92/><D92/><U131/><E60/><V71/><F71/><W108/><G108/><T78/><D78/><U50/><E131/><V73/><F19/><W33/><G33/><T119/><D119/><U104/><E14/><V129/><F129/><W80/><AGARI ba="0,0" hai="30,31,57,61,67,72,77,80" m="32809,48138" machi="80" ten="30,1100,0" yaku="18,1" doraHai="124" who="3" fromWho="3" sc="25,-3,263,-3,369,-5,343,11" /><INIT seed="7,0,0,4,3,20" ten="22,260,364,354" oya="3" hai0="116,104,51,122,91,132,36,107,114,60,102,16,77" hai1="17,105,100,135,5,41,120,108,95,54,12,85,1" hai2="125,74,84,64,121,81,46,96,87,97,48,83,76" hai3="40,93,65,130,79,90,3,33,10,38,28,86,18"/><W37/><G130/><T44/><D116/><U31/><E135/><V2/><F2/><W127/><G127/><T109/><D122/><U112/><E112/><V131/><F74/><W113/><G113/><T30/><D109/><U103/><E120/><V55/><F121/><W89/><G65/><T14/><D114/><U133/><E133/><V43/><F131/><W11/><G79/><T45/><D132/><U42/><E108/><V19/><F125/><W72/><G72/><T53/><D77/><U106/><E1/><V58/><F64/><W88/><G3/><T52/><D102/><U23/><E5/><V47/><F19/><W50/><G37/><T111/><D111/><U94/><E106/><V29/><F29/><W26/><G38/><T24/><D91/><U118/><E105/><V25/><F25/><W21/><G33/><T128/><D128/><U117/><E117/><V99/><F43/><W69/><G69/><T7/><D7/><U126/><E118/><V32/><F32/><W39/><G39/><T129/><D129/><U13/><E126/><V80/><F80/><N who="3" m="49223" /><G28/><T124/><D124/><U15/><E31/><V66/><F66/><W92/><G89/><AGARI ba="0,0" hai="46,47,48,55,58,76,81,83,84,87,89,96,97,99" machi="89" ten="40,1300,0" yaku="8,1" doraHai="20" who="2" fromWho="3" sc="22,0,260,0,364,13,354,-13" owari="22,-48.0,260,-14.0,377,48.0,341,14.0" /></mjloggm>