<mjloggm ver="2.3"><GO type="169" lobby="0"/><UN n0="%E8%BC%9D%E5%A4%9C%E6%9C%88" n1="%E3%81%BF%E3%82%84%E3%81%B3%40%E6%9D%B1%E9%A2%A8" n2="%53%2E%52" n3="%48%49%42%49%4B%49%4E" dan="18,16,16,17" rate="2183.20,2129.09,2120.54,2175.67" sx="F,M,M,M"/><TAIKYOKU oya="0"/><INIT seed="0,0,0,4,3,116" ten="250,250,250,250" oya="0" hai0="97,125,108,119,103,61,71,51,88,17,64,54,24" hai1="127,34,30,2,7,58,90,106,89,96,39,11,6" hai2="70,42,72,128,135,14,63,82,98,46,4,62,73" hai3="8,121,38,43,130,126,37,68,78,60,16,111,129"/><T84/><D125/><U45/><E127/><V67/><F63/><W56/><G126/><T99/><D119/><U59/><E34/><V10/><F135/><W93/><G68/><T122/><D108/><U87/><E30/><V12/><F128/><N who="3" m="49259" /><G43/><T55/><D122/><U91/><E6/><V28/><F28/><W31/><G31/><T36/><D36/><U109/><E109/><V29/><F29/><W50/><G50/><T69/><D69/><U52/><E39/><V76/><F98/><W102/><G78/><T18/><D24/><U13/><E2/><V123/><F123/><W35/><G35/><T5/><D5/><U65/><E65/><V57/><F70/><W95/><G95/><T49/><D49/><U104/><E87/><V1/><REACH who="2" step="1"/><F72/><REACH who="2" ten="250,250,240,250" step="2"/><W132/><G121/><T118/><D118/><U27/><E96/><V120/><F120/><W23/><G132/><T33/><D33/><U85/><E85/><V80/><F80/><W112/><G111/><T26/><D99/><U86/><E86/><V25/><F25/><W94/><G112/><T117/><D117/><U79/><E79/><V66/><F66/><W105/><G105/><N who="0" m="63727" /><D26/><U3/><E27/><V110/><F110/><W32/><G32/><T19/><D51/><AGARI ba="0,1" hai="1,4,10,12,14,42,46,51,57,62,67,73,76,82" machi="51" ten="30,2000,0" yaku="1,1,7,1,53,0" doraHai="116" doraHaiUra="81" who="2" fromWho="0" sc="250,-20,250,0,240,30,250,0" /><INIT seed="1,0,0,3,3,39" ten="230,250,270,250" oya="1" hai0="71,33,36,55,116,23,40,135,115,57,6,127,44" hai1="74,90,1,18,103,47,122,38,3,80,83,68,35" hai2="2,0,17,123,131,91,21,95,34,46,76,41,112" hai3="70,20,111,52,82,130,97,75,114,66,119,72,92"/><U14/><E122/><V100/><F123/><W13/><G111/><T117/><D33/><U93/><E68/><V43/><F34/><W24/><G114/><T30/><D115/><U85/><E35/><V59/><F112/><W89/><G130/><T9/><D135/><U81/><E74/><V29/><F131/><W67/><G70/><T64/><D127/><U86/><E103/><V12/><F29/><W54/><G13/><T10/><D23/><U50/><E38/><V4/><F100/><W53/><G119/><T69/><D30/><U132/><E132/><V48/><F76/><W11/><G11/><T87/><D87/><U26/><E26/><N who="2" m="14639" /><F0/><W49/><G49/><T101/><D101/><U133/><E133/><V79/><F79/><W126/><G126/><T27/><D27/><U109/><E109/><V15/><F2/><W5/><G5/><T129/><D129/><U42/><REACH who="1" step="1"/><E85/><REACH who="1" ten="230,240,270,250" step="2"/><N who="2" m="52719" /><F15/><W32/><G32/><T61/><D71/><U7/><E7/><V22/><F4/><W118/><G72/><T102/><D102/><U51/><E51/><V105/><F12/><W84/><G75/><T94/><D6/><U125/><E125/><V106/><F105/><W37/><G37/><T110/><D110/><U128/><E128/><V96/><F106/><W120/><G120/><T31/><D117/><U124/><E124/><V78/><F96/><W73/><G73/><T8/><D116/><U19/><E19/><V121/><F121/><W60/><G118/><T63/><D31/><U108/><E108/><V56/><F48/><W98/><G98/><T77/><D36/><RYUUKYOKU ba="0,1" sc="230,-10,240,30,270,-10,250,-10" hai1="1,3,14,18,42,47,50,80,81,83,86,90,93" /><INIT seed="1,1,1,3,5,0" ten="220,270,260,240" oya="1" hai0="59,85,123,108,111,112,86,79,55,126,25,125,22" hai1="61,130,135,28,45,41,94,118,35,7,97,134,46" hai2="37,124,91,102,30,132,66,119,5,72,115,116,47" hai3="6,105,77,40,75,19,13,70,51,8,67,82,69"/><U87/><E118/><V106/><F72/><W101/><G67/><T27/><D112/><U10/><E130/><V48/><F115/><W129/><G129/><T68/><D68/><U26/><E61/><V39/><F66/><W81/><G81/><N who="0" m="47295" /><D86/><U110/><E87/><V20/><F132/><N who="1" m="50729" /><E110/><N who="0" m="42025" /><D123/><U53/><E53/><V63/><F63/><W100/><G105/><T113/><D113/><U84/><E84/><V83/><F124/><N who="0" m="47722" /><D22/><U33/><E33/><V56/><F83/><W2/><G69/><T34/><D34/><U57/><E57/><V50/><F56/><W131/><G70/><T122/><D122/><U76/><E76/><V78/><F78/><W52/><G131/><T12/><D12/><N who="1" m="5215" /><E41/><V89/><F47/><W73/><G40/><T44/><D44/><U32/><E32/><V14/><F39/><W120/><G120/><T117/><D117/><U21/><E35/><V31/><F37/><W71/><G71/><T64/><D64/><U1/><E1/><V88/><F50/><AGARI ba="1,1" hai="25,27,50,55,59" m="47722,42025,47295" machi="50" ten="30,2000,0" yaku="14,1,18,1" doraHai="0" who="0" fromWho="2" sc="220,33,270,0,260,-23,240,0" /><INIT seed="2,0,0,1,2,80" ten="253,270,237,240" oya="2" hai0="64,86,131,72,77,99,118,56,73,28,102,114,59" hai1="61,6,36,111,129,90,29,19,8,38,96,116,2" hai2="133,3,51,21,37,1,14,5,4,120,113,110,43" hai3="17,11,50,106,18,123,79,48,121,42,132,115,81"/><V105/><F37/><W83/><G106/><T127/><D114/><U89/><E116/><V88/><F105/><W16/><G132/><T22/><D118/><U93/><E111/><V69/><F69/><W126/><G126/><T55/><D127/><U53/><E129/><V75/><F75/><W45/><G115/><T24/><D131/><U119/><E119/><V33/><F113/><W57/><G11/><T32/><D32/><U85/><E29/><V10/><F43/><W108/><G108/><T128/><D128/><U104/><E19/><N who="2" m="10487" /><F51/><W44/><G57/><T78/><D59/><U25/><E104/><V63/><F63/><W15/><G15/><T122/><D122/><U112/><E112/><V62/><F62/><W70/><G83/><T47/><D47/><U49/><E61/><V0/><F88/><W12/><G12/><T124/><D124/><U23/><E25/><V98/><F98/><W125/><G70/><T40/><D99/><U97/><E97/><V46/><F46/><W84/><REACH who="3" step="1"/><G125/><REACH who="3" ten="253,270,237,230" step="2"/><T117/><D56/><U107/><E107/><V65/><F110/><W92/><G92/><T71/><D71/><U7/><E8/><N who="2" m="2055" /><F133/><W101/><G101/><T100/><D102/><U30/><E93/><V41/><F120/><W91/><G91/><T26/><D100/><U82/><E90/><V31/><F65/><W94/><G94/><T34/><D64/><U52/><E89/><V67/><F67/><W87/><G87/><T54/><D86/><U130/><E85/><V58/><F58/><W68/><G68/><T66/><D117/><U20/><E82/><RYUUKYOKU ba="0,1" sc="253,-10,270,-10,237,-10,230,30" hai3="16,17,18,42,44,45,48,50,79,81,84,121,123" /><INIT seed="3,1,1,3,0,5" ten="243,260,227,260" oya="3" hai0="105,87,75,8,68,26,135,108,125,24,21,93,22" hai1="98,107,92,44,110,31,124,36,33,112,46,73,55" hai2="16,88,111,104,30,53,12,60,102,95,40,127,106" hai3="76,15,37,1,82,66,47,79,122,115,118,103,130"/><W113/><G122/><T78/><D68/><U65/><E112/><V9/><F127/><W114/><G118/><T18/><D125/><U94/><E124/><V10/><F106/><W117/><G117/><T25/><D105/><U19/><E73/><V6/><F104/><W39/><G76/><T11/><D108/><U2/><E110/><V128/><F111/><W72/><G15/><T126/><D126/><U71/><E2/><V43/><F102/><W109/><G109/><T90/><D135/><U77/><E77/><V58/><F30/><W59/><G103/><T101/><D101/><U97/><E19/><V45/><F128/><W67/><G130/><T86/><D75/><U34/><E107/><V14/><F45/><W85/><G85/><AGARI ba="1,1" hai="6,9,10,12,14,16,40,43,53,58,60,85,88,95" machi="85" ten="30,12000,2" yaku="7,1,8,1,52,2,54,2" doraHai="5" who="2" fromWho="3" sc="243,0,260,0,227,133,260,-123" /><INIT seed="4,0,0,5,0,117" ten="243,260,360,137" oya="0" hai0="7,10,30,42,17,2,100,104,1,84,88,124,134" hai1="81,120,105,15,14,122,19,26,32,91,60,68,86" hai2="54,0,101,24,36,50,128,77,82,27,85,129,28" hai3="49,64,33,127,41,126,40,71,3,112,103,47,131"/><T61/><D134/><U110/><E110/><V55/><F0/><W135/><G33/><T9/><D124/><N who="3" m="47657" /><G3/><T51/><D30/><U62/><E105/><V130/><F36/><W37/><G103/><T118/><D118/><U116/><E116/><V38/><F38/><W90/><G90/><T108/><D108/><U20/><E60/><V21/><F101/><W96/><G96/><T67/><D17/><U46/><E46/><V114/><F114/><W83/><G83/><T8/><D1/><U58/><E68/><V34/><REACH who="2" step="1"/><F50/><REACH who="2" ten="243,260,350,137" step="2"/><W98/><G135/><T6/><D2/><U87/><E14/><V69/><F69/><W95/><G112/><T43/><D100/><U56/><E56/><V125/><F125/><W70/><G37/><T119/><D119/><U5/><E5/><V80/><F80/><W133/><G70/><T65/><D51/><U79/><E15/><V109/><F109/><W111/><G111/><T73/><D6/><U25/><E25/><V57/><F57/><W11/><G133/><T63/><D7/><U107/><E107/><V75/><F75/><W44/><G49/><T89/><D73/><U72/><E72/><V92/><F92/><W12/><G71/><T99/><D104/><U23/><E81/><V53/><F53/><W31/><G64/><N who="0" m="24651" /><D63/><U22/><E62/><V74/><F74/><W121/><G95/><N who="0" m="56807" /><D61/><U76/><E58/><V16/><AGARI ba="0,1" hai="16,21,24,27,28,34,54,55,77,82,85,128,129,130" machi="16" ten="30,7900,0" yaku="1,1,0,1,19,1,54,1,53,0" doraHai="117" doraHaiUra="52" who="2" fromWho="2" sc="243,-39,260,-20,350,89,137,-20" /><INIT seed="5,0,0,3,3,42" ten="204,240,439,117" oya="1" hai0="30,127,8,14,9,53,90,33,91,13,55,71,134" hai1="92,108,77,118,112,17,87,7,6,18,117,20,103" hai2="60,31,39,130,56,35,45,25,32,12,135,124,131" hai3="27,62,111,36,50,74,2,46,65,78,125,70,68"/><U44/><E112/><V15/><F124/><W128/><G111/><T5/><D71/><U22/><E108/><V67/><F35/><W115/><G115/><T76/><D127/><U38/><E103/><V106/><F106/><W63/><G125/><T119/><D119/><U23/><E77/><V54/><F135/><W116/><G27/><T89/><D134/><U57/><E57/><V64/><F67/><N who="3" m="41079" /><G116/><T84/><D33/><U75/><E75/><V48/><F39/><W100/><G100/><T120/><D30/><U16/><E118/><V19/><REACH who="2" step="1"/><F12/><REACH who="2" ten="204,240,429,117" step="2"/><W105/><G105/><T58/><D120/><U37/><E117/><V132/><F132/><W104/><G104/><T85/><D14/><U95/><E38/><V107/><F107/><W4/><G128/><T59/><D13/><U113/><E113/><V99/><F99/><W69/><G69/><T47/><D9/><AGARI ba="0,1" hai="9,15,19,25,31,32,45,48,54,56,60,64,130,131" machi="9" ten="40,5200,0" yaku="1,1,52,1,53,1" doraHai="42" doraHaiUra="41" who="2" fromWho="0" sc="204,-52,240,0,429,62,117,0" /><INIT seed="6,0,0,5,3,90" ten="152,240,491,117" oya="2" hai0="134,35,60,1,129,5,42,18,15,49,27,133,26" hai1="36,23,34,62,125,130,124,86,9,80,108,87,100" hai2="6,114,50,45,127,66,32,7,79,61,28,88,31" hai3="44,95,110,89,82,117,4,131,52,71,51,20,59"/><V91/><F114/><W120/><G110/><T109/><D109/><U0/><E108/><V72/><F127/><W97/><G71/><T103/><D129/><U12/><E36/><V21/><F32/><W99/><G120/><T8/><D103/><U17/><E130/><V22/><F72/><W106/><G117/><T58/><D42/><U2/><E100/><V132/><F79/><W77/><G4/><T115/><D115/><U111/><E111/><V53/><F132/><N who="0" m="50794" /><D49/><U73/><E62/><V84/><F91/><W13/><G131/><T55/><D35/><U122/><E122/><V43/><F43/><W126/><G126/><T68/><D68/><U3/><E34/><V96/><F96/><W67/><G106/><T56/><D56/><U135/><E135/><V76/><F76/><W24/><G13/><T63/><D63/><U41/><E41/><V98/><F98/><N who="3" m="57711" /><G82/><T128/><D128/><U57/><E125/><V69/><F7/><W113/><G77/><T116/><D116/><U102/><E124/><V118/><F6/><W16/><G113/><T123/><D123/><U94/><E102/><V85/><F85/><W37/><G37/><T11/><AGARI ba="0,0" hai="1,5,8,11,15,18,26,27,55,58,60" m="50794" machi="11" ten="30,1100,0" yaku="20,1" doraHai="90" who="0" fromWho="0" sc="152,11,240,-3,491,-5,117,-3" /><INIT seed="7,0,0,3,1,110" ten="163,237,486,114" oya="3" hai0="118,53,90,97,46,82,89,5,33,72,115,112,103" hai1="99,47,0,80,100,91,37,75,49,60,50,29,133" hai2="41,22,122,31,71,51,131,40,111,61,1,30,7" hai3="106,23,93,79,119,27,92,34,125,9,70,74,85"/><W94/><G119/><T17/><D33/><U95/><E0/><V4/><F111/><W12/><G70/><T123/><D118/><U58/><E133/><V26/><F31/><W73/><G106/><T15/><D123/><U62/><E29/><V116/><F116/><W63/><G34/><T135/><D5/><U102/><E37/><V120/><F131/><W19/><G125/><T16/><D135/><U39/><E39/><V126/><F126/><W6/><REACH who="3" step="1"/><G63/><REACH who="3" ten="163,237,486,104" step="2"/><T66/><D115/><U18/><E62/><V42/><F71/><W10/><G10/><T54/><D112/><U2/><E60/><V20/><F61/><W68/><G68/><T52/><D66/><U48/><E58/><V57/><F57/><W84/><G84/><T88/><D72/><U121/><E75/><V38/><F122/><W43/><G43/><T78/><D46/><U44/><E121/><V83/><F120/><W113/><G113/><T21/><D17/><U14/><E47/><V67/><F38/><W117/><G117/><T25/><D25/><U86/><E44/><V109/><F67/><W28/><G28/><T98/><D103/><U87/><E87/><V36/><F109/><W129/><G129/><T96/><D78/><U107/><E102/><V3/><F36/><W56/><G56/><T81/><AGARI ba="0,1" hai="15,16,21,52,53,54,81,82,88,89,90,96,97,98" machi="81" ten="40,12000,2" yaku="0,1,29,2,8,1,54,3" doraHai="110" who="0" fromWho="0" sc="163,130,237,-30,486,-30,104,-60" owari="293,9.0,207,-19.0,456,56.0,44,-46.0" /></mjloggm>