<mjloggm ver="2.3"><GO type="185" lobby="0"/><UN n0="%79%61%73%73%61%6E" n1="%E3%81%91%E3%82%93%E3%81%97%E3%82%8D%E3%83%BC%E3%83%BC%E3%82%8D" n2="%E8%90%AC%E6%81%8B%E6%AC%A1%E9%83%8E" n3="" dan="16,16,17,0" rate="2194.32,2053.41,2279.61,1500.00" sx="M,M,M,C"/><TAIKYOKU oya="0"/><INIT seed="0,0,0,2,3,121" ten="350,350,350,0" oya="0" hai0="106,92,93,101,86,64,122,96,130,128,52,133,1" hai1="120,67,99,85,63,45,51,37,105,76,2,34,49" hai2="127,60,38,97,72,113,90,118,116,79,61,70,35" hai3=""/><T41/><N who="0" m="31264" /><T103/><D1/><U48/><N who="1" m="30752" /><U135/><E34/><V57/><F35/><T108/><D41/><U110/><E2/><V117/><F113/><T125/><D64/><U47/><E110/><V126/><F38/><T73/><D73/><U119/><E135/><V62/><F70/><T95/><D95/><U134/><E119/><V94/><F57/><T65/><D65/><U74/><E74/><V32/><F32/><T78/><D52/><U44/><E134/><V111/><F72/><T124/><D133/><U81/><E99/><V56/><F56/><T55/><D55/><U91/><E105/><V50/><F50/><T80/><D108/><U43/><REACH who="1" step="1"/><E76/><REACH who="1" ten="350,340,350,0" step="2"/><V83/><F111/><T0/><D0/><U132/><E132/><V33/><F33/><T123/><N who="0" m="31520" /><T100/><D106/><U112/><E112/><V98/><F97/><T3/><D3/><U129/><E129/><N who="0" m="49769" /><D93/><U66/><E66/><V89/><F94/><T46/><D46/><U68/><AGARI ba="0,1" hai="37,43,44,45,47,48,49,51,63,67,68,81,85,91" m="30752" machi="68" ten="30,3000,0" yaku="1,1,0,1,52,1,53,0" doraHai="121" doraHaiUra="115" who="1" fromWho="1" sc="350,-20,340,40,350,-10,0,0" /><INIT seed="1,0,0,5,4,47" ten="330,380,340,0" oya="1" hai0="65,49,133,127,34,130,68,52,42,116,107,89,3" hai1="78,88,105,115,134,108,76,55,114,125,100,66,80" hai2="110,77,86,91,54,37,98,112,38,51,96,59,90" hai3=""/><U40/><E125/><V95/><F112/><T71/><D34/><U35/><E35/><V129/><F129/><T106/><D3/><U135/><E66/><V92/><F110/><T118/><D130/><U69/><E69/><V102/><REACH who="2" step="1"/><F77/><REACH who="2" ten="330,380,330,0" step="2"/><T72/><D127/><U39/><E115/><V36/><F36/><T97/><D118/><U124/><E114/><V81/><AGARI ba="0,1" hai="37,38,51,54,59,81,86,90,91,92,95,96,98,102" machi="81" ten="20,3900,0" yaku="1,1,0,1,7,1,52,1,53,0" doraHai="47" doraHaiUra="104" who="2" fromWho="2" sc="330,-13,380,-26,330,49,0,0" /><INIT seed="2,0,0,0,5,71" ten="317,354,379,0" oya="2" hai0="44,69,122,103,116,112,98,35,41,57,40,38,91" hai1="109,130,99,50,46,1,49,100,87,33,70,106,82" hai2="93,0,133,42,85,92,111,62,97,74,120,83,66" hai3=""/><V88/><N who="2" m="30752" /><V32/><F0/><T119/><N who="0" m="31264" /><T39/><D35/><U89/><E33/><V53/><F32/><T52/><D69/><U101/><E1/><V64/><F133/><T135/><D135/><U86/><E130/><V34/><F34/><T118/><D91/><U59/><E109/><V129/><F129/><T37/><D112/><U48/><E70/><V125/><F111/><T105/><REACH who="0" step="1"/><D44/><REACH who="0" ten="307,354,379,0" step="2"/><U76/><E46/><V63/><F125/><T104/><D104/><U90/><E90/><V124/><F124/><T77/><D77/><U134/><E134/><V127/><F127/><T81/><D81/><U68/><E68/><V58/><F42/><T61/><AGARI ba="0,1" hai="37,38,39,40,41,52,57,61,98,103,105,116,118,119" m="31264" machi="61" ten="40,12000,3" yaku="1,1,0,1,52,4,54,1,53,3" doraHai="71" doraHaiUra="114" who="0" fromWho="0" sc="307,130,354,-40,379,-80,0,0" /><INIT seed="4,0,0,1,5,3" ten="437,314,299,0" oya="0" hai0="85,97,49,74,112,43,67,87,1,108,130,47,110" hai1="82,61,89,70,129,120,122,72,73,90,83,44,86" hai2="105,88,62,34,103,0,41,55,32,66,124,56,33" hai3=""/><T78/><D1/><U71/><N who="1" m="30752" /><U58/><N who="1" m="31264" /><U109/><E109/><V132/><F0/><T42/><D130/><U36/><E129/><V117/><F124/><T135/><D135/><U92/><E36/><V127/><F127/><T111/><D112/><U48/><E71/><V131/><F132/><T77/><D67/><U134/><E70/><V96/><F131/><T99/><D74/><U101/><E101/><V119/><F41/><N who="0" m="15370" /><D49/><U123/><N who="1" m="31520" /><U133/><E133/><V100/><F100/><T98/><D47/><U57/><E134/><V95/><REACH who="2" step="1"/><F66/><REACH who="2" ten="437,314,289,0" step="2"/><T59/><D59/><U80/><E73/><V84/><AGARI ba="0,1" hai="32,33,34,55,56,62,84,88,95,96,103,105,117,119" machi="84" ten="40,12000,3" yaku="1,1,2,1,0,1,52,3,54,1,53,2" doraHai="3" doraHaiUra="114" who="2" fromWho="2" sc="437,-80,314,-40,289,130,0,0" /><INIT seed="5,0,0,3,5,82" ten="357,274,419,0" oya="1" hai0="100,107,61,44,89,114,34,55,37,131,88,134,121" hai1="52,39,56,49,79,38,41,97,133,109,118,92,112" hai2="96,60,78,113,124,62,102,123,77,33,120,85,64" hai3=""/><U110/><E118/><V105/><N who="2" m="30752" /><V119/><N who="2" m="31520" /><V68/><F119/><T129/><N who="0" m="31008" /><T3/><D34/><U106/><E112/><V87/><F33/><T51/><D3/><U59/><E133/><V54/><F113/><T42/><D114/><U103/><E79/><V111/><F111/><N who="1" m="42505" /><E41/><V48/><F124/><T47/><D134/><U57/><E106/><V46/><REACH who="2" step="1"/><F62/><REACH who="2" ten="357,274,409,0" step="2"/><T108/><D108/><U83/><E83/><V116/><F116/><T98/><D61/><U43/><E43/><V135/><F135/><T53/><D53/><U63/><E63/><V73/><F73/><T32/><D32/><U95/><E95/><V45/><F45/><AGARI ba="0,1" hai="38,39,45,49,52,56,57,59,92,97,103" m="42505" machi="45" ten="30,2900,0" yaku="10,1,54,1" doraHai="82" who="1" fromWho="2" sc="357,0,274,39,409,-29,0,0" /><INIT seed="5,1,0,4,3,68" ten="357,313,380,0" oya="1" hai0="104,59,87,69,131,125,75,50,48,0,63,73,133" hai1="86,123,122,82,46,130,124,113,83,71,110,128,103" hai2="43,100,97,42,33,88,45,44,61,114,85,34,70" hai3=""/><U40/><N who="1" m="31264" /><U134/><N who="1" m="31520" /><U36/><E113/><V74/><F74/><T108/><D104/><U78/><E124/><V64/><F114/><T120/><N who="0" m="30752" /><T56/><D108/><U53/><E134/><V132/><F132/><T32/><D32/><U47/><E71/><V38/><F85/><T105/><D105/><U66/><E110/><V39/><F88/><T111/><D133/><U91/><E66/><V72/><F72/><T35/><D35/><U3/><E3/><V121/><N who="2" m="31008" /><V119/><F119/><T1/><D69/><U102/><E53/><V129/><F129/><N who="1" m="49769" /><E47/><V112/><F112/><T94/><D75/><AGARI ba="1,0" hai="36,40,46,75,78,82,83,86,91,102,103" m="49769,31520,31264" machi="75" ten="30,11600,0" yaku="19,1,52,3" doraHai="68" who="1" fromWho="0" sc="357,-118,313,118,380,0,0,0" /><INIT seed="5,2,0,3,4,36" ten="239,431,380,0" oya="1" hai0="69,89,111,41,114,47,122,119,1,130,49,64,79" hai1="117,105,52,86,66,72,103,85,59,104,39,126,92" hai2="80,35,53,99,67,71,132,107,127,129,45,65,63" hai3=""/><U54/><E126/><V37/><F35/><T43/><N who="0" m="31264" /><T109/><D1/><U60/><E117/><V97/><F127/><T3/><D3/><U100/><E39/><V82/><F129/><T95/><D130/><U131/><E72/><V116/><F116/><T0/><D0/><U73/><E73/><V55/><F132/><T108/><D119/><U120/><N who="1" m="30752" /><U74/><E74/><V81/><F65/><T38/><D79/><U40/><E40/><V50/><F107/><T98/><D114/><U102/><E131/><V57/><REACH who="2" step="1"/><F37/><REACH who="2" ten="239,431,370,0" step="2"/><T78/><D38/><U75/><E105/><V88/><F88/><T134/><D78/><U123/><E104/><V77/><F77/><T2/><D2/><U106/><E106/><V62/><AGARI ba="2,1" hai="45,50,53,55,57,62,63,67,71,80,81,82,97,99" machi="62" ten="30,3000,0" yaku="1,1,0,1,53,1" doraHai="36" doraHaiUra="44" who="2" fromWho="2" sc="239,-12,431,-22,370,44,0,0" /><INIT seed="6,0,0,1,5,108" ten="227,409,414,0" oya="2" hai0="101,119,70,121,116,133,46,3,135,97,90,79,1" hai1="82,69,55,67,62,37,94,93,126,0,47,127,76" hai2="44,102,89,103,61,33,32,88,112,120,39,129,73" hai3=""/><V38/><F61/><T54/><N who="0" m="31008" /><T40/><D70/><U111/><E0/><V59/><F59/><T131/><D131/><U49/><E111/><V68/><F68/><T53/><D90/><U64/><E64/><V132/><F44/><T80/><D54/><U95/><REACH who="1" step="1"/><E37/><REACH who="1" ten="227,399,414,0" step="2"/><V52/><F52/><T114/><D53/><U104/><E104/><V115/><F129/><T60/><D60/><U35/><E35/><V42/><F42/><T92/><D1/><U125/><E125/><V63/><F63/><T117/><D3/><U77/><E77/><V85/><F132/><T110/><D110/><U58/><E58/><V83/><F83/><T99/><D114/><U118/><E118/><V128/><F128/><T50/><REACH who="0" step="1"/><D97/><REACH who="0" ten="217,399,414,0" step="2"/><U81/><E81/><V122/><F112/><T84/><AGARI ba="0,2" hai="40,46,50,79,80,84,92,99,101,116,117,119,133,135" m="31008" machi="84" ten="40,6000,1" yaku="1,1,2,1,0,1,52,1,53,0" doraHai="108" doraHaiUra="51" who="0" fromWho="0" sc="217,80,399,-20,414,-40,0,0" /><INIT seed="8,0,0,4,5,34" ten="297,379,374,0" oya="0" hai0="36,53,114,128,79,101,104,50,62,64,77,93,74" hai1="35,75,97,127,125,63,84,39,94,81,112,123,100" hai2="0,51,55,119,96,46,1,106,91,98,70,88,118" hai3=""/><T40/><D104/><U131/><N who="1" m="31520" /><U44/><E35/><V32/><F32/><T87/><D114/><U86/><E112/><V33/><F33/><T47/><D128/><U78/><E131/><V90/><F70/><T73/><D77/><U2/><E2/><N who="2" m="1131" /><F106/><T89/><D101/><U83/><E63/><V3/><N who="2" m="1139" /><V56/><DORA hai="129" /><F56/><T120/><N who="0" m="30752" /><T113/><D113/><U95/><E39/><V71/><F71/><T103/><D103/><U80/><E44/><V60/><F60/><T54/><D79/><U69/><E69/><V115/><F115/><T117/><D117/><AGARI ba="0,0" hai="46,51,55,88,90,91,96,98,117,118,119" m="1139" machi="117" ten="50,12000,2" yaku="16,1,12,1,52,4,54,1" doraHai="34,129" who="2" fromWho="0" sc="297,-120,379,0,374,120,0,0" owari="177,-42.0,379,-2.0,494,44.0,0,0.0" /></mjloggm>