<mjloggm ver="2.3"><GO type="169" lobby="0"/><UN n0="%E9%81%8A%E8%B5%B0" n1="%EF%BC%A7%EF%BC%A1%EF%BC%AD%EF%BC%A5" n2="%4D%45%42%49%55%53" n3="%E3%82%B7%E3%83%B3%E3%83%97%E3%83%AB%E3%81%AA%E3%83%AF%E3%82%AD%E3%82%AC" dan="16,16,16,17" rate="2141.00,2064.14,2102.61,2209.13" sx="F,M,F,M"/><TAIKYOKU oya="0"/><INIT seed="0,0,0,4,3,99" ten="250,250,250,250" oya="0" hai0="85,71,80,57,46,130,81,18,31,97,12,135,127" hai1="102,49,16,56,62,129,95,92,112,104,34,119,122" hai2="41,116,70,55,89,2,43,6,128,115,66,7,58" hai3="131,5,105,117,0,59,82,38,20,109,134,44,114"/><T45/><D71/><U23/><E119/><V25/><F115/><W63/><G114/><T52/><D135/><U78/><E112/><V3/><F116/><W94/><G117/><T28/><D130/><U90/><E122/><V83/><F128/><W100/><G131/><T132/><D97/><N who="1" m="59687" /><E104/><V8/><F25/><W40/><G105/><T61/><D132/><U24/><E34/><V50/><F66/><W96/><G134/><T79/><D127/><U106/><E106/><V84/><REACH who="2" step="1"/><F70/><REACH who="2" ten="250,250,240,250" step="2"/><W4/><G109/><T27/><D31/><U110/><E129/><V1/><F1/><W39/><G0/><T26/><D26/><U48/><E110/><V47/><F47/><W91/><G38/><T67/><D67/><N who="1" m="39367" /><E78/><V118/><F118/><W19/><G91/><T37/><D37/><U35/><E35/><V103/><F103/><W108/><G108/><T107/><D107/><U9/><E9/><AGARI ba="0,1" hai="2,3,6,7,8,9,41,43,50,55,58,83,84,89" machi="9" ten="40,2600,0" yaku="1,1,9,1,53,0" doraHai="99" doraHaiUra="101" who="2" fromWho="1" sc="250,0,250,-26,240,36,250,0" /><INIT seed="1,0,0,2,1,90" ten="250,224,276,250" oya="1" hai0="65,117,37,107,22,35,106,103,1,83,26,129,109" hai1="56,119,19,42,64,27,121,114,43,112,67,85,20" hai2="99,123,38,87,48,45,51,104,80,98,33,73,68" hai3="0,105,66,132,92,23,36,69,113,8,57,70,2"/><U115/><E119/><V72/><F123/><W29/><G105/><T13/><D117/><U32/><E121/><V89/><F33/><W53/><G113/><T118/><D118/><U125/><E125/><V126/><F126/><W49/><G132/><T110/><D1/><U127/><E127/><V11/><F68/><W58/><G36/><T97/><D37/><U86/><E32/><V34/><F34/><W130/><G130/><T14/><D129/><U96/><E96/><V52/><F38/><W4/><G0/><T71/><D83/><U3/><E3/><V31/><F31/><W79/><G79/><T10/><D107/><U84/><REACH who="1" step="1"/><E56/><REACH who="1" ten="250,214,276,250" step="2"/><V111/><F99/><W95/><G58/><T59/><D59/><U93/><E93/><V63/><F98/><W122/><G122/><T18/><D35/><U135/><E135/><V133/><F104/><W94/><REACH who="3" step="1"/><G66/><AGARI ba="0,1" hai="19,20,27,42,43,64,66,67,84,85,86,112,114,115" machi="66" ten="50,2400,0" yaku="1,1,53,0" doraHai="90" doraHaiUra="55" who="1" fromWho="3" sc="250,0,214,34,276,0,250,-24" /><INIT seed="1,1,0,2,1,106" ten="250,248,276,226" oya="1" hai0="113,51,5,108,12,67,43,2,34,22,115,127,57" hai1="102,112,56,97,98,83,45,10,37,96,78,135,71" hai2="42,103,35,107,61,77,85,8,50,26,76,33,111" hai3="89,101,30,126,88,44,68,119,92,122,4,104,21"/><U69/><E112/><V66/><F111/><W93/><G122/><T48/><D108/><U58/><E102/><V80/><F26/><W16/><G68/><T91/><D127/><U63/><E135/><V128/><F128/><W47/><G126/><T59/><D34/><U134/><E134/><V114/><F114/><W13/><G104/><T6/><D2/><U1/><E37/><V99/><F76/><W100/><G119/><T38/><D91/><U118/><E45/><N who="3" m="17482" /><G30/><T36/><D22/><U84/><E118/><V53/><F42/><W109/><G109/><T31/><D12/><U14/><E56/><V23/><F8/><N who="3" m="4231" /><G93/><T133/><D133/><U55/><REACH who="1" step="1"/><E1/><REACH who="1" ten="250,238,276,226" step="2"/><V116/><F116/><W60/><G60/><T49/><D38/><U62/><E62/><V52/><F61/><W117/><G117/><T79/><D36/><U73/><E73/><V39/><F39/><W81/><G81/><T86/><D59/><U25/><E25/><V72/><F72/><W64/><G64/><T124/><D57/><U41/><E41/><V105/><F66/><W7/><G100/><T82/><D43/><U75/><E75/><V17/><F103/><W29/><G101/><T40/><D124/><U0/><E0/><V15/><F107/><W70/><G70/><T9/><D40/><U65/><E65/><V74/><F105/><W132/><G132/><T125/><D67/><U129/><E129/><V27/><F74/><W32/><G92/><T123/><D125/><U20/><E20/><V130/><F23/><W110/><G110/><T18/><D115/><U121/><E121/><RYUUKYOKU ba="1,1" sc="250,-10,238,30,276,-10,226,-10" hai1="10,14,55,58,63,69,71,78,83,84,96,97,98" /><INIT seed="1,2,1,5,2,2" ten="240,268,266,216" oya="1" hai0="7,106,33,72,87,118,44,45,46,68,84,30,73" hai1="105,39,10,109,82,50,76,88,8,134,77,14,98" hai2="61,115,38,135,12,63,3,36,32,11,40,22,43" hai3="113,27,19,114,55,130,41,133,92,18,99,34,54"/><U62/><E134/><V69/><F135/><W116/><G133/><T93/><D106/><U101/><E39/><V35/><F3/><W56/><G41/><T59/><D68/><U26/><E109/><V131/><F22/><W125/><G125/><T0/><D118/><U24/><E62/><V49/><F12/><W80/><G116/><T81/><D59/><U6/><E10/><V108/><F11/><W104/><G104/><T111/><D111/><U83/><E50/><V97/><F97/><W53/><G130/><T89/><D30/><U96/><E83/><V25/><F25/><W15/><G80/><T94/><D33/><U74/><REACH who="1" step="1"/><E77/><REACH who="1" ten="240,258,266,216" step="2"/><V20/><F49/><W65/><G114/><T112/><D112/><U75/><E75/><V13/><F108/><W57/><G113/><T16/><D81/><U60/><E60/><V66/><F61/><W47/><G65/><T29/><D73/><U5/><E5/><V129/><F63/><W90/><G47/><T31/><D72/><U85/><E85/><V58/><F66/><W52/><N who="3" m="13312" /><DORA hai="48" /><W28/><REACH who="3" step="1"/><G19/><REACH who="3" ten="240,258,266,206" step="2"/><T123/><D16/><U71/><E71/><V126/><F69/><W107/><G107/><T119/><D119/><U127/><E127/><V100/><F115/><W64/><G64/><T122/><D46/><U117/><E117/><V23/><F126/><W86/><G86/><N who="0" m="52407" /><D44/><U42/><E42/><V51/><F40/><W79/><G79/><T17/><D45/><U120/><E120/><V95/><F43/><W103/><G103/><T1/><D17/><U70/><E70/><V9/><F100/><RYUUKYOKU ba="2,3" sc="240,-15,258,15,266,-15,206,15" hai1="6,8,14,24,26,74,76,82,88,96,98,101,105" hai3="15,18,27,28,34,56,57,90,92,99" /><INIT seed="1,3,3,1,4,94" ten="225,273,251,221" oya="1" hai0="88,64,29,53,30,3,36,32,124,86,125,67,106" hai1="98,50,114,126,35,59,58,48,103,34,31,111,13" hai2="63,108,117,11,131,68,57,1,104,70,37,0,91" hai3="16,61,54,134,33,40,73,121,52,80,7,38,107"/><U41/><E114/><V5/><F117/><W92/><G121/><T130/><D130/><U2/><E2/><V14/><F131/><W97/><G107/><T65/><D106/><U24/><E35/><V112/><F112/><W83/><G33/><T90/><D3/><U110/><E13/><V39/><F108/><N who="1" m="41513" /><E126/><N who="0" m="48745" /><D36/><U23/><E23/><V25/><F104/><W128/><G128/><T82/><D32/><U120/><E120/><V56/><F25/><W10/><G134/><T102/><D102/><U15/><E15/><V129/><F129/><W127/><G127/><T84/><D53/><U101/><E41/><V135/><F14/><N who="3" m="5471" /><G73/><T75/><D75/><U71/><E71/><V133/><F5/><W116/><G38/><T115/><D115/><U62/><E103/><V18/><F11/><W6/><G6/><T79/><D79/><U93/><E59/><V66/><F0/><W17/><G40/><T78/><D78/><U44/><E44/><V8/><F1/><W28/><G28/><T132/><D132/><U19/><E19/><N who="3" m="7242" /><G116/><T99/><D99/><U81/><E81/><AGARI ba="3,3" hai="29,30,64,65,67,81,82,84,86,88,90" m="48745" machi="81" ten="30,2000,0" yaku="18,1,54,1" doraHai="94" who="0" fromWho="1" sc="225,59,273,-29,251,0,221,0" /><INIT seed="2,0,0,3,3,103" ten="284,244,251,221" oya="2" hai0="78,9,83,49,35,112,59,28,133,124,89,12,123" hai1="16,135,125,42,46,2,109,129,102,36,26,120,115" hai2="85,13,57,45,56,119,25,114,105,81,51,77,38" hai3="43,47,127,24,88,134,122,96,8,21,132,29,107"/><V48/><F114/><W6/><G122/><T116/><D123/><U110/><E115/><V41/><F119/><W60/><G60/><T117/><D112/><U101/><E120/><V37/><F105/><W44/><G127/><T90/><D124/><U20/><E125/><V30/><F13/><W3/><G47/><T128/><D128/><U118/><E118/><N who="0" m="45673" /><D133/><U100/><E2/><V65/><F65/><W61/><G61/><T11/><D11/><U73/><E73/><V111/><F111/><N who="1" m="42505" /><E135/><V7/><F7/><W1/><G3/><T79/><D79/><U130/><AGARI ba="0,0" hai="16,20,26,36,42,46,100,101,102,129,130" m="42505" machi="130" ten="40,2700,0" yaku="14,1,54,1" doraHai="103" who="1" fromWho="1" sc="284,-7,244,27,251,-13,221,-7" /><INIT seed="3,0,0,4,1,36" ten="277,271,238,214" oya="3" hai0="68,122,39,62,38,118,6,2,37,116,103,89,108" hai1="134,88,69,111,9,19,72,46,18,31,119,70,8" hai2="26,91,110,84,33,29,60,93,133,49,76,13,28" hai3="97,21,98,23,44,127,131,25,80,47,11,7,55"/><W86/><G131/><T59/><D89/><U53/><E31/><V51/><F110/><W65/><G127/><T42/><D103/><U10/><E72/><V5/><F133/><W15/><G65/><N who="0" m="41015" /><D6/><U52/><E111/><V66/><F29/><W95/><G21/><T74/><D74/><U102/><E46/><V54/><F54/><N who="1" m="21097" /><E102/><V82/><F13/><W107/><G107/><T113/><D2/><U41/><E41/><V109/><F5/><W56/><G95/><T130/><D108/><U90/><E134/><V75/><REACH who="2" step="1"/><F109/><REACH who="2" ten="277,271,228,214" step="2"/><W12/><G12/><T40/><D130/><U58/><E119/><V14/><F14/><W123/><G123/><T115/><D118/><U120/><E120/><V85/><F85/><W117/><G117/><T77/><D116/><U83/><E83/><V104/><F104/><W129/><G129/><T101/><D122/><U16/><E58/><AGARI ba="0,1" hai="26,28,33,49,51,58,60,66,75,76,82,84,91,93" machi="58" ten="30,2000,0" yaku="1,1,7,1,53,0" doraHai="36" doraHaiUra="135" who="2" fromWho="1" sc="277,0,271,-20,228,30,214,0" /><INIT seed="4,0,0,3,2,133" ten="277,251,258,214" oya="0" hai0="24,48,64,46,73,105,34,38,129,110,13,98,101" hai1="29,36,5,23,103,87,37,6,111,102,84,0,125" hai2="115,26,7,19,22,116,90,45,58,113,66,109,78" hai3="25,99,69,56,61,39,97,82,132,72,70,3,104"/><T16/><D129/><U130/><E29/><V47/><F109/><W50/><G3/><T134/><D134/><U91/><E0/><V52/><F116/><W74/><G132/><T121/><D121/><U126/><E23/><V10/><F78/><W54/><G25/><T44/><D110/><U80/><E80/><V127/><F66/><W8/><G8/><T76/><D64/><U117/><E91/><V35/><F35/><W124/><G39/><T128/><D128/><U53/><E111/><V67/><F67/><W131/><G131/><T112/><D112/><N who="2" m="43082" /><F90/><W135/><G135/><T20/><D38/><N who="1" m="14955" /><E130/><V59/><F58/><W77/><G74/><T32/><D46/><U1/><E1/><N who="2" m="367" /><F127/><N who="1" m="48649" /><E53/><V21/><F22/><W60/><G124/><T51/><D76/><U33/><E33/><V15/><F26/><W9/><G82/><T83/><D83/><U79/><E79/><V62/><AGARI ba="0,0" hai="15,19,21,45,47,52,59,62" m="367,43082" machi="62" ten="30,2000,0" yaku="15,1,54,1" doraHai="133" who="2" fromWho="2" sc="277,-10,251,-5,258,20,214,-5" /><INIT seed="5,0,0,1,2,38" ten="267,246,278,209" oya="1" hai0="40,45,91,37,101,115,124,78,28,122,53,95,56" hai1="97,44,6,121,112,54,23,7,77,129,43,15,85" hai2="68,21,55,26,72,71,32,99,75,46,73,110,20" hai3="17,63,135,109,104,11,100,12,80,76,123,87,119"/><U82/><E112/><V126/><F110/><W19/><G135/><T5/><D115/><U10/><E129/><V93/><F126/><W81/><G123/><T118/><D118/><U106/><E121/><V39/><F32/><W33/><G109/><T70/><D70/><U35/><E35/><V111/><F111/><W94/><G119/><T31/><D124/><U79/><E79/><V49/><F39/><W127/><G127/><T114/><D114/><U52/><E23/><V3/><F3/><W16/><G104/><T89/><D5/><U86/><E86/><V105/><F105/><W42/><G33/><T51/><D78/><U83/><E83/><V117/><F117/><W36/><G81/><T90/><REACH who="0" step="1"/><D122/><REACH who="0" ten="257,246,278,209" step="2"/><U96/><E6/><V58/><F68/><W64/><G100/><T116/><D116/><U108/><E108/><V59/><F71/><W92/><G17/><T102/><D102/><U66/><E66/><V61/><F26/><W84/><G19/><T8/><D8/><U128/><E128/><V130/><F130/><W113/><G113/><T88/><N who="0" m="22528" /><DORA hai="103" /><T47/><D47/><U0/><E96/><AGARI ba="0,1" hai="28,31,37,40,45,51,53,56,95,96,101" m="22528" machi="96" ten="50,8000,1" yaku="1,1,52,1,54,1,53,2" doraHai="38,103" doraHaiUra="133,27" who="0" fromWho="1" sc="257,90,246,-80,278,0,209,0" /><INIT seed="6,0,0,5,1,48" ten="347,166,278,209" oya="2" hai0="67,74,127,106,53,54,44,70,79,0,22,77,116" hai1="99,6,76,82,60,129,73,98,121,26,96,11,91" hai2="111,37,118,15,124,13,109,40,52,68,131,88,30" hai3="81,43,94,101,62,20,133,108,12,16,56,39,19"/><V83/><F118/><W66/><G108/><N who="2" m="41545" /><F131/><W5/><G133/><T45/><D116/><U28/><E129/><V14/><F124/><W87/><G39/><T18/><D106/><U75/><E121/><V57/><F68/><W47/><G5/><T9/><D127/><U24/><E91/><V35/><F35/><W3/><G3/><T64/><D74/><U33/><E26/><V49/><F30/><W123/><G123/><T36/><D36/><U69/><E69/><V8/><F40/><W65/><G47/><N who="0" m="17995" /><D70/><U117/><E117/><V32/><F32/><W114/><G43/><T58/><D9/><U134/><E60/><V135/><F135/><W38/><G114/><T63/><D0/><U86/><REACH who="1" step="1"/><E134/><REACH who="1" ten="347,156,278,209" step="2"/><V85/><F37/><W132/><G38/><T110/><D110/><U50/><E50/><V102/><F102/><W122/><G132/><T71/><D71/><U104/><E104/><V17/><AGARI ba="0,1" hai="8,13,14,15,17,49,52,57,83,85,88" m="41545" machi="17" ten="30,11700,0" yaku="10,1,52,1,54,2" doraHai="48" who="2" fromWho="2" sc="347,-39,156,-39,278,127,209,-39" /><INIT seed="6,1,0,5,1,24" ten="308,117,405,170" oya="2" hai0="49,28,60,129,55,1,25,91,26,32,87,135,102" hai1="67,115,69,2,40,107,110,13,10,104,46,113,125" hai2="96,78,20,65,70,88,80,77,0,39,128,76,86" hai3="131,101,43,59,83,90,127,7,68,72,17,95,123"/><V61/><F128/><W6/><G68/><T84/><D129/><U106/><E13/><V38/><F0/><W33/><G123/><T8/><D135/><U53/><E53/><V45/><F45/><W124/><G33/><T31/><D102/><U35/><E110/><V11/><F11/><W23/><G43/><T54/><D60/><U133/><E133/><V41/><F41/><W30/><G101/><T94/><D87/><U44/><E44/><V9/><F9/><W120/><G131/><T3/><D8/><U122/><E125/><N who="3" m="48202" /><G120/><T99/><D99/><U85/><E85/><V62/><F96/><N who="3" m="57463" /><G30/><T29/><D54/><U71/><E122/><V103/><F103/><W22/><G59/><T97/><D97/><U108/><E108/><V112/><F112/><W89/><G89/><T52/><D55/><U51/><E35/><V93/><F62/><W100/><G100/><T111/><D111/><U105/><N who="1" m="26624" /><DORA hai="21" /><U116/><E116/><V121/><F121/><W34/><G34/><T118/><D118/><U92/><E92/><V4/><F93/><W18/><G22/><T50/><D50/><U47/><E47/><V12/><F20/><W5/><G23/><T79/><D32/><U48/><E48/><V82/><F82/><W109/><G109/><T64/><D1/><U119/><E119/><V126/><F126/><W14/><G14/><T19/><D3/><U117/><E117/><V56/><F12/><W27/><G27/><N who="0" m="10251" /><D29/><U36/><E51/><V114/><F80/><W37/><G37/><T63/><D49/><U15/><E36/><V66/><F39/><RYUUKYOKU ba="1,0" sc="308,-10,117,-10,405,-10,170,30" hai3="5,6,7,17,18,72,83" /><INIT seed="7,2,0,0,0,81" ten="298,107,395,200" oya="3" hai0="129,54,59,53,109,104,94,15,128,85,56,70,126" hai1="40,101,48,106,107,22,2,18,29,124,3,13,83" hai2="88,118,102,74,84,100,66,5,80,121,73,87,11" hai3="112,135,86,42,116,8,27,123,114,78,134,36,49"/><W96/><G116/><T98/><D109/><U115/><E115/><N who="3" m="44074" /><G123/><T97/><D104/><U31/><E124/><V133/><F118/><W113/><G36/><T39/><D39/><U30/><E40/><V75/><F121/><W19/><G113/><T20/><D70/><U71/><E71/><V67/><F133/><N who="3" m="50699" /><G96/><T117/><D117/><U120/><E120/><V132/><F132/><W103/><G103/><T14/><D94/><U99/><E107/><V64/><REACH who="2" step="1"/><F87/><REACH who="2" ten="298,107,385,200" step="2"/><W21/><G8/><T61/><D126/><U76/><REACH who="1" step="1"/><E48/><REACH who="1" ten="298,97,385,200" step="2"/><V24/><F24/><W79/><G42/><T46/><D129/><U16/><E16/><V25/><F25/><W92/><G49/><T50/><D128/><U95/><E95/><V63/><F63/><W9/><G9/><T111/><D61/><U51/><E51/><V1/><AGARI ba="2,2" hai="1,5,11,64,66,67,73,74,75,80,84,88,100,102" machi="1" ten="40,8000,1" yaku="1,1,0,1,52,1,54,1,53,1" doraHai="81" doraHaiUra="33" who="2" fromWho="2" sc="298,-22,97,-22,385,106,200,-42" owari="276,8.0,75,-42.0,491,58.0,158,-24.0" /></mjloggm>