<mjloggm ver="2.3"><GO type="169" lobby="0"/><UN n0="%E3%81%A3%E3%81%A7%E3%81%B6%E3%83%BC" n1="%E3%82%A6%E3%82%A3%E3%83%B3%44" n2="%6C%65%6F%31%36%30" n3="%E3%82%88%E3%82%8D%E3%81%97%E3%81%8F%E3%81%A7%E3%81%99%E2%99%AA" dan="16,16,17,17" rate="2028.46,2166.98,2203.77,2085.14" sx="M,M,M,F"/><TAIKYOKU oya="0"/><INIT seed="0,0,0,0,5,57" ten="250,250,250,250" oya="0" hai0="44,94,25,27,119,88,122,34,53,106,113,107,65" hai1="46,30,85,134,62,3,10,48,76,12,93,128,41" hai2="51,50,16,127,37,69,114,26,126,108,115,77,130" hai3="100,29,54,11,73,79,111,82,99,24,129,80,19"/><T92/><D113/><N who="2" m="43018" /><F77/><W1/><G111/><T18/><D119/><U2/><E128/><V45/><F108/><W15/><G129/><T133/><D133/><U125/><E134/><V83/><F83/><W105/><G82/><T47/><D122/><U60/><E125/><N who="2" m="47627" /><F130/><W39/><G39/><T22/><D65/><U5/><E30/><V74/><F74/><W103/><G103/><T56/><D107/><U20/><E20/><N who="2" m="13575" /><F69/><W89/><G89/><T102/><D106/><U84/><E84/><V112/><N who="2" m="43026" /><V40/><AGARI ba="0,0" hai="37,40,45,50,51" m="13575,47627,43026" machi="40" ten="50,6400,0" yaku="4,1,18,1,54,1" doraHai="57" who="2" fromWho="2" sc="250,-32,250,-16,250,64,250,-16" /><INIT seed="1,0,0,3,0,18" ten="218,234,314,234" oya="1" hai0="119,130,43,47,124,7,81,19,133,3,72,1,91" hai1="22,100,11,111,117,24,66,23,127,112,34,25,55" hai2="123,38,102,99,118,28,121,14,125,96,109,60,58" hai3="61,78,63,69,31,134,106,87,126,97,113,115,120"/><U29/><E112/><V75/><F118/><W26/><G120/><T52/><D119/><U48/><E117/><V105/><F109/><W37/><G37/><T35/><D35/><U54/><E111/><V128/><F128/><W108/><G108/><T82/><D130/><U114/><E114/><V76/><F125/><W64/><G126/><T83/><D72/><U59/><E127/><V27/><F38/><W122/><G122/><T67/><D67/><U98/><E66/><V101/><F14/><W30/><G134/><T8/><D1/><U56/><E11/><V39/><F39/><W116/><G63/><T20/><D133/><U92/><REACH who="1" step="1"/><E25/><REACH who="1" ten="218,224,314,234" step="2"/><V2/><F123/><W50/><G116/><T5/><D124/><U51/><AGARI ba="0,1" hai="22,23,24,29,34,48,51,54,55,56,59,92,98,100" machi="51" ten="20,18000,2" yaku="1,1,2,1,0,1,7,1,9,1,52,2,53,0" doraHai="18" doraHaiUra="80" who="1" fromWho="1" sc="218,-60,224,190,314,-60,234,-60" /><INIT seed="1,1,0,0,1,81" ten="158,414,254,174" oya="1" hai0="16,28,88,3,11,4,94,117,40,1,66,53,45" hai1="64,43,69,121,9,52,100,99,31,21,95,58,67" hai2="126,123,56,39,54,108,32,89,93,130,27,60,129" hai3="68,76,41,125,85,33,105,107,112,122,18,103,22"/><U113/><E113/><V25/><F123/><W131/><G122/><T83/><D117/><U15/><E121/><V23/><F108/><W29/><G112/><T114/><D114/><U47/><E69/><V115/><F115/><W36/><G68/><T35/><D66/><U46/><E31/><V92/><F126/><W127/><G131/><T109/><D109/><U70/><E21/><V90/><F39/><W51/><G36/><T71/><D71/><U104/><E104/><V75/><F75/><W61/><G61/><T124/><D1/><U111/><E111/><V34/><F34/><W102/><G29/><T57/><D83/><U5/><E70/><V73/><F73/><W84/><G33/><T50/><D124/><N who="3" m="47689" /><G76/><T30/><D16/><U134/><E46/><V135/><F135/><W72/><G72/><T132/><D132/><U42/><E42/><V13/><F32/><W19/><G41/><T65/><D65/><U91/><E100/><N who="3" m="38442" /><G51/><T86/><REACH who="0" step="1"/><D35/><REACH who="0" ten="148,414,254,174" step="2"/><U77/><E134/><V63/><F130/><W24/><G19/><T17/><D17/><U59/><E67/><V8/><F129/><W26/><G26/><T2/><D2/><U128/><E64/><V38/><F27/><W49/><G49/><AGARI ba="1,1" hai="3,4,11,28,30,40,45,49,50,53,57,86,88,94" machi="49" ten="30,7700,0" yaku="1,1,7,1,52,1,54,1,53,0" doraHai="81" doraHaiUra="97" who="0" fromWho="3" sc="148,90,414,0,254,0,174,-80" /><INIT seed="2,0,0,0,0,94" ten="238,414,254,94" oya="2" hai0="78,7,71,18,87,124,116,35,36,76,37,20,89" hai1="80,107,72,118,135,43,45,85,128,13,47,4,51" hai2="130,119,52,104,79,121,28,31,64,12,42,49,10" hai3="108,83,63,115,114,93,91,84,26,112,33,70,65"/><V88/><F121/><W61/><G108/><T22/><D35/><U3/><E118/><V126/><F119/><W50/><G50/><T25/><D116/><U59/><E107/><V9/><F104/><W56/><G33/><T68/><D124/><U67/><E72/><V66/><F126/><W111/><G111/><T74/><D7/><U21/><E3/><V6/><F79/><W16/><G83/><T19/><D87/><U125/><E125/><V34/><F42/><W132/><G132/><T98/><D89/><U99/><E128/><V69/><F130/><W54/><G26/><T77/><D74/><U8/><E135/><V41/><F41/><W134/><G134/><T97/><D78/><U30/><E47/><N who="2" m="27711" /><F69/><W53/><REACH who="3" step="1"/><G16/><REACH who="3" ten="238,414,254,84" step="2"/><T133/><D133/><U82/><E51/><V105/><F34/><W102/><G102/><T122/><REACH who="0" step="1"/><D25/><REACH who="0" ten="228,414,254,84" step="2"/><U60/><E82/><V95/><F6/><W117/><G117/><T73/><D73/><U96/><E80/><V103/><F103/><W81/><G81/><T101/><D101/><U23/><E4/><V113/><F113/><W5/><G5/><T39/><D39/><U38/><E38/><V29/><F12/><W127/><G127/><T92/><D92/><U2/><E13/><V62/><F105/><W17/><G17/><T106/><D106/><U131/><E131/><V75/><F75/><W86/><G86/><T123/><AGARI ba="0,2" hai="18,19,20,22,36,37,68,71,76,77,97,98,122,123" machi="123" ten="25,12000,2" yaku="1,1,0,1,22,2,52,2,53,0" doraHai="94" doraHaiUra="55" who="0" fromWho="0" sc="228,140,414,-30,254,-60,84,-30" /><INIT seed="3,0,0,3,2,61" ten="368,384,194,54" oya="3" hai0="102,123,38,99,108,131,66,53,82,72,42,44,52" hai1="57,23,26,0,127,129,19,107,94,22,30,84,12" hai2="124,133,80,135,50,81,112,56,18,45,54,25,95" hai3="34,3,37,117,120,32,8,115,59,65,60,132,90"/><W98/><G115/><T101/><D123/><U10/><E107/><V96/><F112/><W130/><G120/><T15/><D108/><U11/><E127/><V67/><F124/><W62/><G117/><T20/><D131/><U122/><E129/><V77/><F133/><W104/><G130/><T47/><D102/><U126/><E126/><V41/><F135/><W76/><G132/><T43/><D66/><U75/><E75/><V63/><F77/><W31/><G37/><T134/><D134/><U91/><E0/><V51/><F18/><W100/><G76/><T21/><D82/><U74/><E74/><V14/><F14/><W16/><G90/><T114/><D72/><U128/><E122/><V92/><F25/><W106/><G106/><T48/><D114/><U1/><E1/><V28/><F28/><W29/><G60/><T103/><D103/><U85/><E128/><V69/><REACH who="2" step="1"/><F95/><REACH who="2" ten="368,384,184,54" step="2"/><W125/><G125/><T111/><D111/><U49/><E84/><V121/><F121/><W105/><G105/><T78/><D78/><U40/><E40/><V55/><F55/><AGARI ba="0,1" hai="10,11,12,19,22,23,26,30,49,55,57,85,91,94" machi="55" ten="40,5200,0" yaku="25,2,8,1" doraHai="61" who="1" fromWho="2" sc="368,0,384,62,184,-52,54,0" /><INIT seed="4,0,0,5,4,6" ten="368,446,132,54" oya="0" hai0="78,48,88,77,120,64,34,23,32,81,31,63,20" hai1="26,65,125,4,40,108,107,89,112,102,14,117,127" hai2="19,55,29,113,130,132,95,46,60,119,82,25,8" hai3="33,67,16,59,41,126,15,44,57,118,104,90,9"/><T17/><D120/><U121/><E117/><V79/><F113/><W66/><G118/><T1/><D1/><U45/><E108/><V69/><F119/><W61/><G104/><T7/><D7/><U92/><E121/><V115/><F115/><W18/><G126/><T54/><D31/><U24/><E65/><V73/><F130/><W106/><G106/><T28/><D28/><U10/><E112/><V129/><F132/><W56/><G33/><T35/><D23/><U97/><E127/><V76/><F76/><W128/><G128/><T42/><D42/><U134/><E134/><V114/><F129/><W85/><G18/><T58/><D88/><U122/><E122/><V72/><F95/><W135/><G135/><T131/><D131/><U93/><E125/><V71/><F72/><W2/><G2/><T96/><D96/><U105/><E105/><V68/><F114/><W100/><G67/><T80/><D78/><U75/><E75/><V123/><F123/><W62/><G62/><T36/><D36/><U13/><E13/><N who="2" m="7591" /><F60/><W51/><G100/><T37/><D37/><U103/><E107/><V43/><F43/><W5/><G5/><T111/><D77/><U11/><E11/><V53/><F46/><W91/><G91/><T74/><D74/><U124/><E124/><V84/><F73/><W133/><G133/><T116/><D116/><U38/><E103/><V99/><F99/><AGARI ba="0,0" hai="4,10,14,24,26,38,40,45,89,92,93,97,99,102" machi="99" ten="30,2000,0" yaku="7,1,52,1" doraHai="6" who="1" fromWho="2" sc="368,0,446,20,132,-20,54,0" /><INIT seed="5,0,0,1,4,61" ten="368,466,112,54" oya="1" hai0="117,15,68,52,58,79,127,73,51,18,99,83,80" hai1="10,111,31,29,13,47,28,118,69,105,36,53,84" hai2="125,95,90,20,35,113,4,16,87,98,54,123,49" hai3="2,106,33,88,70,133,30,1,44,96,81,34,91"/><U63/><E118/><V66/><F123/><W116/><G116/><T71/><D127/><U121/><E121/><V59/><F125/><W65/><G133/><T78/><D99/><U86/><E105/><V119/><F119/><W129/><G129/><T43/><D43/><U122/><E122/><V7/><F35/><W45/><G81/><T48/><D48/><U24/><E24/><V93/><F113/><W85/><G85/><T41/><D41/><U75/><E75/><V9/><F66/><W55/><G55/><T40/><D40/><U50/><E36/><V97/><F9/><W112/><G112/><T38/><D38/><U19/><REACH who="1" step="1"/><E111/><REACH who="1" ten="368,456,112,54" step="2"/><V37/><F37/><W130/><G106/><T124/><D124/><U5/><E5/><V21/><F4/><W39/><G39/><T101/><D117/><U42/><E42/><V14/><F7/><W115/><G34/><T72/><REACH who="0" step="1"/><D101/><REACH who="0" ten="358,456,112,54" step="2"/><U0/><E0/><V26/><F97/><W12/><G1/><T131/><D131/><U134/><E134/><V57/><F98/><W77/><G2/><T89/><D89/><U135/><E135/><V103/><F103/><W92/><G91/><T94/><D94/><U25/><E25/><V22/><F93/><W114/><G130/><T76/><D76/><U74/><E74/><V62/><F26/><N who="3" m="18647" /><G77/><T102/><D102/><U60/><E60/><V100/><F100/><W108/><G88/><T23/><AGARI ba="0,2" hai="15,18,23,51,52,58,68,71,72,73,78,79,80,83" machi="23" ten="20,8000,1" yaku="1,1,0,1,7,1,9,1,54,1,53,0" doraHai="61" doraHaiUra="126" who="0" fromWho="0" sc="358,100,456,-40,112,-20,54,-20" /><INIT seed="6,0,0,2,2,69" ten="458,416,92,34" oya="2" hai0="59,18,24,97,116,21,129,123,43,31,125,47,56" hai1="17,29,16,38,1,134,110,93,99,25,49,112,73" hai2="120,36,2,35,76,58,42,83,26,107,66,94,40" hai3="96,12,19,87,70,113,88,100,124,39,92,44,98"/><V8/><F107/><W115/><G70/><T106/><D123/><U3/><E110/><V109/><F120/><W14/><G124/><T108/><D108/><U114/><E73/><V133/><F133/><W61/><G61/><T34/><D125/><U122/><E122/><V15/><F2/><N who="1" m="521" /><E49/><V117/><F117/><W63/><G63/><T33/><D33/><N who="1" m="20655" /><E134/><V60/><F109/><W72/><G72/><T45/><D45/><U79/><E79/><V75/><F36/><W9/><G14/><T135/><D135/><U37/><E17/><V95/><F42/><N who="3" m="22623" /><G100/><T5/><D5/><U55/><E55/><V53/><F40/><W4/><G4/><T74/><D74/><U62/><E62/><V0/><F53/><W28/><G28/><T78/><D78/><U54/><E54/><V102/><F102/><W67/><G67/><T121/><D97/><U130/><E16/><V30/><F94/><W86/><G98/><T6/><D6/><U80/><E80/><V90/><F95/><W119/><G119/><T127/><D106/><U23/><E23/><V111/><F111/><W64/><G64/><T128/><D116/><U7/><E7/><N who="2" m="3487" /><F0/><W50/><G50/><N who="0" m="27007" /><D127/><U48/><E48/><V82/><F82/><W77/><G77/><T13/><D121/><U20/><E20/><V126/><F126/><W22/><G22/><T11/><D21/><U41/><E41/><V46/><F46/><W81/><G81/><T10/><D10/><U105/><E105/><V132/><F132/><W57/><G57/><N who="0" m="22091" /><D11/><U104/><E104/><V84/><F75/><W131/><G96/><RYUUKYOKU ba="0,0" sc="458,15,416,-15,92,15,34,-15" hai0="13,18,24,31,34,128,129" hai2="26,30,35,58,60,66,76,83,84,90" /><INIT seed="6,1,0,3,3,86" ten="473,401,107,19" oya="2" hai0="109,134,44,47,93,18,117,65,91,8,19,125,130" hai1="37,78,42,68,14,120,49,45,89,31,62,108,3" hai2="74,24,5,87,100,124,98,32,114,43,53,103,17" hai3="76,119,116,135,48,40,113,84,27,70,20,126,0"/><V129/><F74/><W107/><G70/><T1/><D109/><U106/><E108/><V127/><F114/><W23/><G107/><T122/><D122/><U26/><E120/><V104/><F129/><W131/><G131/><T99/><D130/><U132/><E132/><V33/><F5/><W35/><G113/><T92/><D65/><U83/><E3/><V88/><F100/><W59/><G135/><T64/><D64/><U52/><E106/><V50/><F43/><W61/><G126/><N who="2" m="48169" /><F17/><W85/><G0/><T41/><D134/><U111/><E111/><V7/><F7/><W57/><G35/><T82/><D19/><U75/><E14/><V112/><F24/><W79/><G40/><T15/><D1/><U4/><E4/><V34/><F112/><W54/><G27/><T9/><D9/><U25/><E31/><V16/><F16/><W69/><G69/><T6/><D6/><U60/><E60/><V121/><F121/><W39/><G39/><T105/><D105/><U13/><E13/><V46/><F33/><W2/><G2/><T77/><D41/><U90/><E25/><V11/><F11/><W58/><G119/><T96/><D117/><U72/><E72/><V97/><F97/><W21/><G116/><T51/><D125/><U95/><E26/><V102/><F102/><W28/><G28/><T10/><D8/><U128/><E128/><V67/><F67/><W118/><G118/><T80/><D99/><U73/><E73/><V123/><F123/><W22/><N who="3" m="5120" /><DORA hai="36" /><W29/><G29/><T38/><D10/><U101/><E68/><RYUUKYOKU ba="1,0" sc="473,-10,401,-10,107,30,19,-10" hai2="32,34,46,50,53,87,88,98,103,104" /><INIT seed="6,2,0,3,0,15" ten="463,391,137,9" oya="2" hai0="45,135,36,9,43,49,1,27,46,4,120,53,71" hai1="132,130,75,118,74,14,38,63,93,48,115,112,86" hai2="18,41,113,100,51,35,129,95,122,124,3,64,82" hai3="84,39,117,69,17,56,32,99,123,85,25,108,47"/><V116/><F116/><W89/><G108/><T31/><D135/><U94/><E38/><V20/><F122/><W131/><G69/><T80/><D71/><U7/><E118/><V11/><F35/><W121/><G117/><T133/><D133/><U81/><E132/><V88/><F113/><N who="1" m="43593" /><E130/><V72/><F64/><W65/><G131/><T70/><D70/><U37/><E37/><V33/><F33/><W90/><G99/><T10/><D10/><N who="1" m="4447" /><E63/><V107/><F3/><W34/><G39/><T91/><D91/><N who="1" m="51663" /><E48/><V78/><F51/><W29/><G47/><T52/><D80/><U83/><E83/><V57/><F129/><W127/><G127/><T119/><D120/><U62/><E62/><V13/><F124/><W128/><G128/><T104/><D104/><U61/><E61/><V134/><F82/><W98/><G65/><T77/><D77/><U50/><E50/><V0/><F78/><W24/><G98/><T55/><D119/><U105/><E105/><V106/><F107/><W111/><G111/><T19/><D46/><U92/><AGARI ba="2,0" hai="74,75,92,93,94" m="51663,4447,43593" machi="92" ten="30,1100,0" yaku="15,1" doraHai="15" who="1" fromWho="1" sc="463,-5,391,17,137,-7,9,-5" /><INIT seed="7,0,0,3,5,27" ten="458,408,130,4" oya="3" hai0="13,73,116,88,6,42,63,87,105,26,61,36,32" hai1="82,20,70,111,53,80,66,43,58,79,106,123,67" hai2="41,112,92,68,85,0,69,78,84,109,37,71,104" hai3="39,122,25,60,50,18,57,5,21,10,98,44,23"/><W90/><G122/><T62/><D116/><U135/><E123/><V33/><F109/><W51/><G39/><T114/><D73/><U40/><E111/><V29/><F104/><W95/><G23/><T74/><D74/><U75/><E135/><V121/><F0/><W94/><G94/><T24/><D105/><U72/><E106/><V54/><F121/><W47/><G47/><T81/><D114/><U118/><E118/><V17/><F37/><W126/><G126/><T124/><D124/><U34/><E34/><V99/><F41/><W22/><G22/><T65/><D36/><U86/><E70/><V64/><F64/><W131/><G131/><T97/><D42/><U127/><E127/><V4/><F112/><W2/><G44/><T8/><D32/><U134/><E134/><V101/><F4/><W30/><G18/><T130/><D130/><U77/><E86/><V7/><F7/><W38/><G38/><T28/><D28/><U113/><E113/><V48/><F78/><W119/><G119/><T59/><D97/><U49/><E67/><AGARI ba="0,0" hai="2,5,10,21,25,30,50,51,57,60,67,90,95,98" machi="67" ten="30,2900,0" yaku="7,1,52,1" doraHai="27" who="3" fromWho="1" sc="458,0,408,-29,130,0,4,29" /><INIT seed="7,1,0,1,4,21" ten="458,379,130,33" oya="3" hai0="62,14,74,26,120,68,4,113,130,13,37,49,95" hai1="55,116,6,38,100,134,40,117,83,52,84,115,48" hai2="39,85,71,57,47,23,87,7,129,28,34,41,105" hai3="88,72,110,17,10,82,65,89,20,92,80,31,63"/><W1/><G110/><T127/><D37/><U59/><E100/><V81/><F71/><W78/><G31/><T46/><D74/><U61/><E6/><V103/><F34/><W42/><G42/><T19/><D130/><U114/><E84/><V53/><F129/><W32/><G32/><T56/><D68/><U9/><E9/><V33/><F33/><W124/><G124/><T27/><D113/><N who="1" m="43019" /><E83/><V15/><F7/><W118/><G118/><N who="1" m="45674" /><E134/><V29/><F87/><W2/><G10/><N who="0" m="4295" /><D120/><U51/><E55/><V106/><F103/><W5/><G82/><T45/><D95/><U11/><E11/><V54/><F54/><W25/><G5/><T75/><D75/><U44/><AGARI ba="1,0" hai="38,40,44,48,51,52,59,61" m="45674,43019" machi="44" ten="40,8000,1" yaku="15,1,12,1,34,2,54,1" doraHai="21" who="1" fromWho="1" sc="458,-21,379,83,130,-21,33,-41" owari="437,24.0,462,56.0,109,-29.0,-8,-51.0" /></mjloggm>