<mjloggm ver="2.3"><GO type="185" lobby="0"/><UN n0="%E9%9B%AA%E6%9D%91%E5%8D%83%E7%B5%B5%E8%8E%89" n1="%65%67%75" n2="%28%2A%C2%B4%CF%89%EF%BD%80%2A%7D" n3="" dan="17,16,17,0" rate="2303.08,2168.02,2253.05,1500.00" sx="F,M,F,C"/><TAIKYOKU oya="0"/><INIT seed="0,0,0,4,1,90" ten="350,350,350,0" oya="0" hai0="102,93,134,115,66,135,51,54,44,106,79,82,74" hai1="85,109,72,0,77,73,53,125,59,67,81,119,71" hai2="89,56,95,69,45,83,39,63,32,65,87,50,101" hai3=""/><T3/><D3/><U52/><E119/><V113/><F113/><T126/><D115/><U48/><E0/><V111/><F111/><T120/><N who="0" m="30752" /><T64/><D126/><U57/><E109/><V1/><F32/><T110/><D110/><U40/><E40/><V117/><F117/><T118/><D118/><U132/><E132/><N who="0" m="50729" /><D106/><U108/><E125/><V103/><F1/><T92/><D102/><U76/><E108/><V36/><F36/><T49/><D49/><U114/><E77/><V123/><N who="2" m="31520" /><V99/><F39/><T98/><D98/><U43/><E43/><V62/><F63/><T121/><N who="0" m="31008" /><T127/><D127/><U124/><E114/><V78/><REACH who="2" step="1"/><F69/><REACH who="2" ten="350,350,340,0" step="2"/><T2/><D2/><U116/><E124/><V100/><F100/><T37/><D37/><U86/><E116/><V107/><F107/><T38/><D38/><U104/><E104/><V96/><F96/><T61/><D61/><U97/><E97/><V130/><F130/><T75/><D75/><U91/><E73/><V70/><F70/><T46/><D46/><U47/><E72/><V55/><AGARI ba="0,1" hai="45,50,55,56,62,65,78,83,87,89,95,99,101,103" m="31520" machi="55" ten="20,9000,2" yaku="1,1,0,1,7,1,8,1,52,2,53,1" doraHai="90" doraHaiUra="60" who="2" fromWho="2" sc="350,-60,350,-30,340,100,0,0" /><INIT seed="1,0,0,0,0,102" ten="290,320,440,0" oya="1" hai0="122,107,94,91,106,45,60,118,0,38,65,96,80" hai1="125,74,51,111,57,112,129,34,68,105,64,70,134" hai2="133,82,78,126,58,95,50,103,37,116,2,127,99" hai3=""/><U49/><RYUUKYOKU type="yao9" ba="0,0" sc="290,0,320,0,440,0,0,0" hai1="34,49,51,57,64,68,70,74,105,111,112,125,129,134" /><INIT seed="1,1,0,3,5,98" ten="290,320,440,0" oya="1" hai0="40,33,62,123,55,113,51,0,50,67,61,114,47" hai1="100,133,43,44,64,70,87,132,52,72,89,74,121" hai2="3,83,120,65,131,54,109,57,86,56,82,48,134" hai3=""/><U90/><N who="1" m="31008" /><U79/><E70/><V32/><N who="2" m="30752" /><V69/><F109/><T126/><N who="0" m="31520" /><T103/><D33/><U110/><E64/><V105/><F32/><T78/><D0/><U94/><E110/><V106/><F131/><T73/><D126/><U41/><E79/><V34/><F134/><N who="1" m="51817" /><E90/><V124/><F124/><T59/><D62/><U75/><E100/><V42/><F34/><T119/><D119/><U81/><E81/><V104/><F3/><T130/><D130/><U39/><E39/><V38/><F38/><T84/><D73/><N who="1" m="18691" /><U125/><DORA hai="58" /><E125/><V111/><F111/><T115/><D103/><U66/><E66/><V91/><F91/><T135/><D135/><U60/><E44/><V116/><F65/><T46/><D78/><U93/><E93/><V117/><F69/><T71/><REACH who="0" step="1"/><D71/><REACH who="0" ten="280,320,440,0" step="2"/><U96/><E96/><V127/><F127/><T129/><D129/><U80/><E80/><V88/><F82/><T97/><D97/><U102/><E102/><V112/><F83/><T77/><D77/><U107/><E107/><V99/><F104/><T63/><D63/><U53/><E60/><V45/><F105/><T76/><D76/><U122/><N who="1" m="31264" /><U118/><E118/><V35/><F117/><RYUUKYOKU ba="1,1" sc="280,10,320,10,440,-20,0,0" hai0="40,46,47,50,51,55,59,61,67,84,113,114,115" hai1="41,43,52,53,87,89,94" /><INIT seed="1,2,1,4,1,112" ten="290,330,420,0" oya="1" hai0="82,51,90,73,118,94,126,57,34,42,53,133,92" hai1="60,35,56,109,125,77,131,3,107,95,55,52,127" hai2="37,132,84,65,93,134,123,1,86,72,40,99,36" hai3=""/><U91/><E35/><V0/><N who="2" m="31520" /><V117/><F72/><T70/><D34/><U54/><E3/><V2/><F65/><T38/><D133/><N who="2" m="51306" /><F117/><T62/><D126/><N who="1" m="48139" /><E107/><V44/><F37/><T64/><D118/><U110/><E77/><V61/><F61/><T69/><D69/><U135/><E131/><V122/><N who="2" m="31264" /><V87/><F87/><T96/><D94/><U76/><E76/><V128/><F128/><T102/><D73/><U74/><E74/><V120/><N who="2" m="30752" /><V63/><F63/><T68/><D68/><U114/><E114/><V89/><AGARI ba="2,1" hai="0,1,2,36,40,44,84,86,89,93,99" m="30752,31264,51306,31520" machi="89" ten="40,6000,1" yaku="20,1,52,3" doraHai="112" who="2" fromWho="2" sc="290,-22,330,-42,420,74,0,0" /><INIT seed="2,0,0,3,3,39" ten="268,288,494,0" oya="2" hai0="48,102,77,117,59,83,118,3,61,122,91,114,80" hai1="54,68,85,71,58,97,2,116,127,92,74,130,119" hai2="57,103,37,93,88,64,94,78,52,98,66,120,89" hai3=""/><V50/><N who="2" m="30752" /><V100/><F37/><T106/><N who="0" m="31264" /><T132/><D3/><U108/><E2/><V125/><F78/><T62/><D114/><U86/><E108/><V44/><F125/><T84/><D132/><U40/><E127/><V76/><F76/><T82/><D48/><U96/><E74/><V101/><F44/><T111/><D111/><U49/><E130/><V45/><F45/><T112/><D112/><U60/><E96/><AGARI ba="0,0" hai="50,52,57,64,66,88,89,93,94,96,98,100,101,103" m="30752" machi="96" ten="40,12000,1" yaku="9,1,8,1,52,1,54,2" doraHai="39" who="2" fromWho="1" sc="268,0,288,-120,494,120,0,0" /><INIT seed="2,1,0,3,1,116" ten="268,168,614,0" oya="2" hai0="76,125,40,75,115,38,0,100,132,113,73,55,96" hai1="131,127,78,87,120,66,49,47,92,114,59,94,61" hai2="69,101,80,67,124,93,58,50,104,60,37,34,1" hai3=""/><V42/><F1/><T128/><D76/><U44/><N who="1" m="30752" /><U117/><E114/><V88/><F34/><T109/><D55/><U63/><E117/><V135/><F124/><T43/><D100/><U103/><E127/><V110/><F110/><T65/><D65/><U108/><E131/><V46/><F135/><T2/><D96/><U39/><E108/><V45/><F80/><T130/><D109/><U119/><E119/><V86/><F104/><T112/><D125/><U106/><E106/><V62/><F101/><T102/><D102/><U129/><E129/><N who="0" m="49769" /><D38/><U90/><E63/><V97/><F97/><T105/><D105/><U82/><E39/><V121/><N who="2" m="31008" /><V107/><F107/><T64/><D64/><U89/><E49/><V56/><REACH who="2" step="1"/><F62/><REACH who="2" ten="268,168,604,0" step="2"/><T77/><D132/><U134/><E103/><V41/><AGARI ba="1,1" hai="37,41,42,45,46,50,56,58,60,67,69,86,88,93" m="31008" machi="41" ten="20,12000,2" yaku="1,1,2,1,0,1,7,1,52,2,54,1,53,0" doraHai="116" doraHaiUra="35" who="2" fromWho="2" sc="268,-61,168,-61,604,132,0,0" /><INIT seed="2,2,0,2,2,104" ten="207,107,736,0" oya="2" hai0="83,56,97,60,126,49,103,46,0,63,120,71,35" hai1="65,3,87,107,86,33,111,73,81,93,44,48,125" hai2="90,96,64,51,121,38,82,79,133,112,55,84,89" hai3=""/><V88/><N who="2" m="31008" /><V54/><F112/><T52/><N who="0" m="30752" /><T39/><D0/><U50/><E33/><V127/><F133/><T99/><D35/><U105/><E3/><V36/><F127/><T123/><N who="0" m="31520" /><T116/><D116/><U34/><E34/><V32/><F32/><T42/><D126/><U70/><E125/><V78/><F78/><T91/><D103/><U57/><E111/><V40/><F64/><T75/><D63/><U94/><E70/><V72/><F96/><T131/><D131/><U108/><E108/><V117/><F117/><T37/><D37/><U92/><E65/><V113/><F113/><T62/><D62/><U47/><E57/><V41/><F36/><T128/><D128/><U53/><E73/><V2/><F2/><T1/><D1/><U134/><E134/><V119/><F119/><T74/><D99/><U69/><E69/><V43/><F38/><T129/><D129/><U109/><E109/><V76/><REACH who="2" step="1"/><F51/><REACH who="2" ten="207,107,726,0" step="2"/><T77/><D77/><U122/><N who="1" m="31264" /><U102/><E50/><V101/><F101/><T124/><D124/><U61/><E102/><V115/><F115/><T130/><D97/><U85/><E48/><V114/><F114/><T80/><D39/><U58/><E81/><AGARI ba="2,1" hai="40,41,43,54,55,72,76,79,81,82,84,88,89,90" m="31008" machi="81" ten="40,12000,1" yaku="1,1,6,1,52,2,54,1,53,0" doraHai="104" doraHaiUra="100" who="2" fromWho="1" sc="207,0,107,-124,726,134,0,0" owari="207,-19.0,-17,-62.0,860,81.0,0,0.0" /></mjloggm>