<mjloggm ver="2.3"><GO type="169" lobby="0"/><UN n0="%E3%81%B8%E3%82%80%E3%81%B8%E3%82%80%EF%BC%92%E5%8F%B7" n1="%E9%9B%BB%E8%BB%8A%E9%81%93" n2="%E3%81%AE%E3%81%B3%E3%81%97%E3%82%8D%E2%99%82" n3="%E3%83%8F%E3%83%BC%E3%83%AD%E3%83%83%E3%83%88" dan="17,16,16,16" rate="2162.73,2095.89,2115.18,2077.01" sx="M,M,M,M"/><TAIKYOKU oya="0"/><INIT seed="0,0,0,2,1,17" ten="250,250,250,250" oya="0" hai0="122,5,74,87,46,55,105,8,1,44,81,119,43" hai1="32,10,69,73,133,126,78,89,14,16,84,76,9" hai2="98,6,47,130,79,54,93,101,50,132,67,118,112" hai3="38,22,109,111,11,42,48,116,103,59,23,108,19"/><T61/><D119/><U91/><E32/><V88/><F132/><W13/><G116/><T115/><D115/><U134/><E69/><V18/><F130/><W125/><G125/><T15/><D122/><U53/><E126/><V102/><F112/><W3/><G3/><T26/><D105/><U131/><E131/><V45/><F118/><W66/><G38/><T127/><D74/><U95/><E73/><V21/><F6/><W114/><G114/><T117/><D117/><U57/><E10/><V2/><F2/><W128/><G128/><T113/><D113/><U27/><E27/><V37/><F79/><W80/><G103/><T30/><D127/><U52/><E53/><V85/><F67/><W124/><G124/><T86/><D1/><U39/><E39/><V25/><REACH who="2" step="1"/><F98/><REACH who="2" ten="250,250,240,250" step="2"/><W65/><G80/><T83/><D83/><N who="1" m="49311" /><E134/><V20/><F20/><N who="3" m="7723" /><G59/><T70/><D81/><U104/><E104/><V121/><F121/><W40/><G40/><AGARI ba="0,1" hai="18,21,25,37,40,45,47,50,54,85,88,93,101,102" machi="40" ten="40,8000,1" yaku="1,1,52,1,54,1,53,2" doraHai="17" doraHaiUra="41" who="2" fromWho="3" sc="250,0,250,0,240,90,250,-80" /><INIT seed="1,0,0,1,1,51" ten="250,250,330,170" oya="1" hai0="39,86,72,20,111,1,120,122,36,130,8,35,99" hai1="89,24,57,71,112,109,16,117,50,14,84,21,83" hai2="101,108,90,131,22,95,88,17,75,18,48,47,110" hai3="121,128,106,103,97,40,62,96,102,43,3,41,107"/><U25/><E71/><V123/><F123/><N who="0" m="47146" /><D20/><U49/><E112/><V87/><F75/><W4/><G128/><T67/><D67/><U15/><E117/><V74/><F74/><W82/><G121/><T135/><D72/><U34/><E109/><N who="2" m="42091" /><F131/><W54/><G82/><T91/><D130/><U42/><E34/><V33/><F33/><W64/><G64/><T104/><D35/><U76/><E76/><V129/><F129/><W27/><G27/><T127/><D127/><U98/><E98/><N who="2" m="59615" /><F22/><W79/><G79/><T26/><D26/><U115/><E115/><V55/><F90/><W80/><G80/><AGARI ba="0,0" hai="17,18,47,48,55,80,87,88" m="59615,42091" machi="80" ten="30,3900,0" yaku="14,1,52,1,54,1" doraHai="51" who="2" fromWho="3" sc="250,0,250,0,330,39,170,-39" /><INIT seed="2,0,0,2,1,119" ten="250,250,369,131" oya="2" hai0="32,102,45,12,19,61,118,42,86,113,38,68,96" hai1="133,60,104,109,98,74,54,128,49,71,93,7,16" hai2="85,125,11,52,103,135,4,20,77,34,106,114,90" hai3="64,107,39,23,43,99,123,130,22,97,41,1,3"/><V122/><F135/><W127/><G127/><T82/><D118/><U63/><E133/><V120/><F125/><W131/><G64/><T8/><D113/><U81/><E104/><V24/><F114/><W48/><G48/><T58/><D68/><U21/><E128/><V55/><F34/><W6/><G107/><T78/><D32/><U126/><E126/><V46/><F77/><W36/><REACH who="3" step="1"/><G6/><REACH who="3" ten="250,250,369,121" step="2"/><T108/><D108/><U53/><E7/><V84/><F4/><W67/><G67/><T9/><D61/><U25/><E109/><V91/><F106/><W13/><G13/><T101/><D12/><U132/><E132/><V129/><F24/><W121/><AGARI ba="0,1" hai="1,3,22,23,36,39,41,43,97,99,121,123,130,131" machi="121" ten="25,12000,2" yaku="1,1,0,1,22,2,52,2,53,0" doraHai="119" doraHaiUra="72" who="3" fromWho="3" sc="250,-30,250,-30,369,-60,121,130" /><INIT seed="3,0,0,2,4,95" ten="220,220,309,251" oya="3" hai0="118,51,10,61,88,123,47,48,9,46,55,32,4" hai1="106,69,90,113,39,124,54,121,56,66,102,19,5" hai2="53,8,120,82,72,77,103,98,83,13,28,87,73" hai3="97,119,31,126,107,76,85,96,100,67,40,25,44"/><W63/><G126/><T35/><D123/><U132/><E121/><V16/><F120/><W24/><G119/><T68/><D118/><U133/><E124/><V22/><F53/><W18/><G18/><T37/><D37/><U127/><E39/><V21/><F28/><W94/><G85/><T2/><D10/><U20/><E113/><V135/><F135/><N who="1" m="51785" /><E5/><V128/><F128/><W57/><G76/><T122/><D122/><U59/><E69/><V70/><F70/><W23/><G24/><T58/><D68/><U14/><E127/><V27/><F27/><W116/><G116/><T108/><D108/><U17/><E66/><V81/><F81/><W45/><REACH who="3" step="1"/><G40/><REACH who="3" ten="220,220,309,241" step="2"/><T111/><D111/><U29/><E17/><V50/><F73/><W7/><G7/><T74/><D74/><U34/><E29/><V65/><F72/><W36/><G36/><T42/><REACH who="0" step="1"/><D88/><AGARI ba="0,1" hai="23,25,31,44,45,57,63,67,88,94,96,97,100,107" machi="88" ten="30,18000,2" yaku="1,1,7,1,52,2,54,1,53,1" doraHai="95" doraHaiUra="84" who="3" fromWho="0" sc="220,-180,220,0,309,0,241,190" /><INIT seed="3,1,0,5,4,3" ten="40,220,309,431" oya="3" hai0="57,44,69,27,49,110,56,80,17,2,91,25,81" hai1="74,31,63,58,98,111,9,7,34,39,32,107,41" hai2="112,89,64,94,47,4,70,19,51,15,78,85,130" hai3="104,83,97,135,90,84,59,36,43,52,23,1,120"/><W117/><G117/><T33/><D110/><U68/><E111/><V20/><F130/><W129/><G120/><T38/><D69/><U95/><E31/><V124/><F124/><W55/><G129/><T119/><D2/><U121/><E121/><V45/><F112/><W11/><G135/><T66/><D119/><U122/><E74/><V37/><F37/><W14/><G23/><T24/><D33/><U116/><E122/><V125/><F125/><W82/><G1/><T5/><D38/><U28/><E28/><V75/><F47/><W53/><G82/><T99/><D17/><U35/><E107/><V6/><F70/><W88/><G104/><T126/><D5/><U30/><E30/><V133/><F133/><W86/><G97/><T131/><D131/><U21/><E21/><V18/><F64/><W114/><G114/><T22/><D22/><U108/><E68/><V79/><F19/><W73/><G73/><T60/><D57/><U96/><E108/><V128/><F128/><W76/><G84/><T134/><D134/><U106/><E106/><V92/><F92/><W127/><G127/><T113/><D113/><U61/><E58/><V42/><REACH who="2" step="1"/><F75/><REACH who="2" ten="40,220,299,431" step="2"/><W115/><G115/><T12/><D126/><U103/><E116/><V100/><F100/><W46/><REACH who="3" step="1"/><G59/><REACH who="3" ten="40,220,299,421" step="2"/><T102/><D56/><U50/><E103/><V13/><F13/><W40/><G40/><N who="0" m="24711" /><D12/><U72/><E72/><V87/><F87/><W132/><G132/><T118/><D102/><U65/><E41/><V71/><F71/><W0/><G0/><T62/><D118/><U29/><E34/><RYUUKYOKU ba="1,2" sc="40,-15,220,-15,299,15,421,15" hai2="4,6,15,18,20,42,45,51,78,79,85,89,94" hai3="11,14,36,43,46,52,53,55,76,83,86,88,90" /><INIT seed="3,2,2,4,2,116" ten="25,205,314,436" oya="3" hai0="4,118,32,75,134,62,55,45,102,48,106,35,95" hai1="69,9,5,33,3,36,60,7,98,15,10,1,87" hai2="12,19,2,104,108,100,81,110,14,17,54,79,63" hai3="49,68,97,28,65,24,52,38,124,131,84,113,31"/><W41/><G113/><T122/><D118/><U93/><E36/><V94/><F2/><W11/><G124/><T109/><D109/><N who="2" m="42090" /><F104/><W91/><G97/><T103/><D106/><U43/><E33/><V78/><F78/><W20/><G131/><T96/><D75/><U72/><E72/><N who="2" m="43239" /><F100/><W46/><G11/><T61/><D103/><U105/><E105/><V16/><F94/><W6/><G6/><T82/><D134/><U64/><E43/><V88/><F88/><W127/><G127/><T89/><D122/><U83/><E15/><N who="2" m="5675" /><F63/><W26/><G91/><T23/><D4/><U99/><REACH who="1" step="1"/><E93/><REACH who="1" ten="25,195,314,436" step="2"/><V80/><F80/><W135/><G26/><T123/><D123/><U30/><E30/><V57/><F54/><W51/><G135/><T66/><D35/><U18/><E18/><V8/><F8/><W128/><G31/><T21/><D32/><U125/><E125/><V0/><F0/><W74/><G52/><T90/><D82/><U77/><AGARI ba="2,3" hai="1,3,5,7,9,10,60,64,69,77,83,87,98,99" machi="77" ten="20,8000,1" yaku="1,1,0,1,7,1,9,1,53,1" doraHai="116" doraHaiUra="56" who="1" fromWho="1" sc="25,-22,195,116,314,-22,436,-42" /><INIT seed="4,0,0,4,3,89" ten="3,311,292,394" oya="0" hai0="54,118,56,32,128,135,95,38,103,18,100,37,45" hai1="72,27,58,14,79,12,125,123,33,41,59,3,10" hai2="55,74,96,120,117,22,85,70,106,61,83,114,5" hai3="60,87,42,69,109,30,34,1,127,110,99,36,15"/><T17/><D118/><U84/><E72/><V97/><F120/><W66/><G15/><T44/><D32/><U65/><E123/><V86/><F74/><W104/><G87/><T20/><D128/><U49/><E3/><V64/><F114/><W16/><G16/><T77/><D135/><U47/><E125/><V4/><F117/><W26/><G1/><T46/><D77/><U78/><E12/><V23/><F86/><W76/><G76/><T24/><D17/><U35/><E78/><V115/><F115/><W105/><G127/><T19/><D18/><U108/><E108/><N who="3" m="41578" /><G99/><T48/><D38/><U11/><E11/><V113/><F113/><W63/><G63/><T122/><D37/><U126/><E126/><V133/><F133/><W13/><G13/><T80/><D80/><N who="1" m="47135" /><E65/><V124/><F124/><W6/><G6/><T31/><D122/><U116/><E116/><V8/><F4/><W98/><G98/><N who="0" m="59487" /><D31/><N who="1" m="19711" /><E35/><V82/><F82/><W67/><G67/><T51/><D103/><U50/><E50/><AGARI ba="0,0" hai="19,20,24,44,45,46,48,50,51,54,56" m="59487" machi="50" ten="30,2900,0" yaku="8,1,52,1" doraHai="89" who="0" fromWho="1" sc="3,29,311,-29,292,0,394,0" /><INIT seed="4,1,0,2,0,59" ten="32,282,292,394" oya="0" hai0="132,89,10,35,4,103,108,37,77,102,91,20,32" hai1="73,90,107,129,96,49,70,3,29,118,125,48,38" hai2="67,66,93,52,5,98,109,17,24,72,51,130,45" hai3="71,74,82,55,117,2,13,23,44,8,123,111,135"/><T18/><D132/><U94/><E118/><V100/><F130/><W50/><G111/><T40/><D77/><U36/><E73/><V63/><F109/><W1/><G117/><T113/><D108/><U92/><E107/><V131/><F131/><W42/><G71/><T14/><D113/><U79/><E3/><V27/><F72/><W39/><G135/><T127/><D127/><U19/><E70/><V97/><F5/><W33/><G33/><T83/><D40/><U9/><E129/><V105/><F67/><W84/><G23/><T114/><D37/><U87/><E29/><V99/><F17/><W30/><G30/><T16/><D114/><U46/><E49/><V115/><F115/><W25/><G25/><T110/><D110/><U104/><E104/><V124/><F124/><W26/><G26/><T86/><D89/><U80/><E92/><V69/><REACH who="2" step="1"/><F98/><REACH who="2" ten="32,282,282,394" step="2"/><W126/><G74/><T112/><D112/><U81/><E125/><V54/><F54/><W75/><G75/><T106/><D18/><U43/><E19/><V76/><F76/><W47/><G126/><T15/><REACH who="0" step="1"/><D106/><REACH who="0" ten="22,282,282,394" step="2"/><U116/><E116/><V65/><F65/><W58/><G42/><T7/><D7/><U122/><E43/><V119/><F119/><W78/><G78/><T11/><D11/><U61/><E9/><V57/><F57/><W56/><G8/><T101/><AGARI ba="1,2" hai="4,10,14,15,16,20,32,35,83,86,91,101,102,103" machi="101" ten="30,6000,0" yaku="1,1,0,1,54,1,53,0" doraHai="59" doraHaiUra="41" who="0" fromWho="0" sc="22,83,282,-21,282,-21,394,-21" /><INIT seed="4,2,0,0,2,53" ten="105,261,261,373" oya="0" hai0="26,132,72,131,9,100,10,128,117,88,3,49,11" hai1="28,27,42,120,0,108,46,83,7,2,103,43,92" hai2="23,39,24,74,50,109,41,75,61,22,107,69,25" hai3="31,105,59,114,73,36,70,80,118,1,15,30,94"/><T8/><D117/><U133/><E108/><V127/><F127/><W35/><G1/><T93/><D132/><U17/><E120/><V122/><F109/><W99/><G70/><T48/><D72/><U82/><E17/><V58/><F122/><W85/><G36/><T33/><D100/><U98/><E133/><V113/><F113/><W4/><G35/><T119/><D119/><U64/><E64/><V111/><F111/><W62/><G114/><T126/><D126/><U29/><E43/><V81/><F107/><W78/><G118/><T89/><D89/><U65/><E65/><V57/><F39/><W104/><G73/><T16/><D33/><U34/><E28/><V124/><F124/><W123/><G105/><T5/><D49/><U106/><E7/><V86/><F69/><W112/><G104/><T102/><D48/><U96/><E0/><V55/><F41/><W97/><G97/><T19/><D102/><U95/><E2/><V20/><F74/><W135/><G135/><T115/><D115/><U63/><E63/><V134/><F75/><W129/><G129/><N who="0" m="49739" /><D26/><U18/><E106/><V38/><F38/><W84/><G84/><AGARI ba="2,0" hai="3,5,8,9,10,11,16,19,84,88,93" m="49739" machi="84" ten="30,5800,0" yaku="19,1,54,2" doraHai="53" who="0" fromWho="3" sc="105,64,261,0,261,0,373,-64" /><INIT seed="4,3,0,4,3,122" ten="169,261,261,309" oya="0" hai0="64,32,24,134,54,100,39,110,108,107,50,72,4" hai1="90,123,131,12,36,28,26,48,44,63,19,102,96" hai2="98,104,79,74,71,23,97,7,106,119,61,68,30" hai3="92,11,76,88,29,103,51,133,99,67,66,53,0"/><T81/><D134/><U86/><E36/><V8/><F119/><W85/><G133/><T117/><D117/><U118/><E131/><V15/><F98/><W95/><G29/><N who="0" m="19495" /><D64/><U27/><E118/><V25/><F74/><W22/><G76/><N who="0" m="44167" /><D39/><U112/><E63/><V116/><F116/><W105/><G105/><T111/><D4/><U38/><E112/><V75/><F75/><W10/><G22/><T73/><D73/><U52/><E28/><V57/><F79/><W124/><G124/><T45/><D100/><U65/><E65/><N who="3" m="24586" /><G0/><T42/><D107/><U55/><E55/><AGARI ba="3,0" hai="42,45,50,54,55,108,110,111" m="44167,19495" machi="55" ten="30,11600,0" yaku="10,1,52,3" doraHai="122" who="0" fromWho="1" sc="169,125,261,-125,261,0,309,0" /><INIT seed="4,4,0,4,5,107" ten="294,136,261,309" oya="0" hai0="60,40,56,81,63,4,124,120,11,48,9,51,104" hai1="65,64,14,109,8,27,70,88,108,59,35,66,117" hai2="38,86,45,46,101,31,102,98,50,135,111,67,0" hai3="114,25,116,82,79,17,112,61,84,100,74,125,97"/><T47/><D120/><U103/><E70/><V3/><F111/><W92/><G61/><T93/><D104/><U118/><E103/><V42/><F135/><W75/><G17/><T123/><D123/><U87/><E59/><V78/><F102/><N who="3" m="60711" /><G25/><T52/><D124/><U39/><E39/><V134/><F134/><W72/><G125/><T119/><D119/><U15/><E109/><V83/><F67/><W105/><G116/><T54/><D93/><U7/><E108/><V1/><F31/><W106/><G100/><T16/><D81/><U37/><E37/><V26/><F26/><W19/><G19/><T76/><D76/><U13/><E117/><V133/><F133/><W68/><G68/><T30/><D30/><U69/><E69/><V34/><F34/><W44/><G44/><T122/><D122/><U62/><E62/><V24/><F24/><W6/><G6/><T121/><D121/><U10/><E118/><V55/><REACH who="2" step="1"/><F0/><REACH who="2" ten="294,136,251,309" step="2"/><W36/><G36/><T2/><REACH who="0" step="1"/><D40/><REACH who="0" ten="284,136,251,309" step="2"/><U58/><E35/><V89/><F89/><W94/><G94/><AGARI ba="4,2" hai="1,3,38,42,45,46,50,55,78,83,86,94,98,101" machi="94" ten="30,2000,0" yaku="1,1,7,1,53,0" doraHai="107" doraHaiUra="110" who="2" fromWho="3" sc="284,0,136,0,251,52,309,-32" /><INIT seed="5,0,0,3,3,37" ten="284,136,303,277" oya="1" hai0="122,111,65,82,19,99,5,78,135,56,100,87,113" hai1="77,70,23,116,25,4,3,107,97,48,86,114,98" hai2="53,22,126,104,27,92,50,41,118,29,127,45,62" hai3="60,38,79,11,42,75,40,54,101,12,103,10,88"/><U43/><E116/><V36/><F104/><W24/><G79/><T59/><D111/><U28/><E70/><V128/><F118/><W130/><G75/><T57/><D113/><U18/><E107/><V58/><F128/><W124/><G124/><N who="2" m="47657" /><F92/><W30/><G38/><AGARI ba="0,0" hai="22,27,29,36,38,41,45,50,53,58,62" m="47657" machi="38" ten="30,2000,0" yaku="18,1,52,1" doraHai="37" who="2" fromWho="3" sc="284,0,136,0,303,20,277,-20" /><INIT seed="6,0,0,5,3,9" ten="284,136,323,257" oya="2" hai0="67,26,22,12,125,7,73,49,121,37,41,53,76" hai1="50,93,87,129,99,48,31,119,5,133,97,82,74" hai2="114,75,90,38,77,124,68,21,34,80,1,101,23" hai3="33,61,70,86,19,135,108,54,79,71,57,85,16"/><V105/><F114/><W110/><G135/><T128/><D121/><U35/><E119/><V126/><F34/><W36/><G36/><T96/><D125/><N who="2" m="48234" /><F68/><W4/><G4/><T47/><D128/><U134/><E31/><V81/><F1/><W72/><G72/><T27/><D67/><U113/><E35/><V131/><F131/><W62/><G33/><T58/><D73/><U106/><E129/><V123/><F123/><W102/><G102/><T6/><D76/><N who="1" m="44311" /><E5/><V115/><F115/><W52/><G57/><T91/><D6/><U32/><E32/><V15/><F38/><W78/><AGARI ba="0,0" hai="16,19,52,54,61,62,70,71,78,79,85,86,108,110" machi="78" ten="25,8000,1" yaku="0,1,22,2,54,2" doraHai="9" who="3" fromWho="3" sc="284,-20,136,-20,323,-40,257,80" /><INIT seed="7,0,0,3,0,67" ten="264,116,283,337" oya="3" hai0="37,130,108,126,25,36,15,80,66,57,128,51,39" hai1="114,109,58,82,94,90,93,113,11,98,134,102,9" hai2="13,6,19,70,71,105,16,48,120,122,72,40,28" hai3="83,135,92,123,55,22,26,30,86,133,97,110,45"/><W53/><G123/><N who="2" m="47145" /><F105/><W104/><G104/><T35/><D108/><U96/><E109/><V77/><F6/><W42/><G110/><T99/><D126/><U117/><E117/><V107/><F107/><W38/><G86/><T127/><D127/><U7/><E58/><V33/><F28/><W131/><G83/><T69/><D80/><U52/><E134/><N who="3" m="51210" /><G131/><N who="0" m="50219" /><D15/><U29/><E29/><V63/><F33/><W23/><G23/><T132/><D99/><U76/><E7/><V119/><F119/><W0/><G0/><T18/><D132/><U62/><E62/><V84/><F72/><W5/><G5/><T20/><D35/><U12/><E12/><V124/><F124/><W50/><G50/><T59/><D51/><U31/><E31/><V54/><F84/><W44/><G44/><T115/><D115/><U68/><E82/><V121/><F77/><W47/><G47/><T24/><D24/><U101/><E90/><AGARI ba="0,0" hai="22,26,30,38,42,45,53,55,90,92,97" m="51210" machi="90" ten="30,1500,0" yaku="20,1" doraHai="67" who="3" fromWho="1" sc="264,0,116,-15,283,0,337,15" owari="264,-14.0,101,-40.0,283,8.0,352,46.0" /></mjloggm>