<mjloggm ver="2.3"><GO type="169" lobby="0"/><UN n0="%E3%81%A3%E3%81%A7%E3%81%B6%E3%83%BC" n1="%E3%82%8F%E3%81%8B%E3%82%81%75%64%6E" n2="%E8%92%B8%E3%81%97%E5%A4%A7%E8%B1%86" n3="%64%61%7A%61%69" dan="16,17,16,16" rate="2036.75,2251.95,2025.94,2144.50" sx="M,M,M,M"/><TAIKYOKU oya="0"/><INIT seed="0,0,0,4,2,56" ten="250,250,250,250" oya="0" hai0="57,132,84,133,77,24,112,13,17,47,107,61,131" hai1="20,74,87,99,93,25,39,67,28,128,98,33,91" hai2="96,29,114,127,59,46,30,34,102,14,3,125,85" hai3="86,123,37,62,135,0,92,35,6,49,64,120,27"/><T100/><D112/><U72/><E128/><V18/><F3/><W41/><G135/><N who="0" m="51787" /><D131/><U130/><E130/><V54/><F114/><W40/><G37/><T31/><D47/><U104/><E39/><V105/><F34/><W88/><G0/><T58/><D58/><U10/><E10/><V36/><F85/><W121/><G6/><T124/><D124/><N who="2" m="47690" /><F46/><W52/><G27/><T42/><D42/><U66/><E20/><N who="2" m="11351" /><F36/><W22/><G22/><N who="0" m="11567" /><D100/><U115/><E115/><V53/><F53/><W51/><G35/><N who="0" m="20967" /><D107/><U90/><E104/><V118/><F118/><W69/><G51/><AGARI ba="0,0" hai="29,30,51,54,59,96,102,105" m="11351,47690" machi="51" ten="30,1000,0" yaku="18,1" doraHai="56" who="2" fromWho="3" sc="250,0,250,0,250,10,250,-10" /><INIT seed="1,0,0,4,5,37" ten="250,250,260,240" oya="1" hai0="70,29,128,113,81,116,67,102,78,73,57,16,53" hai1="64,40,115,20,62,111,31,87,105,43,66,22,126" hai2="117,18,77,86,97,118,2,58,27,65,69,7,100" hai3="42,38,94,120,4,51,75,12,63,36,0,122,127"/><U98/><E115/><V45/><F69/><W85/><G127/><T32/><D113/><U112/><E112/><V101/><F7/><W33/><G75/><T99/><D116/><U68/><E126/><V82/><F2/><W124/><G33/><T123/><D123/><U93/><E111/><V6/><F6/><W121/><G0/><T60/><D128/><U13/><E105/><V50/><F65/><W35/><G35/><T109/><D109/><U17/><E66/><V129/><F58/><W132/><G132/><T119/><D119/><U21/><E87/><V92/><F101/><W9/><G63/><T103/><D29/><U91/><REACH who="1" step="1"/><E31/><REACH who="1" ten="250,240,260,240" step="2"/><V130/><F117/><W5/><G124/><T55/><D73/><U107/><E107/><V46/><F118/><W125/><G125/><T84/><D67/><U104/><E104/><V28/><F129/><W11/><G85/><T59/><D70/><U74/><E74/><V52/><F130/><W72/><G72/><T108/><D108/><U71/><E71/><V61/><F28/><W19/><G122/><T8/><D99/><U79/><E79/><V133/><F86/><W95/><G121/><T110/><D110/><U48/><E48/><V15/><F50/><W30/><G30/><T49/><D32/><U1/><E1/><V135/><F77/><W56/><G120/><T80/><D81/><U26/><E26/><V39/><F27/><W114/><G114/><T10/><D49/><U3/><E3/><V88/><F82/><W134/><G51/><T14/><D80/><U44/><E44/><V41/><F46/><RYUUKYOKU ba="0,1" sc="250,-10,240,30,260,-10,240,-10" hai1="13,17,20,21,22,40,43,62,64,68,91,93,98" /><INIT seed="1,1,1,5,0,47" ten="240,270,250,230" oya="1" hai0="113,107,2,111,115,38,77,91,8,16,117,116,101" hai1="100,120,119,4,62,45,78,112,109,20,43,92,34" hai2="82,44,24,37,127,75,14,133,122,15,42,114,67" hai3="87,31,131,121,56,129,123,33,11,68,125,102,9"/><U19/><E112/><V105/><F114/><N who="0" m="43530" /><D77/><U110/><E120/><V1/><F122/><N who="3" m="46603" /><G68/><T51/><D38/><U85/><E119/><V89/><F1/><W96/><G56/><T22/><D101/><U118/><E118/><V104/><F127/><W17/><G87/><T72/><D107/><U128/><E34/><V83/><F133/><W70/><G70/><T41/><D91/><U32/><E32/><V27/><F104/><W48/><G48/><T106/><D106/><U126/><E126/><V94/><F105/><W76/><G76/><T130/><D72/><U39/><E128/><N who="3" m="49226" /><G125/><T71/><D51/><U81/><E4/><V35/><F67/><W66/><G66/><T135/><D41/><U25/><REACH who="1" step="1"/><E62/><REACH who="1" ten="240,260,250,230" step="2"/><V74/><F75/><W132/><G33/><T103/><D130/><U30/><E30/><V54/><F74/><W53/><G31/><T12/><D117/><U88/><E88/><V3/><F89/><W60/><G60/><T63/><D116/><U93/><E93/><V95/><F94/><W10/><G132/><T40/><D135/><U134/><E134/><V13/><F95/><W97/><G102/><T58/><D63/><U0/><E0/><V69/><F3/><W57/><G17/><T49/><D103/><U6/><E6/><V84/><F35/><W29/><G29/><T99/><D2/><U61/><E61/><V80/><F82/><W21/><G97/><AGARI ba="1,2" hai="19,20,25,39,43,45,78,81,85,92,97,100,109,110" machi="97" ten="40,2000,0" yaku="1,1,53,0" doraHai="47" doraHaiUra="86" who="1" fromWho="3" sc="240,0,260,43,250,0,230,-23" /><INIT seed="1,2,0,0,5,48" ten="240,303,250,207" oya="1" hai0="98,12,25,118,95,122,115,0,110,93,27,79,19" hai1="24,26,101,65,66,5,131,96,45,113,74,39,89" hai2="17,54,21,119,67,61,22,76,120,135,49,63,7" hai3="2,83,70,104,112,15,97,84,127,20,55,50,123"/><U18/><E113/><V108/><F108/><W125/><G123/><T9/><D115/><U109/><E131/><V100/><F119/><W85/><G112/><T41/><D118/><U14/><E74/><V68/><F120/><W35/><G35/><T31/><D122/><U126/><E126/><N who="3" m="48138" /><G2/><T30/><D110/><U34/><E109/><V16/><F135/><W82/><G70/><T6/><D41/><U77/><E77/><V28/><F76/><W46/><G15/><T94/><D79/><U73/><E73/><V114/><F114/><W90/><G20/><T13/><D98/><U51/><E89/><V72/><F72/><W42/><G104/><T64/><D64/><U47/><E39/><V117/><F100/><W4/><G4/><T75/><D75/><U92/><E45/><V37/><F61/><W107/><G107/><T129/><D129/><U36/><E36/><V44/><F7/><W80/><G42/><T60/><D60/><U81/><E81/><N who="3" m="20738" /><W111/><DORA hai="99" /><G111/><T58/><D58/><U103/><E103/><V11/><F117/><W86/><G97/><T124/><D124/><U8/><E5/><V91/><F37/><W121/><G121/><T59/><D59/><U130/><E130/><V78/><F78/><W3/><G3/><T106/><D106/><U128/><E128/><V105/><F105/><W62/><G62/><T40/><D40/><N who="1" m="25063" /><E34/><V69/><F69/><W88/><AGARI ba="2,0" hai="46,50,55,84,85,86,88,90" m="20738,48138" machi="88" ten="40,5200,0" yaku="18,1,52,1,54,1" doraHai="48,99" who="3" fromWho="3" sc="240,-15,303,-28,250,-15,207,58" /><INIT seed="2,0,0,1,5,89" ten="225,275,235,265" oya="2" hai0="3,131,102,55,47,130,96,126,87,119,82,18,51" hai1="20,22,79,62,116,43,52,91,78,60,113,9,1" hai2="31,132,7,39,134,135,112,88,29,0,36,75,42" hai3="34,33,85,10,46,64,15,76,81,38,32,44,86"/><V99/><F112/><W100/><G64/><T58/><D3/><U123/><E116/><V127/><F75/><W109/><G109/><T83/><D119/><U56/><E113/><V115/><F115/><W30/><G30/><N who="2" m="11273" /><F127/><W4/><G38/><T8/><D126/><U50/><E123/><V80/><F42/><W93/><G86/><T77/><D83/><U11/><E1/><V69/><F69/><W25/><G25/><T13/><REACH who="0" step="1"/><D47/><REACH who="0" ten="215,275,235,265" step="2"/><U97/><E78/><V5/><F80/><W95/><REACH who="3" step="1"/><G100/><REACH who="3" ten="215,275,235,255" step="2"/><T21/><D21/><U72/><E22/><V90/><F0/><W122/><G122/><T84/><D84/><U133/><E20/><V37/><F99/><W45/><AGARI ba="0,2" hai="4,10,15,32,33,34,44,45,46,76,81,85,93,95" machi="45" ten="40,8000,1" yaku="1,1,0,1,52,2,53,0" doraHai="89" doraHaiUra="23" who="3" fromWho="3" sc="215,-20,275,-20,235,-40,255,100" /><INIT seed="3,0,0,3,1,95" ten="195,255,195,355" oya="3" hai0="1,80,31,131,47,14,26,23,133,22,7,100,28" hai1="27,63,114,122,4,120,85,71,74,104,64,135,110" hai2="126,25,40,9,98,109,123,34,96,11,81,61,89" hai3="76,97,44,82,103,50,49,29,46,19,54,55,60"/><W6/><G29/><T38/><D131/><U62/><E114/><V16/><F40/><W58/><G6/><T108/><D108/><U112/><E112/><V12/><F109/><W3/><G3/><T0/><D38/><U72/><E110/><V53/><F34/><W91/><G19/><N who="0" m="10615" /><D47/><U84/><E104/><V57/><F126/><W115/><G115/><T121/><D80/><U37/><E37/><V92/><F123/><W59/><G91/><T30/><D100/><U106/><E106/><V41/><F41/><W35/><G35/><T118/><D121/><U77/><E135/><V18/><F81/><W117/><G60/><T67/><D67/><U66/><E4/><V107/><F107/><W5/><G5/><T99/><D99/><N who="2" m="37930" /><F25/><W65/><G65/><T56/><D56/><U87/><E27/><V52/><F53/><W132/><G132/><T88/><D88/><U10/><E122/><V93/><F89/><W51/><G117/><T86/><D86/><U94/><E74/><V78/><F78/><W125/><G125/><T102/><D102/><U2/><E120/><V116/><F116/><W24/><G24/><T15/><D133/><U21/><E77/><V48/><F61/><W42/><G82/><T73/><D73/><U129/><E63/><V13/><AGARI ba="0,0" hai="9,11,12,13,16,18,48,52,57,92,93" m="37930" machi="13" ten="30,12000,2" yaku="8,1,52,3,54,2" doraHai="95" who="2" fromWho="2" sc="195,-30,255,-30,195,120,355,-60" /><INIT seed="4,0,0,4,5,109" ten="165,225,315,295" oya="0" hai0="67,51,5,34,23,18,76,97,48,14,52,83,70" hai1="104,64,120,32,53,128,33,13,115,135,1,92,4" hai2="30,38,116,31,49,20,24,16,29,0,80,134,94" hai3="62,110,89,59,39,112,60,63,74,17,11,119,100"/><T87/><D34/><U41/><E120/><V105/><F105/><W19/><G110/><T82/><D70/><U21/><E104/><V81/><F38/><W117/><G39/><T93/><D67/><U43/><E135/><V107/><F107/><W113/><G74/><T58/><D5/><U131/><E1/><V68/><F68/><W55/><G100/><T122/><D122/><U69/><E53/><V6/><F134/><W101/><G101/><T25/><D83/><U26/><E92/><V86/><F116/><W47/><G89/><T37/><D37/><U102/><E102/><V108/><F108/><W121/><G121/><T111/><D111/><U132/><E132/><V40/><F6/><W85/><G85/><T28/><D51/><U71/><E13/><V103/><F0/><W127/><G11/><T84/><D84/><U125/><E4/><V27/><F27/><W99/><G99/><T88/><D14/><U61/><E125/><V8/><F8/><W123/><G123/><T46/><D46/><U95/><E95/><V35/><F35/><N who="1" m="13385" /><E71/><V45/><F86/><W79/><G79/><T90/><REACH who="0" step="1"/><D28/><REACH who="0" ten="155,225,315,295" step="2"/><U96/><E69/><V78/><F78/><AGARI ba="0,1" hai="18,23,25,48,52,58,76,78,82,87,88,90,93,97" machi="78" ten="40,12000,1" yaku="1,1,2,1,8,1,54,2,53,0" doraHai="109" doraHaiUra="56" who="0" fromWho="2" sc="155,130,225,0,315,-120,295,0" /><INIT seed="4,1,0,5,1,65" ten="285,225,195,295" oya="0" hai0="20,94,26,70,84,33,112,91,40,68,108,115,122" hai1="61,105,58,107,135,13,15,24,1,86,101,12,34" hai2="4,57,48,83,29,103,89,45,50,39,129,31,21" hai3="81,25,90,23,3,46,35,127,28,38,72,14,79"/><T123/><D33/><U2/><E135/><V59/><F129/><W49/><G127/><T19/><D40/><U87/><E34/><V106/><F4/><W30/><G38/><T124/><D124/><U47/><E24/><V63/><F39/><W80/><G3/><T102/><D102/><U100/><E47/><V43/><F106/><W42/><G14/><T9/><D9/><U116/><E15/><V109/><F103/><W78/><G90/><T51/><D51/><U130/><E58/><V7/><F7/><W133/><G133/><T121/><REACH who="0" step="1"/><D108/><REACH who="0" ten="275,225,195,295" step="2"/><U36/><E36/><V111/><F50/><W125/><G125/><T120/><N who="0" m="30720" /><DORA hai="73" /><T66/><D66/><U37/><E37/><V27/><F48/><W98/><G35/><T126/><D126/><U62/><REACH who="1" step="1"/><E130/><REACH who="1" ten="275,215,195,295" step="2"/><V88/><F109/><W74/><G98/><T56/><D56/><U41/><E41/><V32/><F57/><W55/><G42/><T8/><D8/><U44/><E44/><V95/><F59/><W82/><G46/><T60/><D60/><U22/><E22/><V17/><F21/><W110/><G110/><T104/><D104/><U85/><E85/><V77/><F63/><W54/><G49/><T10/><D10/><U132/><E132/><V92/><F45/><W134/><G134/><T76/><D76/><N who="3" m="29225" /><G72/><T119/><D119/><AGARI ba="1,2" hai="1,2,12,13,61,62,86,87,100,101,105,107,116,119" machi="119" ten="25,3200,0" yaku="1,1,22,2,53,0" doraHai="65,73" doraHaiUra="71,128" who="1" fromWho="0" sc="275,-35,215,55,195,0,295,0" /><INIT seed="5,0,0,4,2,77" ten="240,270,195,295" oya="1" hai0="35,34,130,76,74,111,21,98,17,44,22,106,41" hai1="91,92,28,124,37,10,3,42,24,85,38,6,65" hai2="103,32,58,131,120,48,90,56,101,45,11,115,95" hai3="55,18,107,133,81,105,59,109,100,128,47,117,99"/><U43/><E124/><V127/><F120/><W23/><G109/><T26/><D111/><U52/><E65/><V108/><F108/><W46/><G128/><T68/><D68/><U116/><E116/><V54/><F131/><W67/><G133/><T39/><D130/><U123/><E123/><V88/><F32/><W93/><G117/><T125/><D125/><U5/><E5/><V122/><F122/><W110/><G110/><T64/><D64/><U27/><E27/><V31/><F115/><W126/><G126/><T40/><D40/><U51/><E38/><V25/><F11/><W129/><G129/><T135/><D135/><U113/><E37/><V20/><F127/><W57/><G105/><T118/><D118/><U49/><E49/><V114/><F90/><W119/><G107/><T72/><D98/><U33/><REACH who="1" step="1"/><E113/><REACH who="1" ten="240,260,195,295" step="2"/><V132/><F114/><W12/><G119/><T89/><D26/><U0/><E0/><V29/><F132/><W1/><G1/><T36/><D39/><U102/><E102/><N who="2" m="38923" /><F31/><W50/><G67/><T121/><D121/><U84/><E84/><AGARI ba="0,1" hai="20,25,29,45,48,54,56,58,84,88,95" m="38923" machi="84" ten="30,2000,0" yaku="8,1,54,1" doraHai="77" who="2" fromWho="1" sc="240,0,260,-20,195,30,295,0" /><INIT seed="6,0,0,2,1,28" ten="240,240,225,295" oya="2" hai0="10,86,77,79,64,88,54,36,129,111,47,71,90" hai1="53,119,19,46,4,60,62,9,103,123,61,83,48" hai2="17,55,96,44,73,68,128,31,8,84,66,99,120" hai3="80,58,127,131,91,30,24,124,0,14,50,69,39"/><V89/><F73/><W26/><G0/><T117/><D111/><U7/><E119/><V105/><F128/><W37/><G69/><T108/><D108/><U13/><E123/><V70/><F120/><W113/><G131/><T104/><D129/><U95/><E103/><V38/><F31/><W29/><G14/><T57/><D104/><U82/><E95/><V135/><F135/><W110/><G110/><T94/><D117/><U107/><E107/><V1/><F66/><W132/><G132/><T102/><D102/><U112/><E112/><V52/><F68/><W81/><G58/><T74/><D10/><U43/><E43/><V93/><F70/><W67/><G50/><T42/><D90/><U109/><E109/><V18/><F105/><W22/><G91/><T6/><D6/><AGARI ba="0,0" hai="4,6,7,9,13,19,46,48,53,60,61,62,82,83" machi="6" ten="40,1300,0" yaku="8,1" doraHai="28" who="1" fromWho="0" sc="240,-13,240,13,225,0,295,0" /><INIT seed="7,0,0,1,4,43" ten="227,253,225,295" oya="3" hai0="118,107,127,47,120,125,45,124,110,12,44,37,38" hai1="103,50,22,72,46,87,30,40,89,74,11,63,32" hai2="28,90,19,94,78,81,21,73,79,133,92,101,135" hai3="58,18,48,130,4,10,33,31,66,111,80,3,96"/><W5/><G130/><T113/><D110/><U97/><E32/><V13/><F78/><W7/><G111/><T112/><D118/><U51/><E11/><V134/><F101/><W99/><G3/><T114/><D120/><U27/><E51/><V129/><F129/><W68/><G68/><T132/><D132/><U70/><E70/><V55/><F90/><W126/><G126/><T82/><D107/><U122/><E63/><V102/><F102/><W106/><G106/><T29/><D29/><U108/><E122/><V84/><F73/><W93/><G31/><T20/><D82/><U14/><E14/><V8/><F55/><N who="3" m="32103" /><G33/><T53/><D53/><U105/><REACH who="1" step="1"/><E108/><REACH who="1" ten="227,243,225,295" step="2"/><V6/><F28/><W128/><G128/><T117/><D117/><U115/><E115/><V34/><F34/><W2/><G2/><AGARI ba="0,1" hai="2,6,8,13,19,21,79,81,84,92,94,133,134,135" machi="2" ten="40,1300,0" yaku="20,1" doraHai="43" who="2" fromWho="3" sc="227,0,243,0,225,23,295,-13" /><INIT seed="8,0,0,2,1,119" ten="227,243,248,282" oya="0" hai0="80,33,64,42,87,72,60,77,92,67,10,21,128" hai1="75,78,24,112,34,23,12,3,126,17,59,57,125" hai2="115,6,106,35,22,132,133,118,69,26,123,89,104" hai3="15,71,91,102,81,41,122,14,30,68,46,108,49"/><T86/><D33/><U19/><E78/><V82/><F118/><W76/><G108/><T65/><D128/><U70/><E75/><V11/><F115/><W51/><G102/><T134/><D134/><N who="2" m="51818" /><F69/><W113/><G113/><T127/><D127/><N who="1" m="48651" /><E57/><V95/><F82/><W31/><G122/><T53/><D42/><U97/><E59/><V43/><F43/><W100/><G100/><T62/><D10/><U1/><E97/><N who="2" m="57583" /><F35/><W54/><G76/><T99/><D21/><N who="1" m="11431" /><E70/><V94/><F94/><W109/><G71/><T18/><D18/><U129/><E112/><V120/><F106/><W107/><G107/><T56/><REACH who="0" step="1"/><D62/><REACH who="0" ten="217,243,248,282" step="2"/><U44/><E129/><V4/><F104/><W85/><G109/><T45/><D45/><U27/><E44/><V110/><F110/><W116/><G116/><T93/><D93/><U9/><E9/><V20/><F6/><W74/><G46/><T29/><D29/><AGARI ba="0,1" hai="1,3,19,23,24,27,29,34" m="11431,48651" machi="29" ten="30,3900,0" yaku="18,1,34,2" doraHai="119" who="1" fromWho="0" sc="217,-39,243,49,248,0,282,0" /><INIT seed="9,0,0,5,4,10" ten="178,292,248,282" oya="1" hai0="38,43,45,2,33,94,119,84,111,118,89,92,13" hai1="73,39,53,88,80,67,115,42,78,8,134,85,61" hai2="123,130,54,98,68,135,48,122,75,46,74,16,102" hai3="112,31,65,76,18,36,56,110,60,32,69,108,66"/><U27/><E115/><V3/><F3/><W131/><G112/><T82/><D2/><U14/><E134/><V95/><F135/><W57/><G131/><T7/><D33/><U21/><E53/><V116/><F130/><W86/><G36/><T72/><D111/><U0/><E0/><V55/><F68/><W5/><G5/><T35/><D35/><U17/><E39/><V105/><F116/><W109/><G32/><T30/><D30/><U6/><E42/><V126/><F126/><W49/><G31/><T63/><D63/><U64/><E61/><V127/><F127/><W107/><G107/><T34/><D34/><U71/><E71/><V133/><F133/><W101/><G101/><T121/><D121/><U97/><E97/><V106/><F122/><W4/><G18/><T12/><D7/><U41/><E41/><V19/><F123/><W44/><G4/><T99/><D72/><U52/><E52/><V81/><F55/><N who="3" m="30119" /><G65/><T103/><REACH who="0" step="1"/><D94/><AGARI ba="0,0" hai="6,8,14,17,21,27,64,67,73,78,80,85,88,94" machi="94" ten="30,5800,0" yaku="7,1,52,1,54,1" doraHai="10" who="1" fromWho="0" sc="178,-58,292,58,248,0,282,0" owari="120,-38.0,350,45.0,248,-15.0,282,8.0" /></mjloggm>