<mjloggm ver="2.3"><GO type="169" lobby="0"/><UN n0="%E3%82%B3%E3%81%98%E3%81%95%E3%82%93%EF%BC%9F" n1="%6B%61%61%6E%79%75%79%75" n2="%53%2E%52" n3="%E8%8B%B1%E5%9B%BD%E5%A3%B2%E5%8D%B4" dan="18,16,16,17" rate="2215.32,2070.44,2136.42,2126.48" sx="M,M,M,M"/><TAIKYOKU oya="0"/><INIT seed="0,0,0,2,4,73" ten="250,250,250,250" oya="0" hai0="27,21,49,87,133,18,53,126,11,1,2,29,69" hai1="119,43,31,16,92,115,26,32,64,61,35,135,105" hai2="77,80,47,123,9,121,103,127,46,112,25,68,40" hai3="78,76,13,108,131,23,50,3,10,30,118,117,111"/><T71/><D126/><U62/><E119/><V83/><F112/><W81/><G81/><T14/><D133/><U113/><E105/><V22/><F68/><W74/><G74/><T99/><D99/><U28/><E135/><V114/><F83/><W67/><G67/><T44/><REACH who="0" step="1"/><D87/><REACH who="0" ten="240,250,250,250" step="2"/><U86/><E86/><N who="2" m="48399" /><F114/><W4/><G117/><T5/><D5/><U54/><E113/><V85/><F127/><W17/><G118/><T52/><D52/><U60/><E54/><V129/><F85/><W57/><G131/><T124/><D124/><U37/><E115/><V38/><F129/><W36/><G36/><T56/><D56/><U110/><E37/><V107/><F38/><W88/><G57/><T82/><D82/><U19/><E64/><V65/><F65/><W122/><G122/><T51/><D51/><U12/><E43/><V134/><F40/><W120/><G50/><T104/><D104/><U97/><E97/><N who="2" m="61935" /><F134/><W130/><G120/><T100/><D100/><U48/><E48/><V94/><F123/><W89/><G130/><T42/><D42/><U33/><E61/><V101/><F121/><W8/><G111/><T93/><D93/><U128/><E92/><V79/><F94/><W55/><G108/><T72/><D72/><U98/><E110/><V109/><F101/><W90/><REACH who="3" step="1"/><G55/><REACH who="3" ten="240,250,250,240" step="2"/><T45/><D45/><U75/><E75/><V116/><F109/><W91/><N who="3" m="22528" /><DORA hai="106" /><W15/><G15/><T63/><D63/><U59/><E60/><V34/><F47/><W58/><G58/><T6/><D6/><U125/><E59/><V0/><F46/><RYUUKYOKU ba="0,2" sc="240,15,250,-15,250,-15,240,15" hai0="1,2,11,14,18,21,27,29,44,49,53,69,71" hai3="3,4,8,10,13,17,23,30,76,78" /><INIT seed="0,1,2,1,0,101" ten="255,235,235,255" oya="0" hai0="67,88,76,30,71,5,109,104,123,40,75,135,12" hai1="81,125,72,70,38,122,63,68,98,83,29,114,61" hai2="31,7,65,84,49,119,51,13,20,103,37,4,33" hai3="111,134,90,48,9,42,116,6,87,100,82,96,94"/><T55/><D123/><U8/><E122/><V102/><F33/><W107/><G111/><T3/><D3/><U121/><E121/><V60/><F37/><W78/><G134/><T64/><D135/><U10/><E29/><V89/><F119/><W35/><G35/><T130/><D109/><U15/><E38/><V44/><F49/><W127/><G127/><T53/><D130/><U73/><E15/><V39/><F39/><W79/><G116/><T115/><D115/><U85/><E85/><V46/><F44/><W133/><G133/><T117/><D40/><U99/><REACH who="1" step="1"/><E125/><REACH who="1" ten="255,225,235,255" step="2"/><V131/><F31/><W18/><G18/><T32/><D30/><U0/><E0/><V91/><F131/><W62/><G62/><T1/><D12/><U110/><E110/><V105/><F84/><W126/><G126/><T34/><D1/><U26/><E26/><V132/><F132/><W27/><G27/><T124/><D124/><U11/><E11/><V14/><F13/><W66/><G9/><T22/><D117/><U118/><E118/><V106/><F14/><W21/><G6/><T25/><D5/><U24/><E24/><V36/><F36/><W41/><G48/><T93/><D25/><U74/><E74/><V120/><F4/><W2/><G2/><T92/><D75/><U57/><E57/><V43/><F7/><W95/><G21/><T59/><D22/><U19/><E19/><V54/><F20/><W86/><G79/><T69/><D76/><U97/><E97/><N who="2" m="61647" /><F120/><W52/><G78/><T56/><D32/><U80/><E80/><V16/><F16/><RYUUKYOKU ba="1,3" sc="255,-10,225,30,235,-10,255,-10" hai1="8,10,61,63,68,70,72,73,81,83,98,99,114" /><INIT seed="1,2,3,2,2,31" ten="245,255,225,245" oya="1" hai0="111,130,134,71,10,90,4,25,106,85,14,119,55" hai1="89,125,34,59,88,57,48,35,117,77,95,112,114" hai2="135,72,56,63,103,107,7,15,75,46,32,60,121" hai3="39,69,17,96,105,99,104,123,102,16,40,100,131"/><U84/><E117/><V133/><F121/><W1/><G123/><T66/><D119/><U23/><E77/><V70/><F70/><W118/><G69/><T82/><D111/><U91/><E125/><V110/><F110/><W11/><G118/><T122/><D122/><U20/><E84/><V101/><F63/><W38/><G131/><T41/><D130/><U27/><E48/><V115/><F115/><N who="1" m="44073" /><E27/><V124/><F124/><W74/><G74/><N who="2" m="28201" /><F32/><N who="1" m="12329" /><E95/><V94/><F107/><W19/><G40/><T43/><D85/><U76/><E76/><V80/><F80/><W67/><G67/><T8/><D82/><U3/><E3/><V120/><F120/><W26/><G26/><T53/><D25/><U62/><E62/><V45/><F15/><W6/><AGARI ba="2,3" hai="1,6,11,16,17,19,38,39,96,99,100,102,104,105" machi="6" ten="30,4000,0" yaku="0,1,9,1,54,1" doraHai="31" who="3" fromWho="3" sc="245,-12,255,-22,225,-12,245,76" /><INIT seed="2,0,0,1,0,34" ten="233,233,213,321" oya="2" hai0="83,17,75,89,106,6,97,53,64,93,116,11,51" hai1="62,57,37,132,127,32,25,52,24,50,103,114,88" hai2="134,46,124,110,126,81,44,70,107,26,33,74,131" hai3="0,42,35,96,76,7,39,120,91,121,111,72,109"/><V90/><F107/><W8/><G91/><T3/><D116/><U73/><E114/><V5/><F70/><W82/><G96/><T118/><D118/><U115/><E115/><V129/><F5/><W69/><G69/><T60/><D106/><U19/><E73/><V113/><F113/><W40/><G40/><T135/><D135/><U125/><E37/><V78/><F134/><W123/><G35/><T102/><D17/><U16/><E103/><V59/><F110/><W41/><G41/><T29/><D29/><U2/><E2/><V98/><F59/><W14/><REACH who="3" step="1"/><G14/><REACH who="3" ten="233,233,213,311" step="2"/><T104/><D89/><U95/><E32/><V30/><F98/><W112/><G112/><T18/><D97/><N who="1" m="57575" /><E132/><V86/><F124/><N who="1" m="47689" /><E62/><V101/><F126/><W94/><G94/><T22/><D93/><U108/><E108/><V54/><F101/><W56/><G56/><T133/><D60/><U71/><E71/><V1/><F1/><W38/><G38/><T105/><D3/><U28/><E24/><V23/><F33/><W12/><G12/><N who="0" m="5239" /><D102/><U49/><E50/><V67/><F44/><AGARI ba="0,1" hai="0,7,8,39,42,44,72,76,82,109,111,120,121,123" machi="44" ten="50,12000,2" yaku="1,1,25,2,23,2,52,1,53,0" doraHai="34" doraHaiUra="66" who="3" fromWho="2" sc="233,0,233,0,213,-120,311,130" /><INIT seed="3,0,0,0,1,33" ten="233,233,93,441" oya="3" hai0="96,28,90,29,124,78,13,76,11,132,66,111,64" hai1="87,27,9,1,43,110,40,45,134,102,30,92,31" hai2="7,85,25,44,34,24,71,21,118,98,58,35,50" hai3="114,10,121,135,39,75,70,115,103,42,89,67,77"/><W41/><G41/><T16/><BYE who="1" /><D111/><U38/><E38/><V104/><F71/><W101/><G89/><UN n1="%6B%61%61%6E%79%75%79%75" /><T97/><D124/><U131/><E110/><V61/><F118/><W80/><G101/><T49/><D132/><U23/><E134/><V19/><F7/><W72/><G103/><T4/><D49/><U108/><E108/><V52/><F25/><W130/><G135/><T0/><D29/><U128/><E30/><V106/><F85/><W109/><G109/><T47/><D47/><U120/><E120/><V12/><F98/><W62/><G130/><N who="1" m="49706" /><E45/><V113/><F113/><W112/><G10/><T79/><D28/><U105/><E105/><V95/><F95/><W74/><REACH who="3" step="1"/><G121/><REACH who="3" ten="233,233,93,431" step="2"/><T51/><D90/><N who="1" m="53343" /><E102/><V59/><F106/><W84/><G84/><T68/><D97/><U99/><E99/><V69/><F104/><W83/><G83/><T119/><D96/><U5/><AGARI ba="0,1" hai="1,5,9,23,27,31,40,43" m="53343,49706" machi="5" ten="30,2000,0" yaku="19,1,52,1" doraHai="33" who="1" fromWho="1" sc="233,-5,233,30,93,-5,431,-10" /><INIT seed="4,0,0,4,0,9" ten="228,263,88,421" oya="0" hai0="119,49,38,118,59,14,85,63,74,33,103,56,83" hai1="86,124,77,54,37,22,4,92,81,134,1,3,131" hai2="105,2,87,25,68,102,95,43,76,15,34,58,94" hai3="41,90,97,107,115,91,135,121,113,42,75,24,28"/><T61/><D33/><U82/><E37/><V62/><F2/><W12/><G12/><T100/><D38/><U72/><E131/><V106/><F43/><N who="3" m="16395" /><G75/><T93/><D74/><U129/><E129/><V23/><F68/><W123/><G107/><T6/><D49/><U64/><E134/><V69/><F34/><W18/><G18/><T31/><D31/><U26/><E64/><V55/><F69/><W36/><G36/><T30/><D30/><U20/><E124/><V109/><F109/><W45/><G45/><T11/><D118/><U132/><E132/><V110/><F110/><W51/><G51/><T8/><D119/><U66/><E66/><V84/><F106/><W48/><G48/><T44/><D44/><U65/><E65/><V27/><F105/><W57/><G57/><N who="0" m="22091" /><D11/><U88/><E54/><V60/><F60/><N who="0" m="23114" /><D93/><N who="2" m="35338" /><F102/><W125/><G97/><T114/><D114/><N who="3" m="43529" /><G125/><T98/><D98/><U13/><E82/><N who="2" m="47175" /><F87/><W16/><G28/><T40/><D40/><U128/><E128/><V96/><F96/><W108/><G108/><T53/><D53/><U99/><E72/><V130/><F130/><W47/><G47/><T78/><AGARI ba="0,0" hai="6,8,14,78,83,85,100,103" m="23114,22091" machi="78" ten="30,3000,0" yaku="8,1,52,1" doraHai="9" who="0" fromWho="0" sc="228,30,263,-10,88,-10,421,-10" /><INIT seed="4,1,0,1,0,90" ten="258,253,78,411" oya="0" hai0="9,41,2,94,58,30,45,122,54,11,28,88,128" hai1="123,38,85,4,84,34,49,12,42,110,86,120,13" hai2="79,101,100,124,37,76,65,61,108,113,119,48,46" hai3="93,112,8,67,83,21,114,77,44,52,19,74,1"/><T53/><D122/><U91/><E34/><V23/><F108/><W107/><G107/><T116/><D116/><U102/><E38/><V87/><F37/><W95/><G67/><T70/><D70/><U134/><E110/><V105/><F119/><W55/><G8/><T3/><D128/><U131/><E131/><V56/><F113/><N who="3" m="43627" /><G1/><T22/><D2/><U78/><E134/><V127/><F105/><W97/><G97/><N who="0" m="57543" /><D3/><U40/><E78/><V20/><F20/><W10/><G10/><N who="0" m="3595" /><D22/><U132/><E132/><V62/><F23/><W109/><G109/><T82/><D82/><U60/><E120/><V104/><F104/><W51/><G55/><N who="0" m="21003" /><D58/><U135/><E123/><V68/><F127/><W133/><G133/><T63/><D63/><U71/><E60/><V24/><F124/><W29/><G29/><T99/><D99/><U33/><E71/><V72/><F72/><W66/><G66/><T6/><D6/><U15/><E33/><V17/><F68/><W50/><G50/><AGARI ba="1,0" hai="28,30,41,45,50" m="21003,3595,57543" machi="50" ten="30,5800,0" yaku="8,1,52,1,54,1" doraHai="90" who="0" fromWho="3" sc="258,61,253,0,78,0,411,-61" /><INIT seed="4,2,0,2,4,122" ten="319,253,78,350" oya="0" hai0="98,2,64,127,113,135,130,29,8,23,55,121,54" hai1="129,16,24,17,118,0,89,90,42,85,99,31,105" hai2="15,66,109,71,116,34,111,114,133,102,53,4,38" hai3="119,36,63,128,6,26,73,69,91,94,40,77,104"/><T78/><D121/><U67/><E118/><V59/><F34/><W20/><G104/><T49/><D113/><U107/><E0/><V65/><F102/><W132/><G119/><T103/><D127/><U83/><E129/><V28/><F28/><W117/><G128/><T108/><D130/><U45/><E67/><N who="2" m="25611" /><F15/><W41/><G69/><T134/><D78/><U12/><E89/><V62/><F4/><W3/><G63/><T87/><D64/><U131/><E131/><V126/><F116/><W5/><G36/><T35/><D55/><U68/><E68/><V76/><F76/><W13/><G132/><T51/><D51/><U60/><E60/><V18/><F18/><W14/><G77/><T95/><D87/><U56/><E99/><V88/><F88/><W11/><G73/><T120/><D35/><U96/><E96/><V92/><F92/><W97/><G117/><T57/><D120/><U47/><E105/><V125/><F71/><W22/><G3/><T124/><D8/><U27/><E107/><V75/><F75/><W58/><G58/><T101/><D101/><U84/><E12/><V50/><F38/><W70/><G70/><T1/><D1/><U39/><E31/><V61/><F133/><N who="0" m="50698" /><D2/><U48/><E85/><V33/><F33/><W106/><G106/><T81/><D29/><U46/><E24/><V72/><F72/><W30/><G22/><T74/><D23/><N who="1" m="13799" /><E17/><V80/><F80/><W43/><G11/><T82/><D74/><U100/><E100/><V32/><F32/><W37/><G37/><T10/><D82/><U7/><E7/><AGARI ba="2,0" hai="5,6,7,13,14,20,26,30,40,41,43,91,94,97" machi="7" ten="40,2600,0" yaku="6,1,8,1" doraHai="122" who="3" fromWho="1" sc="319,0,253,-32,78,0,350,32" /><INIT seed="5,0,0,5,0,87" ten="319,221,78,382" oya="1" hai0="54,105,1,15,10,14,29,19,69,81,100,20,131" hai1="97,64,77,42,25,65,86,114,68,35,92,7,123" hai2="122,84,102,126,62,51,85,79,56,40,41,74,17" hai3="73,72,53,11,71,125,93,127,119,24,101,94,37"/><U110/><E123/><V113/><F122/><W103/><G53/><T107/><D69/><U28/><E114/><V49/><F113/><W124/><G37/><T135/><D1/><U111/><E42/><V91/><F126/><W109/><G71/><T59/><D131/><U88/><E7/><V99/><F74/><N who="3" m="28779" /><G11/><T58/><D135/><U3/><E3/><V76/><F84/><W34/><G109/><N who="1" m="41482" /><E68/><V4/><F4/><W80/><G80/><AGARI ba="0,0" hai="25,28,35,64,65,77,80,86,88,92,97" m="41482" machi="80" ten="30,5800,0" yaku="10,1,52,1,54,1" doraHai="87" who="1" fromWho="3" sc="319,0,221,58,78,0,382,-58" /><INIT seed="5,1,0,0,4,80" ten="319,279,78,324" oya="1" hai0="41,87,61,74,54,62,49,29,67,22,2,27,32" hai1="64,120,42,105,63,40,100,129,131,134,88,121,35" hai2="75,128,4,94,30,126,13,70,104,95,57,107,9" hai3="89,90,47,52,25,106,132,34,117,51,37,109,10"/><U50/><E35/><V108/><F70/><W14/><G109/><T68/><D74/><U123/><E100/><V17/><F108/><W56/><G106/><T114/><D114/><U76/><E76/><V72/><F128/><N who="1" m="49225" /><E105/><V19/><F126/><W28/><G132/><T69/><D2/><U20/><E20/><V1/><F57/><W23/><G34/><T45/><D32/><U99/><E134/><V0/><F30/><W71/><G71/><T91/><D41/><N who="1" m="15979" /><E88/><N who="3" m="33898" /><G37/><T103/><D103/><U92/><E92/><V125/><F125/><W127/><G117/><T122/><D122/><U118/><E99/><V65/><F65/><W15/><G127/><T48/><D69/><N who="1" m="42143" /><E50/><V81/><F81/><W98/><G98/><T31/><D31/><U16/><E16/><V111/><F111/><W46/><G15/><T21/><D49/><U18/><E18/><AGARI ba="1,0" hai="10,14,18,23,25,28,46,47,51,52,56" m="33898" machi="18" ten="30,3900,0" yaku="8,1,54,2" doraHai="80" who="3" fromWho="1" sc="319,0,279,-42,78,0,324,42" /><INIT seed="6,0,0,5,0,55" ten="319,237,78,366" oya="2" hai0="40,41,126,101,23,21,89,5,125,107,121,112,124" hai1="36,97,39,93,25,35,14,109,43,118,47,105,102" hai2="80,134,34,74,16,10,18,56,11,53,108,22,130" hai3="132,92,64,82,135,94,38,60,7,65,46,78,0"/><V69/><F69/><W88/><G7/><T51/><D121/><U29/><E118/><V116/><F116/><W66/><G0/><T123/><D123/><U133/><E133/><N who="3" m="51274" /><G94/><T114/><D5/><U17/><E109/><V117/><F117/><W73/><G46/><N who="0" m="26055" /><D41/><U30/><E30/><V113/><F34/><W12/><G12/><T4/><D4/><U33/><E33/><V96/><F134/><W26/><G26/><T13/><D89/><U83/><E83/><V44/><F108/><W110/><G38/><T122/><D122/><U61/><E61/><V95/><F130/><W37/><G37/><T6/><D6/><U129/><E129/><V24/><F18/><W84/><G110/><T81/><D81/><U71/><E71/><AGARI ba="0,0" hai="60,64,65,66,71,73,78,82,84,88,92" m="51274" machi="71" ten="30,2000,0" yaku="20,1,54,1" doraHai="55" who="3" fromWho="1" sc="319,0,237,-20,78,0,366,20" /><INIT seed="7,0,0,1,4,129" ten="319,217,78,386" oya="3" hai0="132,0,11,116,124,76,80,26,55,127,1,92,43" hai1="88,79,118,14,110,119,58,134,90,28,59,62,128" hai2="19,61,131,8,31,103,60,78,98,46,102,56,50" hai3="115,20,23,71,29,82,10,125,54,117,114,85,74"/><W12/><G71/><T75/><D116/><U32/><E110/><V15/><F131/><W97/><G117/><N who="1" m="44554" /><E128/><V64/><F78/><W93/><G74/><T86/><D26/><N who="1" m="18455" /><E134/><V113/><F113/><W101/><G54/><T109/><D109/><U87/><E14/><V111/><F111/><W96/><G96/><T105/><D105/><U6/><E6/><V65/><F31/><W30/><G125/><T91/><D55/><N who="1" m="34143" /><E59/><V73/><F73/><W35/><G35/><T135/><D43/><U45/><E45/><V2/><F2/><W89/><G23/><T68/><D68/><U95/><E90/><V66/><F98/><W7/><G20/><T34/><D34/><U4/><E4/><V39/><F39/><W17/><G7/><N who="0" m="1511" /><D1/><U112/><E79/><V38/><F38/><W16/><G17/><T108/><D108/><U52/><E52/><V104/><F104/><W53/><G53/><T123/><D123/><U5/><E5/><V37/><F37/><W120/><G120/><T106/><D106/><U63/><E63/><V51/><F51/><W99/><G99/><T41/><D41/><U121/><E121/><V33/><F33/><W24/><G24/><T126/><D126/><U9/><E9/><V81/><F81/><W42/><G42/><T48/><D48/><U27/><E27/><V21/><F8/><W47/><G47/><T83/><D80/><U57/><E57/><V72/><F72/><W22/><G10/><T49/><D49/><U130/><E130/><V77/><F77/><W84/><G84/><T100/><D76/><U3/><E112/><AGARI ba="0,0" hai="12,16,22,29,30,82,85,89,93,97,101,112,114,115" machi="112" ten="40,7700,0" yaku="6,1,15,1,54,1" doraHai="129" who="3" fromWho="1" sc="319,0,217,-77,78,0,386,77" owari="319,12.0,140,-26.0,78,-42.0,463,56.0" /></mjloggm>