<mjloggm ver="2.3"><GO type="169" lobby="0"/><UN n0="%6B%61%6B%6B%6F%E6%A3%A0" n1="%E4%BB%8A%E6%9B%B4" n2="%6F%72%74%68%6F%70%65%64" n3="%E2%98%85%E5%B9%B3%E5%92%8C%E5%A7%AB%E2%98%85" dan="16,16,16,16" rate="2106.16,2087.00,2054.34,2091.45" sx="M,M,M,F"/><TAIKYOKU oya="0"/><INIT seed="0,0,0,1,2,42" ten="250,250,250,250" oya="0" hai0="132,81,53,37,36,123,58,17,115,125,13,18,118" hai1="65,86,83,6,111,22,52,72,64,48,19,26,97" hai2="3,39,25,61,50,56,43,40,66,29,35,30,128" hai3="21,69,92,45,135,90,55,78,102,87,100,41,119"/><T129/><D115/><U31/><E72/><V75/><F128/><W112/><G119/><T120/><D118/><U110/><E6/><V113/><F3/><W122/><G69/><T107/><D107/><U33/><E97/><V130/><F130/><W47/><G112/><T11/><D129/><U127/><E127/><V60/><F39/><W114/><G114/><T16/><D125/><U103/><E103/><V73/><F43/><W70/><G70/><T79/><D132/><U20/><E33/><V80/><F29/><W91/><G135/><T5/><D37/><U99/><E99/><V34/><F34/><W82/><G122/><T12/><D36/><U104/><E104/><V131/><F75/><W38/><G21/><T9/><D123/><U57/><E111/><V95/><F131/><W7/><G7/><T98/><D98/><U2/><E2/><V4/><F4/><W106/><G106/><T105/><D105/><U44/><E57/><V116/><F56/><W54/><G91/><T62/><REACH who="0" step="1"/><D120/><REACH who="0" ten="240,250,250,250" step="2"/><U23/><E110/><V51/><F116/><W117/><G117/><T14/><D14/><N who="1" m="9335" /><E23/><V89/><F113/><W15/><G38/><T67/><D67/><U68/><E68/><V63/><F66/><W77/><G15/><T71/><D71/><U121/><E121/><V8/><F35/><W49/><G41/><T93/><D93/><U24/><E24/><V74/><F95/><W46/><G92/><T59/><D59/><U0/><E0/><V101/><F25/><W10/><G10/><T76/><D76/><AGARI ba="0,1" hai="22,26,31,44,48,52,64,65,76,83,86" m="9335" machi="76" ten="30,3900,0" yaku="8,1,52,1,54,1" doraHai="42" who="1" fromWho="0" sc="240,-39,250,49,250,0,250,0" /><INIT seed="1,0,0,2,1,110" ten="201,299,250,250" oya="1" hai0="37,7,89,113,6,84,118,116,12,17,32,111,101" hai1="74,106,52,56,121,97,33,99,112,133,14,1,5" hai2="28,18,129,61,16,42,103,43,40,79,46,64,134" hai3="123,86,95,23,93,80,76,66,10,114,117,38,25"/><U11/><E121/><V107/><F129/><W65/><G114/><T58/><D32/><U35/><E74/><V55/><F79/><W27/><G38/><T90/><D37/><U102/><E112/><V85/><F28/><W83/><G123/><T125/><D111/><U135/><E97/><V75/><F75/><W91/><G117/><T68/><D68/><U47/><E47/><V88/><F134/><N who="1" m="51209" /><E1/><V59/><F103/><W67/><G10/><T9/><D101/><U132/><N who="1" m="51217" /><U48/><AGARI ba="0,0" hai="5,11,14,33,35,48,52,56,99,102,106" m="51217" machi="48" ten="40,7800,0" yaku="4,1,20,1,54,1" doraHai="110" who="1" fromWho="1" sc="201,-26,299,78,250,-26,250,-26" /><INIT seed="1,1,0,2,3,49" ten="175,377,224,224" oya="1" hai0="100,48,22,123,78,105,131,62,95,120,28,10,45" hai1="16,93,89,1,40,55,92,42,56,46,15,103,127" hai2="106,116,37,32,6,47,115,117,13,91,90,50,54" hai3="80,73,125,20,51,12,53,57,27,88,25,7,60"/><U82/><E1/><V5/><F32/><W34/><G125/><T39/><D105/><U110/><E110/><V98/><F37/><W94/><G34/><T102/><D39/><U9/><E127/><V67/><F67/><W36/><G36/><T29/><D131/><U126/><E126/><V59/><F115/><W113/><G113/><T79/><D62/><N who="1" m="36127" /><E103/><N who="0" m="39465" /><D10/><U130/><E130/><V21/><F106/><W119/><G119/><T83/><D95/><N who="1" m="36427" /><E46/><V108/><F108/><W112/><G112/><T23/><D79/><U121/><E121/><N who="0" m="46665" /><D28/><U38/><E38/><V134/><F116/><W14/><G73/><N who="0" m="43471" /><D29/><U97/><E97/><V43/><F98/><N who="3" m="57671" /><G80/><T66/><D66/><U74/><E74/><V41/><F117/><W17/><G60/><T69/><D69/><U86/><AGARI ba="1,0" hai="9,15,16,40,42,82,86,89" m="36427,36127" machi="86" ten="30,6000,0" yaku="8,1,52,1,54,1" doraHai="49" who="1" fromWho="1" sc="175,-21,377,63,224,-21,224,-21" /><INIT seed="1,2,0,1,2,21" ten="154,440,203,203" oya="1" hai0="96,67,59,28,43,100,4,61,34,135,91,106,11" hai1="102,44,22,64,73,124,51,70,76,71,127,81,35" hai2="132,85,47,83,79,29,89,87,5,131,25,42,2" hai3="78,94,1,113,69,80,32,122,125,72,0,27,53"/><U39/><E35/><V112/><F112/><W107/><G53/><T23/><D135/><U38/><E102/><V49/><F131/><W31/><G113/><T17/><D34/><U134/><E134/><V15/><F2/><W120/><G94/><T40/><D28/><U116/><E116/><V90/><F132/><W82/><G125/><N who="1" m="48202" /><E22/><N who="2" m="15543" /><F85/><W18/><G18/><T133/><D133/><U84/><E73/><V7/><F7/><W33/><G33/><T20/><D91/><U121/><E121/><V48/><F48/><W108/><G108/><T93/><D106/><U98/><E98/><V41/><F42/><W104/><G82/><T54/><D67/><U24/><E24/><V65/><F65/><W68/><G122/><T111/><D111/><U56/><E56/><V97/><F97/><W26/><G26/><N who="0" m="14607" /><D23/><U118/><E118/><V86/><F86/><W66/><G120/><T119/><D119/><U92/><E92/><V99/><F99/><W74/><G74/><T105/><D105/><N who="3" m="40521" /><G66/><T14/><AGARI ba="2,0" hai="4,11,14,40,43,54,59,61,93,96,100" m="14607" machi="14" ten="30,2000,0" yaku="8,1,52,1" doraHai="21" who="0" fromWho="0" sc="154,26,440,-12,203,-7,203,-7" /><INIT seed="2,0,0,0,1,98" ten="180,428,196,196" oya="2" hai0="2,106,50,121,6,45,74,103,80,12,18,105,26" hai1="123,131,100,77,122,81,61,113,17,51,28,92,7" hai2="85,101,76,125,20,41,120,5,9,91,36,96,107" hai3="134,130,39,75,30,13,111,1,19,95,116,90,71"/><V57/><F120/><W24/><G95/><T129/><D121/><U63/><E7/><V0/><F125/><W54/><G90/><T68/><D68/><U109/><E28/><V78/><F57/><W31/><G54/><T132/><D2/><U44/><E113/><V23/><F41/><W46/><G46/><T135/><D6/><U21/><E109/><V127/><F36/><W112/><G24/><T43/><D129/><U25/><E131/><V59/><F59/><W70/><G19/><T73/><D26/><U52/><E122/><V84/><F127/><W32/><G71/><T133/><D80/><U10/><E10/><V66/><F66/><W35/><G32/><T42/><D42/><U55/><E123/><V53/><F53/><W83/><G83/><T29/><D29/><U97/><E55/><V119/><F119/><W108/><G70/><T58/><D58/><U38/><REACH who="1" step="1"/><E38/><REACH who="1" ten="180,418,196,196" step="2"/><V69/><F69/><W104/><G35/><T115/><D115/><U22/><E22/><V8/><F8/><W62/><G39/><T94/><D73/><AGARI ba="0,1" hai="17,21,25,44,51,52,61,63,73,77,81,92,97,100" machi="73" ten="30,12000,2" yaku="1,1,7,1,52,1,54,1,53,2" doraHai="98" doraHaiUra="56" who="1" fromWho="0" sc="180,-120,418,130,196,0,196,0" /><INIT seed="3,0,0,3,1,78" ten="60,548,196,196" oya="3" hai0="19,100,102,47,76,70,53,73,86,18,37,10,80" hai1="84,68,7,8,43,108,88,75,61,1,98,112,46" hai2="121,101,91,23,11,72,26,65,99,107,71,44,33" hai3="123,36,115,124,52,130,3,106,125,111,97,30,12"/><W41/><G123/><T25/><D70/><U51/><E112/><V74/><F121/><W0/><G115/><T85/><D37/><U69/><E75/><V94/><F11/><W42/><G130/><T105/><D73/><U89/><E108/><V118/><F44/><W82/><G111/><T122/><D122/><U34/><E34/><V57/><F118/><W29/><G12/><T129/><D129/><U22/><E61/><V90/><F90/><W21/><G97/><T126/><D126/><U54/><E22/><V92/><F33/><W2/><G106/><T81/><D105/><U45/><E98/><V4/><F107/><W58/><G82/><N who="0" m="31851" /><D76/><U119/><E119/><V9/><F71/><W59/><G21/><N who="0" m="13495" /><D47/><U32/><E32/><V96/><F74/><W66/><G36/><T39/><D39/><U116/><E116/><V62/><F72/><W132/><G124/><T63/><D53/><U83/><E89/><V127/><F127/><W133/><G125/><T17/><D63/><U48/><AGARI ba="0,0" hai="1,7,8,43,45,46,48,51,54,68,69,83,84,88" machi="48" ten="20,5200,0" yaku="0,1,7,1,52,1,54,1" doraHai="78" who="1" fromWho="1" sc="60,-13,548,52,196,-13,196,-26" /><INIT seed="4,0,0,1,3,19" ten="47,600,183,170" oya="0" hai0="86,118,26,129,41,51,57,112,100,60,44,58,9" hai1="33,40,111,89,75,53,3,104,50,36,134,22,69" hai2="72,128,4,83,45,105,55,71,76,14,117,49,10" hai3="18,132,0,131,23,73,90,84,5,93,59,114,107"/><T35/><D118/><U29/><E33/><V31/><F117/><W62/><G114/><T48/><D112/><U119/><E75/><V27/><F128/><W101/><G132/><T125/><D129/><U7/><E69/><V2/><F105/><W121/><G73/><T38/><D100/><U43/><E104/><V109/><F109/><W79/><G79/><T113/><D113/><U80/><E134/><V70/><F2/><W16/><G18/><T103/><D103/><U34/><E34/><AGARI ba="0,0" hai="4,10,14,27,31,34,45,49,55,70,71,72,76,83" machi="34" ten="30,1000,0" yaku="7,1" doraHai="19" who="2" fromWho="1" sc="47,0,600,-10,183,10,170,0" /><INIT seed="5,0,0,5,1,106" ten="47,590,193,170" oya="1" hai0="130,43,53,112,3,32,99,15,91,16,131,14,23" hai1="44,117,2,0,111,5,82,75,29,73,34,110,70" hai2="4,118,100,49,56,59,84,71,133,108,21,126,102" hai3="132,123,18,60,122,74,113,129,78,25,19,37,135"/><U107/><E82/><V51/><F4/><W54/><G113/><T8/><D43/><U94/><E117/><V20/><F84/><W61/><G37/><T45/><D45/><U6/><E94/><V17/><F17/><W80/><G129/><N who="0" m="49163" /><D53/><U65/><E44/><V101/><F108/><N who="1" m="41513" /><E107/><V10/><F10/><W88/><G25/><N who="0" m="14567" /><D91/><U47/><E47/><V95/><F95/><W50/><G88/><T124/><D99/><U57/><E57/><V28/><F59/><W69/><G50/><T36/><D36/><U114/><E114/><V90/><F56/><N who="3" m="34839" /><G69/><T9/><D112/><U48/><E48/><V30/><F49/><W127/><G127/><T41/><D41/><U26/><E6/><V66/><F51/><W62/><G62/><T1/><D124/><U22/><E22/><V93/><F20/><W98/><G98/><T86/><D86/><U67/><E67/><V97/><F126/><W119/><G119/><T104/><D104/><U13/><E13/><N who="0" m="4617" /><D32/><U96/><E96/><V128/><F128/><W115/><G115/><T81/><D81/><U134/><E134/><N who="3" m="51242" /><G61/><T77/><D77/><U120/><E120/><AGARI ba="0,0" hai="18,19,74,78,80,120,122,123" m="51242,34839" machi="120" ten="30,2000,0" yaku="20,1,52,1" doraHai="106" who="3" fromWho="1" sc="47,0,590,-20,193,0,170,20" /><INIT seed="6,0,0,2,2,120" ten="47,570,193,190" oya="2" hai0="121,76,110,78,35,94,29,59,12,62,86,77,70" hai1="50,1,98,130,95,16,123,117,54,116,22,101,11" hai2="106,24,46,108,27,115,20,102,0,68,37,3,134" hai3="81,7,104,100,57,125,56,74,39,83,10,21,25"/><V18/><F68/><W124/><G100/><T126/><D121/><U17/><E130/><V41/><F115/><W111/><G104/><T2/><D70/><U4/><E123/><V89/><F134/><W34/><G34/><T129/><D129/><U43/><E43/><V38/><F38/><W31/><G39/><T33/><D2/><U132/><E132/><V97/><F89/><W58/><G111/><T112/><D126/><U82/><E82/><V85/><F85/><W73/><G83/><T118/><D112/><U114/><E114/><V91/><F91/><W60/><G60/><T122/><D122/><U93/><E93/><V69/><F69/><W26/><G25/><T32/><D118/><U48/><E17/><V131/><F131/><W40/><G40/><T36/><D36/><U5/><E5/><V45/><F45/><W79/><G73/><T44/><D44/><U42/><E42/><V96/><F96/><W119/><G119/><T53/><D12/><U128/><E50/><V28/><F108/><W30/><G31/><T65/><D65/><U19/><E19/><V61/><F61/><W92/><G92/><T51/><D51/><U80/><E80/><V64/><F64/><W103/><G103/><T55/><D55/><U52/><E54/><V107/><F107/><W105/><G105/><T99/><D110/><U133/><E128/><V14/><F24/><W87/><G74/><T6/><D6/><U75/><E75/><V72/><F72/><W66/><G66/><T49/><D62/><U9/><E133/><V23/><AGARI ba="0,0" hai="0,3,14,18,20,23,27,28,37,41,46,97,102,106" machi="23" ten="20,2100,0" yaku="0,1,7,1" doraHai="120" who="2" fromWho="2" sc="47,-7,570,-7,193,21,190,-7" /><INIT seed="6,1,0,1,3,83" ten="40,563,214,183" oya="2" hai0="32,114,87,118,54,47,130,15,29,93,63,33,13" hai1="24,75,105,5,92,100,109,134,77,57,39,50,40" hai2="95,58,4,65,128,108,73,16,115,45,28,68,78" hai3="81,30,79,111,99,6,21,84,121,97,132,49,102"/><V126/><F128/><W48/><G111/><T117/><D130/><U62/><E109/><V106/><F106/><W122/><G132/><T1/><D1/><U119/><E105/><V14/><F68/><W37/><G99/><T88/><D114/><U74/><E5/><V10/><F108/><W125/><G37/><T2/><D2/><U85/><E134/><V69/><F69/><W61/><G125/><T18/><D29/><U80/><E39/><V44/><F73/><W41/><G49/><T86/><D47/><U101/><E50/><V56/><F78/><W23/><G23/><N who="0" m="11727" /><D15/><U51/><E51/><V27/><F45/><W11/><G61/><T124/><D124/><U43/><E24/><V20/><F44/><N who="3" m="25615" /><G21/><T72/><D72/><U60/><E119/><N who="0" m="45577" /><D54/><U22/><E22/><V70/><F20/><W26/><G26/><T46/><D63/><U135/><E60/><V17/><F126/><W19/><G19/><T94/><D46/><U110/><E110/><V42/><F17/><W64/><G30/><T123/><D123/><U131/><E131/><V67/><F28/><W34/><G34/><N who="0" m="13419" /><D94/><U89/><E135/><V3/><F95/><N who="3" m="58687" /><G64/><T53/><D53/><U127/><E75/><V66/><F67/><W35/><G35/><T120/><D120/><U90/><E127/><V107/><F66/><W133/><G133/><T59/><D59/><U38/><E38/><V52/><F65/><W96/><G122/><T9/><D9/><U113/><E74/><V12/><F58/><W104/><G121/><T98/><AGARI ba="1,0" hai="86,87,88,93,98" m="13419,45577,11727" machi="98" ten="30,7900,0" yaku="12,1,52,2,54,1" doraHai="83" who="0" fromWho="0" sc="40,82,563,-21,214,-40,183,-21" /><INIT seed="7,0,0,3,2,40" ten="122,542,174,162" oya="3" hai0="61,15,93,95,116,90,121,119,130,31,2,32,60" hai1="12,94,127,58,91,101,97,69,1,42,111,80,7" hai2="66,52,92,88,72,17,11,39,135,56,110,118,64" hai3="103,98,99,133,115,27,74,113,48,30,70,16,24"/><W71/><G74/><T19/><D2/><U6/><E69/><V45/><F72/><W122/><G122/><T112/><D121/><U134/><E111/><V35/><F35/><W62/><G133/><T68/><D130/><U50/><E1/><V14/><F118/><W86/><G86/><T18/><D15/><U37/><E127/><V109/><F135/><W34/><G48/><T76/><D76/><U73/><E37/><V84/><F109/><W79/><G79/><T5/><D5/><U38/><E38/><V125/><F125/><W43/><G43/><T126/><D126/><U22/><E73/><V47/><F110/><W3/><G3/><T28/><D112/><N who="3" m="43081" /><G62/><T128/><D128/><U67/><E67/><N who="2" m="25643" /><F39/><W129/><G129/><T81/><D81/><U0/><E0/><V57/><F57/><W83/><G83/><T33/><REACH who="0" step="1"/><D90/><REACH who="0" ten="112,542,174,162" step="2"/><U102/><E134/><V105/><F88/><W123/><G123/><T131/><D131/><U51/><E80/><V44/><F14/><W89/><G89/><T117/><D117/><U41/><E6/><V96/><F84/><W9/><G27/><T36/><D36/><U29/><E7/><V8/><F96/><W49/><G99/><T87/><D87/><U77/><E77/><V106/><F11/><W100/><G98/><T82/><D82/><U23/><E12/><V20/><F8/><W26/><G9/><T54/><D54/><U78/><E78/><V63/><F52/><W21/><G26/><T59/><D59/><U10/><E58/><V4/><F56/><W25/><G25/><T53/><D53/><RYUUKYOKU ba="0,1" sc="112,30,542,-10,174,-10,162,-10" hai0="18,19,28,31,32,33,60,61,68,93,95,116,119" owari="142,-36.0,542,65.0,164,-4.0,152,-25.0" /></mjloggm>