<mjloggm ver="2.3"><GO type="185" lobby="0"/><UN n0="%E4%B8%83%E7%80%AC%E6%82%A0%E6%9C%88" n1="%28%C2%B4%E3%81%B8%CE%B5%E3%81%B8%60%29" n2="%52%59%4F%40%53%53" n3="" dan="17,20,18,0" rate="2261.40,2240.66,2293.35,1500.00" sx="F,M,M,C"/><TAIKYOKU oya="0"/><INIT seed="0,0,0,1,2,62" ten="350,350,350,0" oya="0" hai0="126,135,105,108,100,119,54,83,122,87,46,69,107" hai1="59,111,64,82,130,88,101,104,131,45,37,123,36" hai2="113,78,66,120,109,96,63,57,67,117,65,52,95" hai3=""/><T86/><N who="0" m="31264" /><T3/><D119/><U72/><N who="1" m="31520" /><U124/><E111/><V41/><N who="2" m="30752" /><V114/><F117/><T43/><D3/><U129/><E124/><V125/><F125/><T85/><D126/><U73/><E104/><V84/><F109/><T68/><D108/><U133/><E101/><V90/><F41/><T77/><D135/><U39/><E133/><V56/><F78/><T128/><D128/><U81/><E45/><V42/><F42/><T40/><D54/><U91/><E59/><V2/><F2/><T51/><D40/><U58/><E58/><V89/><REACH who="2" step="1"/><F57/><REACH who="2" ten="350,350,340,0" step="2"/><T74/><D68/><U121/><N who="1" m="31008" /><U1/><E1/><V106/><F106/><T33/><D69/><U110/><E110/><V44/><F44/><T0/><D0/><U116/><E116/><V80/><AGARI ba="0,1" hai="52,56,63,65,66,67,80,84,89,90,95,96,113,114" m="30752" machi="80" ten="30,9000,2" yaku="1,1,0,1,52,4,54,1,53,0" doraHai="62" doraHaiUra="32" who="2" fromWho="2" sc="350,-60,350,-30,340,100,0,0" /><INIT seed="1,0,0,4,2,1" ten="290,320,440,0" oya="1" hai0="50,118,131,103,73,100,55,124,32,95,35,113,130" hai1="117,78,2,42,115,109,122,123,86,94,93,91,87" hai2="77,106,127,102,129,66,79,51,57,90,96,71,43" hai3=""/><U54/><N who="1" m="31264" /><U92/><N who="1" m="31520" /><U61/><E2/><V49/><F127/><T39/><D113/><U68/><E117/><V48/><F129/><N who="0" m="49162" /><D124/><U84/><E115/><V126/><F126/><T101/><D118/><U121/><N who="1" m="31008" /><U62/><E109/><V111/><F111/><T36/><D73/><U74/><E42/><V104/><F104/><T52/><D95/><U110/><E110/><V0/><F0/><T67/><D67/><U59/><E74/><V41/><F71/><T60/><D60/><U105/><E105/><V120/><N who="2" m="30752" /><V132/><F132/><T89/><D89/><U58/><E68/><V135/><F90/><T116/><D55/><U72/><E72/><V37/><F41/><T64/><D64/><U134/><E134/><V125/><F135/><T112/><D112/><U88/><E78/><V108/><F108/><T114/><D114/><U97/><E94/><V44/><F125/><T34/><D116/><U80/><E93/><V85/><F66/><AGARI ba="0,0" hai="54,58,59,61,62,66,80,84,86,87,88,91,92,97" m="31008,31520,31264" machi="66" ten="30,18000,2" yaku="7,1,8,1,52,3,54,1" doraHai="1" who="1" fromWho="2" sc="290,0,320,180,440,-180,0,0" /><INIT seed="1,1,0,1,2,40" ten="290,500,260,0" oya="1" hai0="67,103,85,57,35,110,59,117,134,69,94,112,90" hai1="43,109,36,133,77,88,131,44,81,78,104,66,63" hai2="79,55,86,53,114,65,118,108,89,3,80,102,32" hai3=""/><U113/><E113/><V68/><F3/><T101/><D112/><U45/><E104/><V39/><F32/><T62/><D35/><U123/><N who="1" m="31520" /><U54/><E131/><V126/><F114/><T84/><D110/><U56/><E109/><V49/><F118/><T129/><D129/><U132/><E88/><V82/><F126/><T93/><D117/><U87/><E77/><V34/><F34/><T96/><D134/><N who="1" m="51819" /><E44/><V38/><F108/><T100/><D85/><U135/><N who="1" m="51827" /><U106/><DORA hai="48" /><E106/><V60/><F102/><T52/><REACH who="0" step="1"/><D69/><REACH who="0" ten="280,500,260,0" step="2"/><U97/><E97/><V124/><F124/><T37/><D37/><U2/><E2/><V42/><F38/><T74/><D74/><U98/><E98/><V33/><F39/><T91/><D91/><U61/><E63/><AGARI ba="1,1" hai="52,57,59,62,63,67,84,90,93,94,96,100,101,103" machi="63" ten="30,12000,2" yaku="1,1,7,1,8,1,52,1,54,1,53,1" doraHai="40,48" doraHaiUra="125,95" who="0" fromWho="1" sc="280,132,500,-122,260,0,0,0" /><INIT seed="2,0,0,5,4,119" ten="412,378,260,0" oya="2" hai0="65,117,112,66,94,108,90,59,82,123,95,48,34" hai1="61,133,109,67,70,106,74,135,114,71,33,91,116" hai2="125,86,58,39,120,32,93,131,0,92,63,3,78" hai3=""/><V99/><N who="2" m="30752" /><V128/><F39/><T85/><N who="0" m="31520" /><T72/><D117/><U75/><E116/><V107/><F32/><T47/><D34/><U60/><E33/><V122/><N who="2" m="31264" /><V54/><F125/><T64/><D108/><U100/><E114/><V52/><F54/><T113/><D72/><U87/><E109/><V43/><F43/><T89/><D59/><U62/><E100/><V111/><F111/><T45/><D45/><U103/><E103/><V127/><F127/><T76/><D76/><U80/><E106/><V79/><F107/><T41/><REACH who="0" step="1"/><D82/><REACH who="0" ten="402,378,260,0" step="2"/><U84/><E75/><V97/><F79/><T77/><D77/><U1/><E74/><V121/><N who="2" m="31008" /><V53/><F78/><T44/><D44/><U118/><E118/><V50/><F0/><T98/><AGARI ba="0,1" hai="41,47,48,64,65,66,85,89,90,94,95,98,112,113" m="31520" machi="98" ten="30,5900,0" yaku="1,1,0,1,52,2,53,0" doraHai="119" doraHaiUra="56" who="0" fromWho="0" sc="402,69,378,-20,260,-39,0,0" /><INIT seed="4,0,0,5,4,112" ten="471,358,221,0" oya="0" hai0="95,92,88,71,73,109,103,42,125,127,43,45,124" hai1="56,111,134,108,89,0,77,67,98,117,64,37,87" hai2="80,104,82,48,99,44,107,83,2,38,76,41,90" hai3=""/><T59/><D71/><U85/><E0/><V84/><F2/><T47/><D73/><U133/><E37/><V121/><N who="2" m="31008" /><V75/><F38/><T93/><D109/><U66/><E56/><V100/><REACH who="2" step="1"/><F107/><REACH who="2" ten="471,358,211,0" step="2"/><T57/><D127/><U52/><E108/><V102/><F102/><T78/><D125/><U79/><E111/><V110/><F110/><T55/><D124/><U62/><E134/><V129/><F129/><T46/><D103/><U32/><E133/><V132/><F132/><T101/><D101/><U123/><E123/><V74/><F74/><T39/><D39/><U3/><E3/><V128/><F128/><T135/><D135/><U130/><E130/><V1/><F1/><T96/><D42/><U119/><E119/><V69/><F69/><T54/><D43/><U63/><E117/><V35/><F35/><T36/><D36/><U49/><E32/><V58/><F58/><T60/><REACH who="0" step="1"/><D78/><REACH who="0" ten="461,358,211,0" step="2"/><U72/><E72/><V65/><F65/><T113/><D113/><U97/><E66/><V61/><F61/><AGARI ba="0,2" hai="45,46,47,54,55,57,59,60,61,88,92,93,95,96" machi="61" ten="40,18000,2" yaku="1,1,9,1,8,1,54,1,53,3" doraHai="112" doraHaiUra="91" who="0" fromWho="2" sc="461,200,358,0,211,-180,0,0" /><INIT seed="4,1,0,1,1,43" ten="661,358,31,0" oya="0" hai0="49,120,66,109,124,40,90,87,112,61,127,3,60" hai1="99,71,73,103,97,50,37,39,82,58,129,130,118" hai2="59,75,48,93,125,53,85,47,77,100,131,96,35" hai3=""/><T36/><N who="0" m="30752" /><T133/><D3/><U74/><E71/><V104/><F35/><T81/><D112/><U67/><E118/><V116/><F131/><T55/><D133/><U57/><E50/><V121/><N who="2" m="31008" /><V122/><N who="2" m="31264" /><V117/><F116/><T119/><D119/><U102/><E82/><V52/><F117/><T91/><D109/><U38/><E38/><V72/><F125/><T92/><D40/><U134/><REACH who="1" step="1"/><E67/><REACH who="1" ten="661,348,31,0" step="2"/><V56/><F47/><T76/><D36/><U44/><E44/><V115/><F115/><T83/><D61/><U51/><E51/><V114/><F114/><T108/><D108/><U94/><E94/><V54/><F54/><T107/><D49/><U64/><E64/><V111/><F111/><T86/><D55/><U65/><E65/><V2/><F2/><T32/><D32/><U132/><AGARI ba="1,1" hai="37,39,57,58,73,74,97,99,102,103,129,130,132,134" machi="132" ten="25,4800,0" yaku="1,1,0,1,22,2,53,0" doraHai="43" doraHaiUra="62" who="1" fromWho="1" sc="661,-33,348,60,31,-17,0,0" /><INIT seed="5,0,0,5,0,40" ten="628,408,14,0" oya="1" hai0="64,90,47,132,72,108,111,39,122,121,99,82,73" hai1="66,120,95,134,51,70,57,126,98,67,135,59,100" hai2="97,107,119,58,37,109,49,84,79,61,115,65,94" hai3=""/><U117/><N who="1" m="30752" /><U60/><E117/><V53/><F109/><T54/><N who="0" m="31008" /><T105/><N who="0" m="31264" /><T56/><D132/><N who="1" m="50731" /><E126/><V101/><F119/><T110/><D64/><U45/><E67/><V87/><F115/><T1/><D1/><U63/><E63/><V130/><F37/><T80/><D105/><U71/><E70/><V123/><N who="2" m="31520" /><V125/><F125/><T62/><D99/><U38/><E38/><V34/><F34/><T0/><D0/><U127/><E127/><V118/><F118/><T74/><D90/><U83/><E83/><V52/><F130/><T50/><D39/><U77/><E77/><V86/><F79/><T124/><D124/><U32/><E32/><V42/><REACH who="2" step="1"/><F107/><REACH who="2" ten="628,408,4,0" step="2"/><T103/><D111/><U106/><E106/><V113/><F113/><T116/><D110/><U75/><E75/><V35/><F35/><T91/><D108/><U33/><E33/><V131/><F131/><T36/><D116/><U129/><E129/><V93/><F93/><T133/><D36/><U102/><E100/><V96/><F96/><T69/><D103/><U46/><E102/><V88/><F88/><T114/><D133/><U92/><E92/><V43/><F43/><T41/><D41/><U44/><E51/><RYUUKYOKU ba="0,1" sc="628,-20,408,10,4,10,0,0" hai1="44,45,46,57,59,60,66,71,95,98" hai2="42,49,52,53,58,61,65,84,86,87,94,97,101" /><INIT seed="5,1,1,1,1,69" ten="608,418,14,0" oya="1" hai0="120,124,104,34,43,100,127,45,108,72,1,81,50" hai1="98,37,46,102,95,112,118,88,78,76,126,68,32" hai2="89,106,128,75,62,87,121,113,119,60,107,79,63" hai3=""/><U54/><E118/><V71/><N who="2" m="31008" /><V125/><F119/><T33/><N who="0" m="30752" /><T48/><D108/><U91/><E32/><V132/><F132/><T84/><D72/><U103/><E68/><V61/><F125/><N who="0" m="48202" /><D1/><U134/><E126/><V99/><F128/><T97/><D50/><U90/><E134/><V3/><F3/><T130/><D130/><U64/><E64/><V105/><F113/><T82/><D82/><U58/><E112/><V129/><F129/><T83/><D83/><U2/><E2/><V56/><F71/><T67/><D67/><U39/><E103/><V116/><F116/><T94/><D104/><U35/><E35/><V57/><N who="2" m="15360" /><DORA hai="93" /><V92/><REACH who="2" step="1"/><F75/><REACH who="2" ten="608,418,4,0" step="2"/><T122/><N who="0" m="31264" /><T77/><AGARI ba="1,2" hai="33,34,43,45,48,77,81,84,94,97,100" m="31264,48202,30752" machi="77" ten="30,6000,1" yaku="4,1,18,1,52,3" doraHai="69,93" who="0" fromWho="0" sc="608,82,418,-41,4,-21,0,0" owari="690,64.0,377,-2.0,-17,-62.0,0,0.0" /></mjloggm>