<mjloggm ver="2.3"><GO type="225" lobby="0"/><UN n0="%6D%69%6C%64%31%39%34%39" n1="%E3%81%98%E3%81%98%E3%81%84%E3%81%8C%E5%91%BC%E3%82%93%E3%81%A0" n2="%69%70%73%E6%88%A6%E5%A3%AB" n3="%63%72%65%61%6D%38%32%34" dan="16,16,16,16" rate="2032.37,2087.04,2120.22,2058.26" sx="M,M,M,M"/><TAIKYOKU oya="0"/><INIT seed="0,0,0,0,5,115" ten="250,250,250,250" oya="0" hai0="4,112,68,111,8,88,49,62,25,109,17,31,91" hai1="28,20,2,134,32,66,40,120,133,15,124,70,3" hai2="93,74,117,123,30,113,116,54,5,10,60,45,69" hai3="1,34,55,50,94,13,101,98,90,43,106,79,41"/><T33/><D112/><U38/><E120/><V81/><F113/><W82/><G1/><T59/><D68/><U127/><E40/><V97/><F123/><W22/><G34/><T27/><D49/><U118/><E38/><V99/><F30/><W11/><G22/><T126/><D126/><N who="1" m="48171" /><E66/><V44/><F97/><W21/><G21/><N who="0" m="13487" /><D4/><U0/><E70/><V64/><F81/><W122/><G122/><T105/><D105/><U102/><E102/><V29/><F29/><W71/><G71/><T51/><D51/><U67/><E67/><V86/><F86/><W24/><G24/><T63/><D8/><U78/><E78/><V84/><F84/><W18/><G101/><T107/><D107/><U73/><E73/><V57/><F74/><W114/><G106/><T80/><D80/><U75/><E75/><V72/><F72/><W37/><G37/><T119/><D119/><N who="2" m="45642" /><F64/><W83/><G114/><T56/><D56/><U128/><E118/><V6/><F69/><W61/><G79/><T131/><D131/><U52/><E128/><V129/><F129/><W77/><G77/><T7/><D7/><N who="2" m="2570" /><F10/><W87/><G82/><T14/><D14/><U35/><E28/><V121/><F121/><W103/><G83/><T9/><D9/><U130/><E130/><V135/><F135/><N who="1" m="51721" /><E15/><V89/><AGARI ba="0,0" hai="44,45,54,57,60,89,93,99" m="2570,45642" machi="89" ten="30,7900,0" yaku="12,1,52,3" doraHai="115" who="2" fromWho="2" sc="250,-39,250,-20,250,79,250,-20" /><INIT seed="1,0,0,3,2,55" ten="211,230,329,230" oya="1" hai0="44,39,87,16,99,80,115,129,104,74,71,30,14" hai1="81,82,90,70,45,127,28,43,29,133,1,96,64" hai2="134,86,3,23,38,111,34,0,24,98,59,35,65" hai3="130,106,118,128,95,120,112,13,58,9,33,75,97"/><U92/><E1/><N who="2" m="587" /><F86/><W7/><G112/><T114/><D71/><U69/><E127/><V110/><F98/><W26/><G120/><T124/><D74/><U41/><E133/><V32/><F38/><W117/><G106/><T78/><D124/><U11/><E70/><V79/><F79/><W47/><G75/><T85/><D30/><U76/><E43/><V88/><F88/><N who="3" m="55527" /><G47/><T101/><D129/><N who="3" m="49769" /><G58/><T131/><D131/><U12/><E64/><V116/><F116/><N who="3" m="44651" /><G26/><T18/><D18/><U21/><E69/><V109/><F134/><W36/><G33/><T83/><D44/><U6/><E76/><V108/><F110/><W27/><G27/><T113/><D39/><AGARI ba="0,0" hai="7,9,13,36,39" m="44651,49769,55527" machi="39" ten="30,3900,0" yaku="19,1,12,1,54,1" doraHai="55" who="3" fromWho="0" sc="211,-39,230,0,329,0,230,39" /><INIT seed="2,0,0,4,3,105" ten="172,230,329,269" oya="2" hai0="122,61,28,37,71,100,33,78,72,39,6,70,31" hai1="40,129,56,46,14,98,79,89,119,57,91,9,124" hai2="68,121,84,62,66,110,59,114,50,85,29,131,32" hai3="53,120,127,21,0,108,15,115,75,76,54,88,104"/><V2/><F114/><W12/><G120/><T103/><D122/><U52/><E119/><V107/><F121/><W113/><G104/><T112/><D112/><N who="3" m="43081" /><G0/><T77/><D6/><U69/><E69/><V67/><F131/><W99/><G108/><T86/><D86/><U41/><E129/><V111/><F2/><W23/><G127/><T134/><D61/><U3/><E3/><V83/><F107/><W125/><G21/><T73/><D33/><U58/><E124/><V116/><F116/><W11/><G23/><T63/><REACH who="0" step="1"/><D63/><REACH who="0" ten="162,230,329,269" step="2"/><U87/><E87/><V38/><F85/><W117/><G125/><T109/><D109/><U123/><E123/><V24/><F111/><W65/><G117/><T5/><D5/><U19/><E98/><V1/><F110/><W44/><G99/><T25/><D25/><U35/><E35/><V34/><F34/><W8/><G15/><T18/><D18/><U101/><E19/><V90/><F1/><W135/><G12/><T51/><D51/><N who="1" m="28791" /><E14/><V10/><F50/><W133/><G133/><AGARI ba="0,1" hai="28,31,37,39,70,71,72,73,77,78,100,103,133,134" machi="133" ten="25,8000,1" yaku="1,1,22,2,52,2,53,0" doraHai="105" doraHaiUra="92" who="0" fromWho="3" sc="162,90,230,0,329,0,269,-80" /><INIT seed="3,0,0,0,1,38" ten="252,230,329,189" oya="3" hai0="91,13,74,125,126,62,134,131,24,41,63,1,34" hai1="43,127,133,45,40,113,58,60,2,22,3,66,54" hai2="79,49,30,76,56,85,80,100,4,18,61,94,130" hai3="35,135,106,118,55,92,93,21,84,98,99,119,36"/><W86/><G35/><T28/><D1/><U15/><E113/><V44/><F130/><W124/><G36/><T29/><D74/><U16/><E127/><N who="0" m="48649" /><D28/><U72/><E72/><V128/><F128/><W123/><G124/><T83/><D131/><U12/><E133/><V132/><F132/><W37/><G135/><T68/><D68/><U81/><E81/><V27/><F4/><W26/><G37/><T51/><D13/><N who="1" m="5195" /><E3/><V122/><F18/><W104/><G55/><T48/><D134/><U25/><E2/><V50/><F122/><W33/><G33/><T87/><D41/><N who="1" m="15947" /><E45/><V59/><F44/><W19/><G123/><T5/><D5/><U117/><E117/><V103/><F80/><W52/><G52/><AGARI ba="0,0" hai="16,22,25,52,54,58,60,66" m="15947,5195" machi="52" ten="30,12000,2" yaku="8,1,52,3,54,2" doraHai="38" who="1" fromWho="3" sc="252,0,230,120,329,0,189,-120" owari="252,-15.0,350,45.0,329,13.0,69,-43.0" /></mjloggm>