<mjloggm ver="2.3"><GO type="169" lobby="0"/><UN n0="%75%66%6F%5F" n1="%E3%81%B9%E3%81%BB%E3%81%84%E3%81%BF" n2="%6E%6F%70%72%6F%70%73" n3="%E3%81%8B%E3%81%B0%E3%82%84%E3%81%8D%E3%82%89%E3%81%8F%E3%81%A0" dan="18,16,16,17" rate="2258.51,2119.49,2110.56,2099.45" sx="M,F,F,M"/><TAIKYOKU oya="0"/><INIT seed="0,0,0,0,4,31" ten="250,250,250,250" oya="0" hai0="12,105,77,55,125,69,84,49,42,76,38,16,19" hai1="106,68,33,14,134,127,58,120,85,118,98,15,89" hai2="88,64,45,110,126,10,35,87,135,20,99,73,103" hai3="80,11,100,41,132,90,79,133,46,92,114,59,47"/><T8/><D125/><U17/><E118/><V128/><F126/><W44/><G114/><T123/><D123/><U67/><E120/><V51/><F73/><W62/><G100/><T21/><D69/><U6/><E127/><V13/><F110/><W39/><G133/><T54/><D105/><U30/><E68/><V81/><F135/><W83/><G132/><T60/><D38/><U40/><E40/><V57/><F128/><W86/><G83/><T48/><D42/><U5/><E15/><V63/><F20/><W95/><G92/><T91/><D60/><U22/><E98/><V9/><F35/><W113/><G11/><T29/><D29/><U1/><E1/><V129/><F129/><W101/><G101/><T104/><D104/><U116/><E116/><V112/><F112/><W102/><G102/><T37/><D37/><U18/><E18/><V130/><F130/><W93/><G95/><N who="0" m="54759" /><D49/><U66/><E106/><V65/><F65/><W124/><G113/><T2/><D2/><U25/><E67/><V115/><F115/><W109/><G124/><T70/><D70/><U56/><E134/><V107/><REACH who="2" step="1"/><F13/><REACH who="2" ten="250,250,240,250" step="2"/><W28/><G109/><T108/><D108/><U96/><E66/><V7/><F7/><W75/><G28/><T119/><D119/><U131/><E131/><V4/><F4/><W53/><AGARI ba="0,1" hai="39,41,44,46,47,53,59,62,75,79,80,86,90,93" machi="53" ten="20,1500,0" yaku="0,1,7,1" doraHai="31" who="3" fromWho="3" sc="250,-7,250,-4,240,-4,250,25" /><INIT seed="1,0,0,5,4,71" ten="243,246,236,275" oya="1" hai0="77,90,0,82,67,125,69,97,63,66,2,18,48" hai1="114,110,104,133,83,21,25,102,108,81,68,76,131" hai2="22,101,65,111,17,107,128,94,1,92,98,59,31" hai3="5,32,23,119,116,47,134,26,39,61,50,28,54"/><U96/><E68/><V115/><F111/><N who="1" m="42537" /><E25/><V88/><F128/><W75/><G75/><T87/><D125/><U12/><E12/><V62/><F115/><W85/><G134/><T99/><D67/><U122/><E21/><V34/><F1/><W117/><G5/><T38/><D38/><U129/><E114/><V7/><F34/><W43/><G85/><T24/><D48/><U118/><E122/><V73/><F73/><W132/><G132/><T10/><D0/><U42/><E42/><V52/><F7/><W120/><G120/><T49/><D49/><U27/><E27/><V95/><F31/><W11/><G11/><T4/><D77/><U9/><E9/><V46/><F46/><N who="3" m="23935" /><G61/><T57/><D69/><U55/><E55/><V64/><REACH who="2" step="1"/><F88/><REACH who="2" ten="243,246,226,275" step="2"/><W100/><G100/><T44/><D44/><U45/><E45/><V86/><F86/><W35/><AGARI ba="0,1" hai="23,26,28,32,35,47,50,54,116,117,119" m="23935" machi="35" ten="40,2700,0" yaku="12,1,52,1" doraHai="71" who="3" fromWho="3" sc="243,-7,246,-13,226,-7,275,37" /><INIT seed="2,0,0,3,4,96" ten="236,233,219,312" oya="2" hai0="18,66,85,0,120,122,75,109,84,86,132,27,59" hai1="129,125,8,38,92,83,117,49,52,4,73,1,15" hai2="89,6,97,58,94,104,80,34,45,71,50,51,77" hai3="33,16,90,63,127,123,87,12,100,72,36,134,25"/><V91/><F71/><W82/><G123/><T17/><D75/><U2/><E117/><V124/><F124/><W55/><G36/><T35/><D0/><U42/><E125/><V24/><F104/><W21/><G127/><T135/><D66/><U7/><E129/><V26/><F6/><W121/><G121/><N who="0" m="46699" /><D59/><U68/><E68/><V98/><F34/><W14/><G134/><N who="0" m="51243" /><D109/><U43/><E2/><V105/><F58/><N who="3" m="35295" /><G72/><T64/><D64/><U46/><E4/><V69/><F69/><W131/><G33/><T101/><D101/><U48/><E43/><V10/><F10/><W65/><G131/><T57/><D57/><U106/><E106/><V9/><F9/><W128/><G128/><T102/><D102/><U110/><E110/><V44/><F44/><W32/><G65/><T112/><D112/><U81/><E1/><V54/><F51/><W53/><G100/><T3/><D3/><U95/><E38/><V19/><F105/><W113/><G113/><T30/><AGARI ba="0,0" hai="17,18,27,30,35,84,85,86" m="51243,46699" machi="30" ten="40,1500,0" yaku="20,1" doraHai="96" who="0" fromWho="0" sc="236,15,233,-4,219,-7,312,-4" /><INIT seed="3,0,0,3,0,15" ten="251,229,212,308" oya="3" hai0="110,74,121,37,7,116,111,123,79,75,67,87,120" hai1="93,72,105,134,30,59,101,51,64,108,49,104,95" hai2="3,61,109,69,114,88,81,29,63,98,23,13,38" hai3="32,8,107,42,119,2,66,132,77,9,115,96,1"/><W103/><G115/><T71/><D7/><U97/><E72/><N who="0" m="27689" /><D37/><U45/><E108/><N who="0" m="41513" /><D67/><U22/><E134/><V18/><F109/><W0/><G119/><T113/><D71/><U122/><E95/><N who="2" m="56679" /><F3/><W133/><G32/><T130/><D130/><U43/><E122/><V92/><F69/><W135/><G77/><T117/><D87/><U82/><E82/><V129/><F38/><W41/><REACH who="3" step="1"/><G66/><REACH who="3" ten="251,229,212,298" step="2"/><T33/><D33/><U52/><E64/><V60/><F114/><W131/><G131/><T31/><D79/><U5/><E105/><V28/><F129/><W127/><G127/><T55/><D55/><U11/><E104/><V36/><F36/><W57/><G57/><T25/><D31/><U62/><E30/><V19/><F29/><W54/><G54/><T70/><D70/><U99/><E52/><V94/><F28/><W27/><G27/><T73/><D25/><U20/><E59/><V48/><F48/><W14/><G14/><T80/><D113/><U124/><E124/><V24/><F81/><W21/><G21/><AGARI ba="0,1" hai="13,18,19,21,23,24,60,61,63,92,94" m="56679" machi="21" ten="30,7700,0" yaku="8,1,52,2,54,1" doraHai="15" who="2" fromWho="3" sc="251,0,229,0,212,87,298,-77" /><INIT seed="4,0,0,0,5,32" ten="251,229,299,221" oya="0" hai0="68,111,83,52,13,54,23,8,120,66,50,126,71" hai1="117,128,57,61,101,5,92,2,82,30,112,55,119" hai2="11,34,106,37,85,38,74,125,121,116,0,87,104" hai3="127,15,108,97,129,99,26,39,91,70,10,22,56"/><T53/><D120/><U132/><E128/><V109/><RYUUKYOKU type="yao9" ba="0,0" sc="251,0,229,0,299,0,221,0" hai2="0,11,34,37,38,74,85,87,104,106,109,116,121,125" /><INIT seed="4,1,0,2,2,49" ten="251,229,299,221" oya="0" hai0="52,68,88,122,9,75,63,85,64,79,50,106,7" hai1="3,99,57,102,31,29,28,1,89,87,70,56,121" hai2="46,13,81,2,131,113,15,58,12,42,43,125,22" hai3="8,25,83,116,120,55,62,37,6,20,16,59,82"/><T66/><D106/><U60/><E121/><V115/><F2/><W114/><G116/><T21/><D122/><U97/><E70/><V93/><F131/><W111/><G120/><T40/><D66/><U61/><E87/><V11/><F125/><W76/><G111/><T91/><D75/><U133/><E102/><V108/><F108/><W103/><G37/><T129/><D129/><U130/><E130/><V126/><F126/><W135/><G135/><T92/><D40/><U96/><E89/><V77/><F11/><W128/><G128/><T47/><D21/><U71/><E71/><V39/><F43/><W84/><G114/><N who="2" m="43529" /><F93/><W117/><G117/><T0/><REACH who="0" step="1"/><D88/><REACH who="0" ten="241,229,299,221" step="2"/><U67/><E133/><V123/><F123/><W69/><G69/><T105/><D105/><U19/><REACH who="1" step="1"/><E19/><BYE who="0" /><REACH who="1" ten="241,219,299,221" step="2"/><UN n0="%75%66%6F%5F" /><V33/><F77/><AGARI ba="1,2" hai="0,7,9,47,50,52,63,64,68,77,79,85,91,92" machi="77" ten="40,7700,0" yaku="1,1,52,1,54,1,53,0" doraHai="49" doraHaiUra="38" who="0" fromWho="2" sc="241,100,219,0,299,-80,221,0" /><INIT seed="4,2,0,5,3,94" ten="341,219,219,221" oya="0" hai0="0,10,57,64,6,104,32,129,109,120,99,61,24" hai1="79,52,134,27,11,78,86,69,14,22,20,45,130" hai2="105,41,101,121,125,25,82,92,50,15,123,59,42" hai3="81,96,2,76,87,55,35,112,80,75,60,95,39"/><T117/><D120/><U66/><E130/><V84/><F105/><W65/><G39/><T29/><D117/><U40/><E134/><V114/><F114/><W12/><G2/><T37/><D129/><U17/><E69/><V71/><F71/><W93/><G35/><T124/><D37/><U77/><E66/><V48/><F125/><W98/><G112/><T102/><REACH who="0" step="1"/><D109/><REACH who="0" ten="331,219,219,221" step="2"/><U107/><E107/><V110/><F110/><W38/><G38/><T5/><D5/><U26/><E86/><V13/><F84/><W131/><G131/><T58/><D58/><U83/><E40/><V113/><F59/><W43/><G43/><T70/><D70/><U127/><E127/><AGARI ba="2,1" hai="0,6,10,24,29,32,57,61,64,99,102,104,124,127" machi="127" ten="40,3900,0" yaku="1,1,52,1,53,0" doraHai="94" doraHaiUra="19" who="0" fromWho="1" sc="331,55,219,-45,219,0,221,0" /><INIT seed="4,3,0,3,3,53" ten="386,174,219,221" oya="0" hai0="43,65,83,103,38,84,116,123,135,107,12,48,112" hai1="81,88,2,73,7,68,21,15,51,58,109,134,32" hai2="24,75,0,31,89,100,132,52,122,8,98,55,91" hai3="22,14,46,54,36,30,63,9,80,93,64,96,11"/><T25/><D116/><U85/><E109/><V17/><F122/><W6/><G80/><T18/><D123/><U61/><E32/><V79/><F132/><W1/><G30/><T50/><D135/><U119/><E119/><V82/><F91/><W106/><G106/><T45/><D112/><U90/><E134/><V29/><F89/><W59/><G22/><T111/><D111/><U121/><E121/><V33/><F31/><W77/><G77/><T76/><D25/><U19/><E73/><V113/><F113/><W131/><G131/><T133/><D133/><U120/><E120/><V124/><F124/><W66/><G46/><T127/><D127/><U117/><E117/><V20/><F8/><W47/><G47/><T70/><D103/><U13/><E90/><V60/><F0/><W72/><G36/><T128/><D107/><U105/><E105/><V27/><REACH who="2" step="1"/><F60/><REACH who="2" ten="386,174,209,221" step="2"/><W92/><G11/><T125/><D125/><U23/><E2/><V115/><F115/><W37/><G1/><T130/><D130/><U99/><E99/><V86/><F86/><W62/><G96/><T69/><D128/><U78/><E78/><V26/><F26/><W57/><G63/><T114/><D114/><U41/><E15/><V4/><F4/><W28/><G62/><T95/><D84/><U108/><E108/><V10/><F10/><W126/><G14/><T129/><D12/><U40/><E68/><V39/><F39/><W49/><G37/><T35/><D70/><U94/><E7/><V3/><F3/><W74/><G126/><T16/><D129/><U102/><E85/><RYUUKYOKU ba="3,1" sc="386,-10,174,-10,209,30,221,-10" hai2="17,20,24,27,29,33,52,55,75,79,82,98,100" /><INIT seed="5,4,1,0,5,87" ten="376,164,239,211" oya="1" hai0="60,104,10,76,32,51,29,103,47,20,84,91,38" hai1="37,106,48,58,8,70,5,31,23,26,53,100,80" hai2="94,24,124,75,35,1,25,62,123,79,16,129,109" hai3="127,132,89,45,63,108,3,18,42,12,126,55,27"/><U120/><E120/><V4/><F75/><W131/><G3/><T56/><D38/><U96/><E70/><V28/><F79/><W85/><G108/><T114/><D114/><U19/><E37/><V14/><F109/><W22/><G131/><T125/><D125/><N who="3" m="47625" /><G132/><T95/><D32/><U65/><E65/><V102/><F124/><W7/><G63/><T46/><D76/><U2/><REACH who="1" step="1"/><E80/><REACH who="1" ten="376,154,239,211" step="2"/><V69/><F69/><W97/><G55/><T78/><D78/><U130/><E130/><V72/><F129/><W59/><G59/><T105/><D56/><U34/><E34/><V101/><F35/><W110/><G110/><T17/><D47/><U64/><E64/><V88/><F123/><W0/><G45/><T119/><D46/><U11/><E11/><V116/><F116/><W21/><G42/><T44/><D10/><U50/><E50/><V133/><F62/><W61/><G61/><T15/><D60/><U57/><E57/><V6/><F133/><W81/><G22/><T33/><D119/><U67/><E67/><V121/><F121/><W90/><G21/><T107/><D33/><U112/><E112/><V92/><F1/><W54/><G0/><T40/><REACH who="0" step="1"/><D29/><AGARI ba="4,2" hai="2,5,8,19,23,26,29,31,48,53,58,96,100,106" machi="29" ten="40,2000,0" yaku="1,1,53,0" doraHai="87" doraHaiUra="135" who="1" fromWho="0" sc="376,-32,154,52,239,0,211,0" /><INIT seed="5,5,0,5,3,56" ten="344,206,239,211" oya="1" hai0="80,25,59,65,34,70,50,115,21,6,117,102,19" hai1="68,15,95,60,13,96,122,91,23,20,87,88,121" hai2="83,67,24,120,106,30,55,0,3,85,100,135,9" hai3="79,14,58,123,54,64,103,45,89,69,28,132,4"/><U118/><E118/><V35/><F120/><W48/><G123/><T77/><D117/><U84/><E96/><V27/><F135/><W113/><G132/><T8/><D70/><U129/><E129/><V107/><F107/><W72/><G113/><T40/><D34/><U90/><E90/><V42/><F42/><W36/><G103/><T98/><D115/><U66/><E122/><V62/><F55/><W81/><G28/><T44/><D65/><U116/><E116/><V114/><F9/><W134/><G134/><T86/><D59/><U99/><E121/><V133/><F27/><W46/><G89/><T39/><D39/><U104/><E15/><V73/><F114/><W112/><G36/><T126/><D126/><U47/><E47/><V97/><F133/><W1/><G1/><T76/><D76/><U12/><E12/><V16/><F16/><W131/><G131/><T37/><D37/><U5/><E99/><V7/><F7/><W78/><G78/><T17/><D17/><U38/><E104/><V32/><F32/><W52/><G54/><T124/><D124/><U93/><REACH who="1" step="1"/><E38/><REACH who="1" ten="344,196,239,211" step="2"/><V51/><F0/><W128/><G112/><T49/><D98/><U105/><E105/><V111/><F3/><W22/><G128/><T33/><D102/><U94/><E94/><V11/><F100/><W41/><G46/><T2/><D44/><U119/><E119/><V82/><F106/><W53/><G45/><T101/><D101/><U63/><E63/><V125/><F62/><W109/><G14/><N who="0" m="9463" /><D40/><U61/><E61/><V130/><F130/><W75/><G41/><RYUUKYOKU ba="5,1" sc="344,15,196,15,239,-15,211,-15" hai0="2,6,8,25,33,49,50,77,80,86" hai1="5,13,20,23,60,66,68,84,87,88,91,93,95" /><INIT seed="5,6,1,2,1,15" ten="359,211,224,196" oya="1" hai0="24,59,44,49,127,101,14,31,119,87,47,67,73" hai1="111,8,100,125,3,105,68,79,1,30,16,43,128" hai2="37,36,22,97,32,35,122,116,78,77,34,94,4" hai3="130,117,57,112,50,90,52,107,120,21,51,48,98"/><U18/><E68/><V104/><F116/><W10/><G120/><T88/><D73/><U5/><E105/><V25/><F122/><W9/><G117/><T110/><D110/><U84/><E100/><V2/><F104/><W12/><G112/><T106/><D119/><U109/><E125/><V81/><F4/><W60/><G130/><T65/><D127/><U76/><E3/><V45/><F2/><W11/><G107/><T129/><D129/><U93/><E30/><V20/><F20/><W80/><G21/><T55/><D14/><U27/><E43/><V62/><F62/><W115/><G115/><T0/><D0/><U58/><E58/><V69/><F69/><W54/><G12/><T17/><D17/><N who="1" m="6763" /><E27/><V108/><F108/><N who="1" m="41545" /><E128/><V91/><F25/><W6/><G6/><T92/><D101/><U13/><E13/><V132/><F45/><N who="0" m="17482" /><D106/><U83/><E93/><V99/><F94/><N who="3" m="56663" /><G80/><T23/><AGARI ba="6,1" hai="23,24,31,49,55,59,65,67,87,88,92" m="17482" machi="23" ten="30,2000,0" yaku="8,1,54,1" doraHai="15" who="0" fromWho="0" sc="359,48,211,-16,224,-11,196,-11" /><INIT seed="6,0,0,5,1,76" ten="407,195,213,185" oya="2" hai0="14,5,64,9,56,63,6,79,85,130,29,33,123" hai1="43,45,35,25,60,22,111,81,116,127,41,27,30" hai2="71,101,20,34,2,1,70,66,94,24,38,134,88" hai3="69,119,53,52,17,115,15,132,126,68,39,16,10"/><V62/><F134/><W65/><G119/><T31/><D123/><U106/><E111/><V58/><F34/><W83/><G39/><T105/><D105/><U73/><E116/><V77/><F38/><W80/><G132/><T121/><D121/><U26/><E106/><V131/><F131/><W61/><G126/><T112/><D112/><U120/><E120/><V122/><F122/><W109/><G109/><T59/><D130/><U12/><E127/><V72/><F101/><W93/><G115/><T133/><D133/><U47/><E60/><V8/><F8/><W7/><G69/><T36/><D36/><U129/><E129/><V44/><F44/><W98/><G17/><N who="0" m="8399" /><D33/><U87/><E73/><V13/><F13/><W23/><G53/><T100/><D59/><U74/><E74/><V104/><F104/><W97/><G52/><T113/><D100/><U0/><E0/><V124/><F124/><W86/><G86/><T114/><D114/><U118/><E118/><V50/><F71/><W40/><G40/><N who="1" m="15434" /><E30/><N who="0" m="11273" /><D113/><U117/><E35/><V90/><F70/><W48/><G48/><T102/><D102/><U11/><E117/><V46/><F1/><W18/><G18/><T78/><D85/><U84/><E87/><N who="2" m="52511" /><F2/><W91/><G98/><T96/><D96/><U128/><E128/><V55/><F72/><W108/><G108/><T49/><D49/><U125/><E125/><V37/><F37/><W51/><G51/><T57/><D57/><U103/><E103/><V92/><F50/><W82/><G7/><AGARI ba="0,0" hai="5,6,7,56,63,64,78,79" m="11273,8399" machi="7" ten="30,1000,0" yaku="8,1" doraHai="76" who="0" fromWho="3" sc="407,10,195,0,213,0,185,-10" /><INIT seed="7,0,0,1,0,112" ten="417,195,213,175" oya="3" hai0="46,132,81,0,98,57,45,117,130,27,17,93,51" hai1="49,88,89,56,70,9,41,82,59,18,74,109,135" hai2="104,20,77,53,128,121,29,65,133,55,92,114,118" hai3="110,39,127,102,83,69,68,67,28,16,5,8,48"/><W124/><G39/><T34/><D0/><U10/><E109/><V100/><F104/><W123/><G123/><T99/><D34/><U36/><E36/><V54/><F118/><W126/><G110/><T78/><D117/><U71/><E74/><V84/><F114/><W6/><G28/><T26/><D132/><U44/><E71/><N who="3" m="27210" /><G67/><T108/><D108/><U120/><E70/><V31/><F65/><W122/><G122/><T87/><D130/><U72/><E72/><V62/><F31/><W86/><G102/><T106/><D106/><U15/><E135/><V129/><F29/><W116/><G48/><T131/><D131/><U30/><E30/><V25/><F121/><W14/><G116/><T47/><D17/><N who="1" m="8431" /><E120/><V12/><F133/><W37/><G37/><T4/><D4/><U101/><E101/><V23/><F100/><W24/><G24/><N who="0" m="9259" /><D93/><U19/><E18/><V125/><F129/><W1/><G1/><T11/><D11/><U7/><E7/><V52/><F128/><W38/><G38/><T96/><D57/><N who="1" m="22091" /><E82/><V61/><F25/><W134/><G134/><T73/><D73/><U94/><E94/><V33/><F92/><W66/><G66/><T43/><AGARI ba="0,0" hai="43,45,46,47,51,78,81,87,96,98,99" m="9259" machi="43" ten="30,1100,0" yaku="8,1" doraHai="112" who="0" fromWho="0" sc="417,11,195,-3,213,-3,175,-5" owari="428,53.0,192,-21.0,210,1.0,170,-33.0" /></mjloggm>