<mjloggm ver="2.3"><GO type="185" lobby="0"/><UN n0="%68%79%74%73%6F%72%37%70" n1="%28%C2%B4%E3%81%B8%CE%B5%E3%81%B8%60%29" n2="%77%61%77%61%33%30%33%30" n3="" dan="17,20,16,0" rate="2228.85,2240.49,2153.99,1500.00" sx="M,M,M,C"/><TAIKYOKU oya="0"/><INIT seed="0,0,0,0,3,99" ten="350,350,350,0" oya="0" hai0="69,66,53,112,116,82,129,128,56,126,92,98,67" hai1="34,110,38,33,3,40,63,131,88,76,135,93,37" hai2="48,127,83,57,64,58,44,102,0,84,107,124,61" hai3=""/><T71/><D116/><U113/><E3/><V119/><F0/><T108/><D112/><U134/><E113/><V96/><F119/><T75/><D126/><U109/><E76/><V100/><F58/><T104/><D104/><U73/><E73/><V79/><REACH who="2" step="1"/><F102/><REACH who="2" ten="350,350,340,0" step="2"/><T123/><N who="0" m="31520" /><T120/><N who="0" m="30752" /><T125/><D125/><U106/><E33/><V105/><F105/><T55/><D108/><U114/><E34/><V49/><F49/><T133/><D133/><U72/><E135/><V41/><AGARI ba="0,1" hai="41,44,48,57,61,64,79,83,84,96,100,107,124,127" machi="41" ten="30,5900,0" yaku="1,1,0,1,52,1,53,1" doraHai="99" doraHaiUra="77" who="2" fromWho="2" sc="350,-39,350,-20,340,69,0,0" /><INIT seed="1,0,0,5,3,71" ten="311,330,409,0" oya="1" hai0="52,76,64,59,130,108,113,74,112,90,77,116,63" hai1="50,61,55,126,48,49,89,33,122,51,132,118,67" hai2="32,103,65,101,97,58,121,81,53,47,133,129,93" hai3=""/><U115/><N who="1" m="31264" /><U111/><E33/><V114/><N who="2" m="31008" /><V102/><F32/><T135/><D130/><U75/><E75/><V60/><F129/><T83/><D135/><U78/><E118/><V131/><F131/><T105/><D108/><U99/><E115/><V91/><F133/><T123/><N who="0" m="31520" /><T39/><D116/><U62/><E132/><V79/><F114/><T2/><D2/><U98/><E111/><V96/><F47/><T80/><D105/><U94/><E126/><V110/><F110/><T43/><D90/><U68/><E61/><V128/><F128/><T41/><D64/><U119/><E78/><V109/><F109/><T42/><REACH who="0" step="1"/><D39/><REACH who="0" ten="301,330,409,0" step="2"/><U54/><E119/><V100/><F65/><T3/><D3/><U85/><REACH who="1" step="1"/><E55/><REACH who="1" ten="301,320,409,0" step="2"/><V134/><F134/><T124/><D124/><U35/><E35/><V34/><F34/><T88/><D88/><U87/><E87/><AGARI ba="0,2" hai="41,42,43,52,59,63,74,76,77,80,83,87,112,113" m="31520" machi="87" ten="40,8000,1" yaku="1,1,52,1,54,1,53,2" doraHai="71" doraHaiUra="72" who="0" fromWho="1" sc="301,100,320,-80,409,0,0,0" /><INIT seed="2,0,0,1,4,75" ten="401,240,409,0" oya="2" hai0="2,40,86,54,89,104,134,109,0,132,49,64,124" hai1="106,91,102,47,63,93,58,121,66,68,92,46,95" hai2="61,112,80,82,107,116,76,87,97,37,48,135,96" hai3=""/><V111/><F37/><T71/><D109/><U120/><N who="1" m="30752" /><U43/><N who="1" m="31008" /><U128/><E128/><V52/><F112/><T125/><D104/><U129/><E129/><V88/><F116/><T110/><D110/><U119/><E119/><V42/><F111/><T73/><D73/><U55/><E106/><V50/><F135/><N who="0" m="51754" /><D40/><U94/><E102/><V51/><F42/><T36/><D36/><U32/><E32/><V113/><F113/><T130/><D130/><U83/><E83/><V127/><F127/><N who="0" m="48714" /><D64/><U72/><E72/><V84/><F107/><T103/><D71/><U1/><E1/><V3/><F3/><T70/><D70/><U105/><E105/><V62/><REACH who="2" step="1"/><F52/><REACH who="2" ten="401,240,399,0" step="2"/><T117/><D117/><U44/><E43/><V101/><F101/><T85/><D103/><U53/><REACH who="1" step="1"/><E68/><REACH who="1" ten="401,230,399,0" step="2"/><V77/><F77/><T67/><D0/><U90/><E90/><V79/><F79/><T60/><D2/><U33/><E33/><V78/><F78/><T99/><D89/><U131/><E131/><V118/><F118/><T59/><D99/><AGARI ba="0,2" hai="44,46,47,53,55,58,63,66,91,92,93,94,95,99" m="31008,30752" machi="99" ten="40,8000,1" yaku="1,1,8,1,52,2,53,0" doraHai="75" doraHaiUra="133" who="1" fromWho="0" sc="401,-80,230,100,399,0,0,0" /><AGARI ba="0,0" hai="48,50,51,61,62,76,80,82,84,87,88,96,97,99" machi="99" ten="40,12000,1" yaku="1,1,8,1,52,1,54,1,53,0" doraHai="75" doraHaiUra="133" who="2" fromWho="0" sc="321,-120,330,0,399,120,0,0" /><INIT seed="2,1,0,5,5,101" ten="201,330,519,0" oya="2" hai0="46,39,94,63,41,57,47,107,55,52,89,114,74" hai1="116,126,125,130,53,68,91,120,0,69,90,35,135" hai2="43,59,2,83,71,72,40,85,38,113,45,80,37" hai3=""/><V102/><F113/><T121/><N who="0" m="31008" /><T96/><D74/><U92/><N who="1" m="30752" /><U115/><E115/><V49/><F71/><T1/><D114/><U133/><E0/><V104/><F2/><T119/><D119/><U33/><E53/><V132/><F132/><N who="1" m="50761" /><E116/><V105/><F102/><T93/><D93/><U98/><E90/><V123/><N who="2" m="31520" /><V48/><F59/><T64/><D1/><U51/><E51/><V129/><F129/><T122/><N who="0" m="31264" /><T95/><D95/><U42/><E42/><V110/><F110/><T124/><D124/><N who="1" m="47723" /><E130/><V66/><F66/><T82/><D82/><U65/><E65/><V44/><REACH who="2" step="1"/><F85/><REACH who="2" ten="201,330,509,0" step="2"/><T87/><REACH who="0" step="1"/><D47/><REACH who="0" ten="191,330,509,0" step="2"/><U103/><E103/><AGARI ba="1,2" hai="39,41,46,52,55,57,63,64,87,89,94,96,103,107" m="31264,31008" machi="103" ten="40,12000,2" yaku="1,1,2,1,52,3,54,1,53,1" doraHai="101" doraHaiUra="58" who="0" fromWho="1" sc="191,142,330,-122,509,0,0,0" /><INIT seed="4,0,0,5,4,50" ten="333,208,509,0" oya="0" hai0="113,45,103,75,106,98,115,86,1,51,37,70,121" hai1="72,126,128,56,87,79,54,93,122,123,85,99,129" hai2="102,38,119,55,73,104,105,109,117,33,94,63,67" hai3=""/><T69/><N who="0" m="31008" /><T89/><D75/><U32/><N who="1" m="31264" /><U49/><N who="1" m="31520" /><U90/><E32/><V76/><F109/><T130/><D37/><U47/><E126/><V101/><F38/><T84/><D1/><U65/><E72/><V131/><F33/><T108/><D130/><N who="1" m="50283" /><E79/><V77/><F131/><T110/><D70/><U81/><E81/><V42/><F42/><T133/><D69/><U134/><E134/><V71/><F101/><T68/><D68/><U112/><E112/><N who="0" m="43081" /><D133/><U62/><AGARI ba="0,0" hai="47,49,54,56,62,65,85,87,90,93,99" m="50283,31520,31264" machi="62" ten="30,5900,0" yaku="19,1,52,3" doraHai="50" who="1" fromWho="1" sc="333,-39,208,59,509,-20,0,0" /><INIT seed="5,0,0,0,5,49" ten="294,267,489,0" oya="1" hai0="119,1,128,102,69,32,59,113,78,89,67,61,70" hai1="114,55,52,115,80,64,68,106,90,91,62,88,120" hai2="129,57,123,35,66,133,58,124,86,79,94,111,116" hai3=""/><U125/><N who="1" m="30752" /><U77/><E106/><V53/><N who="2" m="31520" /><V82/><F116/><T36/><D1/><U132/><E125/><V2/><F111/><T126/><D32/><U103/><E103/><V54/><F124/><T60/><D126/><U81/><E132/><V92/><F133/><T46/><D119/><U42/><E42/><V40/><F40/><T96/><D128/><U107/><E107/><V51/><F129/><T73/><D89/><U74/><REACH who="1" step="1"/><E81/><REACH who="1" ten="294,257,489,0" step="2"/><V71/><F35/><T65/><D113/><AGARI ba="0,1" hai="52,55,62,64,68,74,77,80,88,90,91,113,114,115" m="30752" machi="113" ten="40,24000,3" yaku="1,1,2,1,15,1,52,3,54,2,53,1" doraHai="49" doraHaiUra="105" who="1" fromWho="0" sc="294,-240,257,250,489,0,0,0" /><INIT seed="5,1,0,2,0,80" ten="54,507,489,0" oya="1" hai0="64,55,108,49,100,81,89,104,67,58,46,68,77" hai1="127,128,115,92,110,131,126,87,117,96,40,42,66" hai2="121,103,38,72,101,70,90,33,62,83,35,1,59" hai3=""/><U61/><E117/><V52/><N who="2" m="31008" /><V123/><N who="2" m="31520" /><V50/><F1/><T133/><D133/><U135/><E115/><V102/><F38/><T37/><D108/><U78/><E110/><V2/><F2/><T32/><D32/><U85/><E135/><V60/><F60/><T134/><D134/><U41/><E78/><V91/><F90/><T54/><D89/><U43/><N who="1" m="10240" /><DORA hai="130" /><U88/><E131/><V132/><F132/><T65/><D37/><U111/><E111/><V86/><REACH who="2" step="1"/><F72/><REACH who="2" ten="54,507,479,0" step="2"/><T98/><D68/><U119/><E128/><V76/><F76/><T122/><N who="0" m="31264" /><T74/><REACH who="0" step="1"/><D55/><REACH who="0" ten="44,507,479,0" step="2"/><U84/><REACH who="1" step="1"/><E119/><REACH who="1" ten="44,497,479,0" step="2"/><V63/><F63/><AGARI ba="1,3" hai="46,49,54,58,63,64,65,67,74,77,81,98,100,104" m="31264" machi="63" ten="40,8000,1" yaku="1,1,2,1,52,1,53,1" doraHai="80,130" doraHaiUra="95,109" who="0" fromWho="2" sc="44,112,497,0,479,-82,0,0" /><INIT seed="6,0,0,3,1,74" ten="156,497,397,0" oya="2" hai0="114,72,38,64,127,54,2,51,124,79,36,49,111" hai1="65,109,135,39,45,77,102,78,118,59,58,41,69" hai2="87,3,48,62,42,63,67,88,96,131,37,90,75" hai3=""/><V46/><F131/><T85/><D85/><U91/><E109/><V104/><F75/><T128/><D64/><U113/><E113/><V93/><F3/><T84/><D84/><U122/><N who="1" m="31264" /><U52/><E135/><V0/><F0/><T66/><D66/><U53/><E118/><V119/><F119/><T32/><D54/><U55/><E102/><V56/><F104/><T106/><D51/><U94/><E69/><V107/><F107/><T100/><D49/><U73/><E73/><V125/><F125/><T123/><D79/><U81/><E81/><V89/><F37/><T117/><D100/><U47/><E47/><V35/><F35/><T126/><D38/><U33/><E33/><V108/><F108/><T68/><D126/><U120/><N who="1" m="30752" /><U116/><E116/><V112/><F112/><T110/><D124/><U80/><E80/><V132/><F132/><AGARI ba="0,0" hai="2,32,36,68,72,106,110,111,114,117,123,127,128,132" machi="132" ten="0,32000,5" yakuman="47" doraHai="74" who="0" fromWho="2" sc="156,320,497,0,397,-320,0,0" owari="476,8.0,497,44.0,77,-52.0,0,0.0" /></mjloggm>