<mjloggm ver="2.3"><GO type="185" lobby="0"/><UN n0="%28%C2%B4%E3%81%B8%CE%B5%E3%81%B8%60%29" n1="%64%73%61%6E" n2="%7A%6B%75%72%74" n3="" dan="20,16,17,0" rate="2262.15,2203.91,2259.03,1500.00" sx="M,M,M,C"/><TAIKYOKU oya="0"/><INIT seed="0,0,0,0,1,65" ten="350,350,350,0" oya="0" hai0="54,107,103,38,33,85,100,86,41,108,35,0,105" hai1="50,112,57,68,126,91,118,124,51,90,42,127,128" hai2="80,84,115,55,52,132,62,99,34,75,78,46,117" hai3=""/><T116/><BYE who="1" /><D116/><UN n1="%64%73%61%6E" /><U88/><E118/><V82/><F117/><T96/><D0/><U58/><E112/><V36/><F115/><T37/><D96/><U77/><E77/><V122/><N who="2" m="31264" /><V133/><F34/><T2/><D54/><U64/><E128/><V39/><F99/><T53/><D53/><U44/><E51/><V60/><F84/><T1/><REACH who="0" step="1"/><D41/><REACH who="0" ten="340,350,350,0" step="2"/><U67/><REACH who="1" step="1"/><E64/><REACH who="1" ten="340,340,350,0" step="2"/><V59/><F55/><T130/><D130/><U66/><E66/><V73/><F52/><T111/><AGARI ba="0,2" hai="1,2,33,35,37,38,85,86,100,103,105,107,108,111" machi="111" ten="25,12000,2" yaku="1,1,0,1,22,2,53,2" doraHai="65" doraHaiUra="123" who="0" fromWho="0" sc="340,140,340,-60,350,-60,0,0" /><INIT seed="0,1,0,5,5,86" ten="480,280,290,0" oya="0" hai0="92,119,111,126,130,42,59,90,129,57,125,69,91" hai1="94,97,83,64,55,41,101,85,75,103,93,102,135" hai2="32,128,134,96,118,71,123,84,98,37,45,133,104" hai3=""/><T116/><D69/><U109/><E109/><V44/><N who="2" m="31520" /><V73/><F32/><T115/><D42/><U66/><E135/><V105/><F73/><T74/><D74/><U2/><E2/><V51/><F71/><T107/><D107/><U100/><E41/><V43/><F128/><N who="0" m="49258" /><D115/><U61/><E75/><V3/><F3/><T68/><D68/><U121/><N who="1" m="31008" /><U52/><E94/><V49/><F118/><N who="0" m="45098" /><D111/><U117/><E117/><V80/><F37/><T53/><D59/><U114/><E114/><V131/><F131/><T35/><D35/><U81/><E66/><V63/><F43/><T50/><D92/><U108/><E108/><V127/><F105/><T1/><D1/><U112/><E112/><V89/><F104/><T110/><D110/><U39/><E39/><V120/><N who="2" m="30752" /><V122/><N who="2" m="31264" /><V36/><F36/><T46/><D46/><U99/><E81/><V0/><F0/><T58/><D58/><U77/><REACH who="1" step="1"/><E97/><REACH who="1" ten="480,270,290,0" step="2"/><V65/><F98/><T60/><D60/><U113/><E113/><V82/><F96/><T54/><D54/><U48/><E48/><V88/><F63/><T78/><D50/><U72/><E72/><V132/><F132/><T47/><D53/><U95/><E95/><RYUUKYOKU ba="1,1" sc="480,-10,270,20,290,-10,0,0" hai1="52,55,61,64,77,83,85,93,99,100,101,102,103" /><INIT seed="1,2,1,1,2,113" ten="470,290,280,0" oya="1" hai0="107,3,38,116,115,82,39,114,59,64,94,63,95" hai1="1,101,117,125,103,74,129,75,43,132,45,70,84" hai2="41,126,91,33,55,37,119,120,88,122,72,53,98" hai3=""/><U106/><E1/><V40/><N who="2" m="30752" /><V73/><N who="2" m="31264" /><V71/><F33/><T109/><D3/><U68/><E132/><V47/><F71/><T134/><D107/><U131/><E84/><V34/><F34/><T121/><N who="0" m="31008" /><T60/><D134/><U54/><E54/><V52/><F126/><T102/><D109/><U99/><E125/><V100/><F119/><T50/><D116/><U80/><E117/><V66/><F66/><T110/><D110/><U111/><E111/><V79/><F41/><T57/><D82/><U90/><E103/><V123/><N who="2" m="31520" /><V83/><REACH who="2" step="1"/><F73/><REACH who="2" ten="470,290,270,0" step="2"/><T81/><D64/><U87/><E68/><V124/><F124/><T62/><D115/><U78/><E70/><V49/><F49/><T42/><D50/><U61/><E61/><V89/><F89/><T86/><D114/><U93/><REACH who="1" step="1"/><E75/><REACH who="1" ten="470,280,270,0" step="2"/><V48/><F48/><AGARI ba="2,3" hai="43,45,48,74,78,80,87,90,93,99,101,106,129,131" machi="48" ten="40,12000,1" yaku="1,1,2,1,24,2,53,0" doraHai="113" doraHaiUra="32" who="1" fromWho="2" sc="470,0,280,154,270,-124,0,0" /><INIT seed="1,3,0,5,1,51" ten="470,434,146,0" oya="1" hai0="72,86,39,54,76,105,71,92,77,60,81,100,33" hai1="73,84,124,126,32,135,90,82,125,122,118,50,79" hai2="78,128,103,2,102,70,63,89,80,67,107,0,52" hai3=""/><U74/><N who="1" m="31264" /><U35/><E118/><V130/><F89/><T69/><D39/><U99/><E135/><V58/><F0/><T40/><D40/><U48/><E99/><V115/><F2/><T108/><D33/><U68/><E68/><V36/><F36/><T47/><D76/><U43/><E43/><V91/><F91/><T42/><D42/><U55/><E50/><V57/><F70/><T104/><D104/><U106/><E106/><V111/><F111/><T133/><D108/><U46/><REACH who="1" step="1"/><E73/><REACH who="1" ten="470,424,146,0" step="2"/><V45/><F107/><T65/><D71/><U120/><N who="1" m="30752" /><U109/><E109/><V121/><F121/><T41/><D133/><U132/><E132/><V101/><F115/><T112/><D112/><U1/><E1/><V114/><F114/><T87/><D105/><U56/><E56/><V113/><F113/><T49/><D41/><U37/><E37/><V38/><F38/><T44/><D44/><U95/><AGARI ba="3,1" hai="32,35,46,48,55,74,79,82,84,90,95,124,125,126" m="30752,31264" machi="95" ten="30,12000,2" yaku="1,1,0,1,18,1,52,3,53,0" doraHai="51" doraHaiUra="53" who="1" fromWho="1" sc="470,-63,424,136,146,-63,0,0" /><INIT seed="1,4,0,3,2,62" ten="407,560,83,0" oya="1" hai0="104,103,81,74,48,75,41,122,0,59,90,58,50" hai1="115,88,102,69,89,96,40,64,101,98,114,52,94" hai2="60,119,51,97,80,61,55,132,73,92,108,33,127" hai3=""/><U129/><E129/><V112/><F33/><T95/><N who="0" m="31264" /><T117/><D0/><U70/><E40/><V84/><F119/><T93/><D104/><U116/><E116/><V36/><F36/><T85/><D117/><U125/><E125/><V32/><F32/><T44/><D103/><U110/><E110/><V83/><F127/><T134/><D134/><U135/><E135/><V76/><F132/><T123/><N who="0" m="31520" /><T109/><D109/><U3/><E3/><V107/><F107/><T120/><N who="0" m="30752" /><T49/><D75/><U42/><E42/><V100/><F112/><T78/><REACH who="0" step="1"/><D95/><REACH who="0" ten="397,560,83,0" step="2"/><U35/><E35/><V57/><F108/><T65/><D65/><U124/><E124/><V86/><REACH who="2" step="1"/><F73/><REACH who="2" ten="397,560,73,0" step="2"/><T133/><D133/><U63/><E115/><V68/><F68/><T67/><D67/><U105/><E114/><V106/><F106/><T1/><D1/><U56/><REACH who="1" step="1"/><E69/><REACH who="1" ten="397,550,73,0" step="2"/><V128/><F128/><T113/><D113/><U45/><E45/><V43/><F43/><T53/><D53/><U121/><N who="1" m="31008" /><U130/><E130/><V77/><AGARI ba="4,3" hai="51,55,57,60,61,76,77,80,83,84,86,92,97,100" machi="77" ten="20,6000,1" yaku="1,1,0,1,7,1,9,1,8,1,53,0" doraHai="62" doraHaiUra="118" who="2" fromWho="2" sc="397,-24,550,-44,73,98,0,0" /><INIT seed="2,0,0,5,0,96" ten="373,506,171,0" oya="2" hai0="89,64,32,56,71,101,72,80,57,76,51,82,60" hai1="50,59,79,94,58,127,97,35,69,77,85,122,92" hai2="103,54,3,114,2,100,49,1,112,78,41,126,133" hai3=""/><V67/><F133/><T55/><D32/><U61/><N who="1" m="31264" /><U128/><E35/><V91/><F126/><T53/><D101/><U113/><E113/><V121/><N who="2" m="31008" /><V34/><F34/><T106/><D106/><U131/><E127/><V86/><F41/><T110/><D110/><U65/><E50/><V33/><F33/><T116/><D116/><U48/><E48/><V42/><F42/><T90/><REACH who="0" step="1"/><D82/><REACH who="0" ten="363,506,171,0" step="2"/><U134/><E134/><V124/><F124/><T123/><N who="0" m="31520" /><T44/><D44/><U95/><E131/><V84/><F114/><T37/><D37/><U38/><E128/><V87/><F112/><T105/><D105/><U119/><E38/><V120/><N who="2" m="30752" /><V93/><F67/><T39/><D39/><U98/><E119/><V73/><F103/><T102/><D102/><U36/><E36/><V125/><F100/><T108/><D108/><U88/><E94/><V68/><F125/><T83/><D83/><U40/><E92/><V46/><REACH who="2" step="1"/><F68/><REACH who="2" ten="363,506,161,0" step="2"/><T117/><D117/><U66/><E69/><V132/><F132/><T63/><AGARI ba="0,2" hai="51,53,55,56,57,60,63,64,71,72,76,80,89,90" m="31520" machi="63" ten="20,3900,0" yaku="1,1,0,1,7,1,52,1,53,0" doraHai="96" doraHaiUra="70" who="0" fromWho="0" sc="363,59,506,-13,161,-26,0,0" /><INIT seed="4,0,0,1,0,103" ten="422,493,135,0" oya="0" hai0="119,78,108,0,32,122,62,89,95,107,83,50,49" hai1="54,86,82,125,124,35,120,52,104,66,116,46,92" hai2="60,111,56,94,117,77,57,37,65,44,88,41,1" hai3=""/><T90/><N who="0" m="31264" /><T105/><D119/><U34/><N who="1" m="30752" /><U75/><E116/><V68/><F117/><T118/><D118/><U47/><E66/><V70/><F1/><T114/><D0/><U134/><E92/><V59/><F111/><T43/><D32/><U81/><E86/><V69/><REACH who="2" step="1"/><F77/><REACH who="2" ten="422,493,125,0" step="2"/><T127/><D108/><U72/><REACH who="1" step="1"/><E134/><REACH who="1" ten="422,483,125,0" step="2"/><V123/><N who="2" m="31520" /><V99/><AGARI ba="0,2" hai="37,41,44,56,57,59,60,65,68,69,70,88,94,99" m="31520" machi="99" ten="30,6000,1" yaku="1,1,4,1,0,1,52,1,54,1,53,0" doraHai="103" doraHaiUra="98" who="2" fromWho="2" sc="422,-40,483,-20,125,80,0,0" /><INIT seed="5,0,0,0,4,94" ten="382,463,205,0" oya="1" hai0="98,46,53,82,135,84,106,130,64,123,69,96,75" hai1="83,93,122,132,63,57,77,35,49,124,88,41,133" hai2="81,112,38,44,43,85,79,125,61,68,36,40,67" hai3=""/><U99/><N who="1" m="31264" /><U0/><E0/><V117/><F117/><T102/><N who="0" m="31520" /><T105/><D130/><U113/><E35/><V42/><F125/><T51/><D135/><U78/><E124/><V127/><F127/><T108/><D108/><U58/><E113/><V118/><F118/><T70/><D75/><U131/><E131/><V134/><F134/><N who="1" m="51817" /><E83/><V34/><F34/><T72/><D72/><U100/><E100/><V95/><F112/><T97/><D64/><U128/><E128/><V48/><REACH who="2" step="1"/><F95/><REACH who="2" ten="382,463,195,0" step="2"/><T66/><D105/><U115/><E115/><V47/><F47/><T101/><D106/><U90/><E58/><V65/><F65/><T54/><D66/><U119/><E119/><V74/><F74/><T50/><D101/><U52/><E90/><V110/><F110/><T86/><D102/><U62/><E62/><V1/><F1/><T39/><D82/><U92/><E92/><V107/><F107/><T56/><D56/><U33/><E33/><V87/><F87/><T116/><D86/><U71/><E71/><V104/><F104/><T80/><D116/><U103/><E103/><V89/><F89/><T37/><D70/><U120/><N who="1" m="30752" /><U111/><E111/><V55/><AGARI ba="0,1" hai="36,38,40,42,43,44,48,55,61,67,68,79,81,85" machi="55" ten="30,1500,0" yaku="1,1,0,1,53,0" doraHai="94" doraHaiUra="129" who="2" fromWho="2" sc="382,-5,463,-10,195,25,0,0" /><INIT seed="6,0,0,2,4,61" ten="377,453,220,0" oya="2" hai0="51,53,85,79,65,93,69,64,91,116,90,129,34" hai1="52,67,97,57,40,84,45,107,95,2,48,101,54" hai2="88,94,68,33,72,122,124,71,82,73,46,130,126" hai3=""/><V37/><N who="2" m="31264" /><V76/><F33/><T75/><D34/><U56/><E2/><V135/><F135/><T113/><D116/><U36/><E67/><V1/><F1/><T132/><D132/><U66/><E66/><V47/><F130/><T114/><D129/><U110/><E110/><V108/><F108/><T89/><D75/><U62/><REACH who="1" step="1"/><E84/><REACH who="1" ten="377,443,220,0" step="2"/><V117/><F73/><T100/><D69/><U60/><E60/><V99/><F117/><T134/><D134/><U49/><E49/><V86/><F71/><T59/><D113/><U112/><E112/><V55/><F68/><T41/><D114/><U44/><E44/><V0/><F0/><T111/><D41/><U106/><AGARI ba="0,1" hai="36,40,45,48,52,54,56,57,62,95,97,101,106,107" machi="106" ten="30,3000,0" yaku="1,1,0,1,54,1,53,0" doraHai="61" doraHaiUra="109" who="1" fromWho="1" sc="377,-10,443,40,220,-20,0,0" owari="367,-3.0,483,43.0,200,-40.0,0,0.0" /></mjloggm>