<mjloggm ver="2.3"><GO type="169" lobby="0"/><UN n0="%E3%81%A1%E3%82%87%E3%82%8A%E3%81%8A" n1="%79%6A%2D%63%68%65%6B%69" n2="%55%74%61%6D%61%78" n3="%E5%A4%A9%E6%89%8D%E9%BA%BB%E5%B0%87%E5%8A%A0%E5%A5%88" dan="16,16,16,16" rate="2116.55,2074.44,2101.88,2041.61" sx="M,M,M,M"/><TAIKYOKU oya="0"/><INIT seed="0,0,0,5,1,48" ten="250,250,250,250" oya="0" hai0="94,51,130,128,16,85,86,5,39,7,24,34,18" hai1="56,43,54,22,30,105,2,71,27,21,28,41,110" hai2="68,91,92,10,62,35,124,25,29,67,126,81,112" hai3="13,46,55,53,106,101,97,65,122,14,131,12,102"/><T90/><D39/><U119/><E110/><V40/><F81/><W72/><G72/><T118/><D118/><U36/><E36/><V117/><F112/><W113/><G113/><T73/><D73/><U129/><E105/><V99/><F117/><W20/><G46/><T135/><D135/><U3/><E71/><V60/><F40/><W26/><G131/><N who="0" m="50219" /><D85/><U69/><E69/><V70/><REACH who="2" step="1"/><F10/><REACH who="2" ten="250,250,240,250" step="2"/><W84/><G122/><T120/><D120/><U79/><E129/><V116/><F116/><W8/><G8/><T57/><D34/><U80/><E119/><V63/><F63/><W49/><G49/><T93/><D93/><U52/><E43/><V127/><F127/><W9/><G9/><T111/><D111/><U4/><E41/><V15/><F15/><W134/><G12/><T76/><D76/><U95/><E80/><V87/><F87/><W66/><G84/><T83/><D83/><U114/><E79/><V108/><F108/><W1/><G106/><T47/><D24/><U77/><E77/><V32/><F32/><W19/><G26/><T82/><D82/><U50/><E95/><V38/><F38/><W115/><G115/><T89/><D86/><U74/><E74/><V88/><F88/><N who="0" m="33898" /><D94/><U107/><E107/><V11/><F11/><W17/><G134/><T78/><D78/><U45/><E114/><V123/><F123/><W100/><G100/><T121/><D121/><U132/><E132/><V61/><F61/><W23/><REACH who="3" step="1"/><G97/><REACH who="3" ten="250,250,240,240" step="2"/><T37/><D37/><U44/><E27/><V133/><F133/><W75/><G75/><T96/><D96/><RYUUKYOKU ba="0,2" sc="250,-15,250,-15,240,15,240,15" hai2="25,29,35,60,62,67,68,70,91,92,99,124,126" hai3="1,13,14,17,19,20,23,53,55,65,66,101,102" /><INIT seed="1,1,2,2,2,92" ten="235,235,255,255" oya="1" hai0="96,1,127,110,91,118,112,126,50,72,134,4,90" hai1="81,61,130,40,62,97,35,37,41,102,54,33,20" hai2="51,14,82,2,65,6,31,87,18,83,66,116,101" hai3="108,32,60,68,52,7,71,55,84,73,42,135,120"/><U3/><E3/><V129/><F116/><W29/><G120/><T27/><D118/><U64/><E130/><V0/><F31/><W17/><G73/><T111/><D112/><U23/><E81/><V30/><F30/><W8/><G135/><T105/><D72/><U78/><E78/><V133/><F133/><W38/><G108/><N who="0" m="41515" /><D134/><U128/><E128/><V117/><F117/><W46/><G17/><T76/><D27/><U9/><E9/><V121/><F121/><W104/><G104/><T74/><D50/><U123/><E37/><V49/><F14/><W59/><G84/><T39/><D39/><U5/><E5/><V125/><F6/><W22/><G32/><T85/><D4/><U21/><E35/><V98/><F87/><W70/><G7/><T75/><D75/><U124/><E33/><V100/><F129/><W88/><G8/><T63/><D63/><N who="1" m="24075" /><E64/><V24/><F24/><W119/><G55/><T79/><D1/><U77/><E77/><N who="0" m="29769" /><D74/><U107/><E123/><V122/><F122/><W114/><G114/><T44/><D44/><U25/><E25/><V93/><F2/><W26/><G119/><T115/><D115/><U11/><E11/><V103/><F0/><W67/><G67/><T28/><D28/><U43/><E54/><V132/><F132/><W56/><G56/><T80/><D105/><U13/><E13/><V19/><F66/><W45/><G45/><T99/><D90/><U106/><E106/><V94/><F65/><W113/><G113/><T58/><D58/><U95/><E107/><V53/><F53/><W86/><G70/><RYUUKYOKU ba="1,2" sc="235,10,235,10,255,-30,255,10" hai0="80,85,91,96,99,126,127" hai1="20,21,23,40,41,43,95,97,102,124" hai3="22,26,29,38,42,46,52,59,60,68,71,86,88" /><INIT seed="1,2,2,4,3,24" ten="245,245,225,265" oya="1" hai0="63,108,21,53,32,122,52,82,94,117,27,102,28" hai1="60,49,55,134,17,83,10,62,7,114,96,11,76" hai2="13,1,123,131,72,37,19,98,88,99,89,0,35" hai3="105,57,111,22,80,101,87,95,31,77,74,86,67"/><U70/><E134/><V115/><F123/><W97/><G111/><T69/><D108/><U132/><E132/><V79/><F37/><W48/><G48/><T119/><D122/><U26/><E114/><V61/><F115/><W41/><G41/><T59/><D69/><U125/><E125/><V100/><F35/><W43/><G43/><T58/><D82/><U107/><E70/><V25/><F25/><N who="3" m="16823" /><G105/><T33/><D33/><U71/><E107/><V130/><F61/><AGARI ba="2,2" hai="57,61,67,74,77,80,86,87,95,97,101" m="16823" machi="61" ten="30,2000,0" yaku="25,1,52,1" doraHai="24" who="3" fromWho="2" sc="245,0,245,0,225,-26,265,46" /><INIT seed="2,0,0,4,0,38" ten="245,245,199,311" oya="2" hai0="91,10,55,119,58,134,17,46,102,96,120,7,47" hai1="128,60,32,106,113,14,54,117,95,87,121,45,61" hai2="116,127,131,103,69,77,62,84,20,51,66,130,92" hai3="1,112,98,0,124,72,99,34,40,6,93,24,16"/><V110/><F116/><W104/><G72/><T36/><D120/><U114/><E106/><V122/><F122/><W43/><G104/><T100/><D134/><U59/><E32/><V85/><F127/><W88/><G124/><T48/><D119/><U78/><E117/><V75/><F75/><W52/><G34/><T65/><D17/><U4/><E121/><V125/><F125/><W94/><G112/><T108/><D108/><U9/><E128/><N who="2" m="49195" /><F77/><W115/><G115/><T53/><D65/><U68/><E95/><V111/><F20/><N who="3" m="13319" /><G0/><T44/><D36/><U3/><E3/><V5/><F5/><W29/><G1/><T81/><D102/><U27/><E27/><V2/><F2/><W28/><G52/><N who="0" m="32007" /><D7/><U64/><REACH who="1" step="1"/><E45/><REACH who="1" ten="245,235,199,311" step="2"/><V74/><F110/><W33/><G33/><T105/><D105/><U126/><E126/><V109/><F109/><W86/><G6/><T49/><D47/><U39/><E39/><V12/><F111/><W82/><G93/><N who="0" m="58383" /><D46/><U67/><E67/><V135/><F66/><W37/><G37/><T73/><D73/><U42/><E42/><N who="3" m="15914" /><G99/><T76/><D44/><U31/><E31/><V71/><F74/><W22/><G22/><T30/><D30/><U133/><E133/><V35/><F35/><W118/><G118/><T97/><D97/><U107/><E107/><V129/><F129/><W57/><G57/><T89/><D55/><U70/><E70/><V21/><F71/><W15/><G15/><T132/><D53/><U56/><E56/><V41/><F69/><W25/><G25/><T19/><D132/><U50/><E50/><RYUUKYOKU ba="0,1" sc="245,-15,235,15,199,-15,311,15" hai1="4,9,14,54,59,60,61,64,68,78,87,113,114" hai3="28,29,82,86,88,94,98" /><INIT seed="3,1,1,3,3,17" ten="230,250,184,326" oya="3" hai0="108,72,64,84,60,9,92,62,44,2,134,132,61" hai1="111,112,13,79,56,87,116,30,18,34,83,63,126" hai2="133,86,73,21,33,102,53,6,68,76,25,120,124" hai3="20,117,19,31,12,14,78,105,10,101,37,23,74"/><W51/><G37/><T49/><D72/><U130/><E111/><V24/><F124/><W7/><G117/><T45/><D2/><U75/><E130/><V47/><F133/><N who="0" m="51306" /><D9/><U99/><E126/><V16/><F68/><W96/><G51/><T107/><D107/><U110/><E110/><V131/><F73/><W28/><REACH who="3" step="1"/><G20/><REACH who="3" ten="230,250,184,316" step="2"/><T55/><D108/><U42/><E116/><V88/><F131/><W54/><G54/><T122/><D122/><U57/><E42/><V38/><F38/><W123/><G123/><T129/><D129/><U39/><E39/><V100/><F120/><W109/><G109/><T121/><D121/><U29/><E34/><V93/><F53/><W32/><G32/><T82/><D44/><U94/><E112/><V114/><F47/><W69/><G69/><N who="0" m="42119" /><D92/><U127/><E127/><V90/><F114/><W40/><G40/><T15/><D15/><U46/><E46/><V67/><F67/><W41/><G41/><T8/><D8/><U0/><E0/><V22/><F33/><W119/><G119/><T36/><D36/><U70/><E70/><V65/><F65/><W43/><G43/><T71/><D71/><U97/><E57/><V89/><F93/><W27/><G27/><T5/><D5/><U26/><E26/><V103/><F6/><W11/><G11/><T1/><D1/><U4/><E56/><V118/><F118/><W52/><G52/><T104/><D104/><U81/><E4/><V58/><F58/><W50/><G50/><T35/><D35/><U115/><E94/><V106/><F106/><W85/><G85/><RYUUKYOKU ba="1,2" sc="230,15,250,-15,184,-15,316,15" hai0="45,49,55,61,62,82,84" hai3="7,10,12,14,19,23,28,31,74,78,96,101,105" /><INIT seed="3,2,2,5,0,74" ten="245,235,169,331" oya="3" hai0="113,66,111,72,4,95,63,17,14,39,79,110,15" hai1="81,99,59,94,75,23,127,69,91,64,100,117,2" hai2="118,106,30,55,50,115,16,82,12,88,128,60,102" hai3="37,76,130,104,0,116,19,107,34,31,1,20,45"/><W53/><G116/><T123/><D123/><U121/><E69/><V6/><F118/><W89/><G130/><T120/><D120/><U108/><E2/><V7/><F128/><W35/><G89/><T41/><D113/><U78/><E121/><V18/><F115/><W27/><G76/><T58/><D95/><U49/><E117/><V9/><F102/><W119/><G119/><T109/><D4/><N who="2" m="1578" /><F106/><W77/><G53/><T96/><D96/><U93/><E64/><V129/><F30/><W105/><G77/><T44/><REACH who="0" step="1"/><D17/><REACH who="0" ten="235,235,169,331" step="2"/><U97/><E127/><V46/><F129/><W28/><G19/><T85/><D85/><U29/><E29/><V10/><F18/><W131/><G28/><T125/><D125/><U98/><E23/><N who="2" m="11655" /><F60/><W47/><G131/><T13/><D13/><U134/><E99/><V51/><F51/><W26/><G105/><T92/><D92/><U11/><E49/><V70/><F70/><W3/><G104/><T86/><D86/><AGARI ba="2,3" hai="9,10,46,50,55,82,86,88" m="11655,1578" machi="86" ten="30,3900,0" yaku="8,1,54,2" doraHai="74" who="2" fromWho="0" sc="235,-45,235,0,169,75,331,0" /><INIT seed="4,0,0,5,4,100" ten="190,235,244,331" oya="0" hai0="88,118,111,135,34,67,70,83,101,104,132,119,121" hai1="115,51,56,40,58,98,53,19,33,10,46,0,47" hai2="96,94,134,72,15,22,11,3,105,12,97,21,2" hai3="86,91,5,24,9,29,92,81,68,6,57,38,23"/><T41/><D34/><U20/><E33/><V77/><F134/><N who="0" m="51242" /><D121/><U50/><E115/><V73/><F94/><W60/><G68/><T66/><D41/><U79/><E79/><V48/><F48/><W84/><G38/><T85/><D70/><U71/><E71/><V36/><F77/><N who="3" m="46127" /><G9/><T106/><D101/><U89/><E0/><V44/><F44/><W49/><G49/><T123/><D123/><U62/><E10/><V78/><F78/><W18/><G29/><T110/><D66/><AGARI ba="0,0" hai="5,6,18,23,24,57,60,66,86,91,92" m="46127" machi="66" ten="30,1000,0" yaku="8,1" doraHai="100" who="3" fromWho="0" sc="190,-10,235,0,244,0,331,10" /><INIT seed="5,0,0,4,4,15" ten="180,235,244,341" oya="1" hai0="56,114,13,50,110,8,96,105,134,94,48,29,59" hai1="130,104,126,97,119,120,61,76,89,71,91,67,122" hai2="95,28,117,77,68,111,39,57,17,38,66,52,92" hai3="16,124,103,27,88,90,113,46,45,116,14,9,86"/><U132/><E119/><V42/><F111/><W80/><G116/><T128/><D110/><U40/><E126/><V78/><F28/><W23/><G124/><T18/><D105/><U109/><E109/><V102/><F117/><W51/><G103/><T37/><D37/><U11/><E132/><V73/><F68/><W33/><G33/><T85/><D114/><U60/><E76/><V47/><F66/><W5/><G113/><T20/><D128/><U55/><E40/><V133/><F39/><W30/><G90/><T3/><D85/><U98/><E104/><V44/><F44/><N who="3" m="17003" /><G51/><T127/><D134/><U41/><E41/><V32/><F32/><W10/><G10/><T107/><D107/><U54/><E11/><V125/><F125/><W31/><AGARI ba="0,0" hai="5,9,14,16,23,27,30,31,80,86,88" m="17003" machi="31" ten="30,7900,0" yaku="8,1,52,1,54,2" doraHai="15" who="3" fromWho="3" sc="180,-20,235,-39,244,-20,341,79" /><INIT seed="6,0,0,5,0,117" ten="160,196,224,420" oya="2" hai0="43,77,134,90,30,85,130,81,73,93,27,56,69" hai1="15,112,35,60,122,19,128,46,49,96,79,50,65" hai2="72,88,124,37,94,91,108,31,119,13,55,40,118" hai3="1,32,17,53,115,125,59,42,0,100,123,41,107"/><V126/><F72/><W38/><G123/><T21/><D69/><U10/><E35/><V28/><F13/><W48/><G32/><T95/><D130/><U4/><E128/><V18/><F18/><W132/><G17/><T14/><D134/><U22/><E112/><V75/><F75/><W5/><G132/><T76/><D43/><U2/><E79/><V29/><F55/><W102/><G125/><N who="2" m="48233" /><F108/><W54/><G5/><T47/><D47/><U116/><E122/><V58/><F58/><W80/><G59/><T8/><D56/><U25/><E116/><N who="2" m="44587" /><F94/><W51/><G115/><T62/><D62/><U36/><E96/><V20/><F20/><W129/><G129/><T12/><D12/><U66/><E66/><V34/><F34/><W97/><G97/><T121/><D121/><U16/><E36/><V52/><F52/><W82/><G38/><T45/><D45/><AGARI ba="0,0" hai="28,29,31,37,40,45,88,91" m="44587,48233" machi="45" ten="40,3900,0" yaku="18,1,54,1" doraHai="117" who="2" fromWho="0" sc="160,-39,196,0,224,39,420,0" /><INIT seed="6,1,0,3,5,135" ten="121,196,263,420" oya="2" hai0="128,45,40,102,28,2,118,1,25,117,85,59,108" hai1="125,30,95,56,42,46,33,88,34,38,68,6,74" hai2="37,4,106,96,29,114,10,87,122,73,19,5,84" hai3="75,72,55,57,17,134,110,50,132,18,58,107,79"/><V11/><F122/><W54/><G110/><T9/><D108/><U99/><E68/><V3/><F37/><W27/><G107/><T67/><D128/><U65/><E74/><V13/><F73/><N who="3" m="28235" /><G27/><T0/><D9/><U90/><E6/><V66/><F106/><W20/><G20/><T60/><D102/><U82/><E30/><V113/><F66/><W83/><G83/><T127/><D85/><N who="2" m="32842" /><F96/><W31/><G31/><T92/><D92/><U124/><E82/><V109/><F29/><W7/><G7/><N who="2" m="2633" /><F3/><W100/><G100/><T49/><D117/><U115/><E90/><V76/><F76/><W103/><G103/><T14/><D14/><U105/><E115/><N who="2" m="44043" /><F109/><W116/><G116/><T63/><D118/><U61/><REACH who="1" step="1"/><E105/><REACH who="1" ten="121,186,263,420" step="2"/><V91/><F91/><W51/><G79/><T43/><D28/><U121/><E121/><V130/><F130/><W22/><G134/><T131/><D131/><U78/><E78/><V101/><F101/><W23/><G132/><T93/><D2/><U35/><AGARI ba="1,1" hai="33,34,35,38,42,46,56,61,65,88,95,99,124,125" machi="35" ten="40,12000,2" yaku="1,1,0,1,52,2,54,1,53,1" doraHai="135" doraHaiUra="39" who="1" fromWho="1" sc="121,-31,186,133,263,-61,420,-31" /><INIT seed="7,0,0,4,2,99" ten="90,319,202,389" oya="3" hai0="51,8,76,110,38,49,109,119,53,20,131,124,74" hai1="97,79,135,39,127,105,70,66,106,101,62,34,129" hai2="61,44,58,11,17,16,52,46,125,36,81,0,133" hai3="55,92,56,100,59,64,112,120,42,77,60,82,104"/><W10/><G112/><T29/><D74/><U24/><E127/><V115/><F115/><W114/><G114/><T96/><D76/><U48/><E48/><V122/><F125/><W54/><G120/><T126/><D8/><U95/><E95/><V2/><F133/><W90/><G42/><T25/><D38/><U103/><E79/><V89/><F36/><W22/><G10/><T6/><D96/><N who="1" m="61607" /><E129/><V23/><F17/><W9/><G9/><T132/><D20/><U26/><E26/><V118/><F118/><W130/><G22/><T32/><D25/><U4/><E4/><V1/><F11/><W93/><G93/><T13/><D13/><U3/><E39/><V85/><REACH who="2" step="1"/><F122/><REACH who="2" ten="90,319,192,389" step="2"/><W27/><G130/><T21/><D131/><U75/><E135/><V91/><F91/><W31/><G90/><T63/><D132/><U69/><E69/><V88/><F88/><W47/><G77/><T102/><D119/><U35/><E75/><V134/><F134/><W37/><G37/><T108/><D6/><U15/><E15/><AGARI ba="0,1" hai="0,1,2,15,16,23,44,46,52,58,61,81,85,89" machi="15" ten="40,5200,0" yaku="1,1,54,2,53,0" doraHai="99" doraHaiUra="111" who="2" fromWho="1" sc="90,0,319,-52,192,62,389,0" owari="90,-41.0,267,7.0,254,-15.0,389,49.0" /></mjloggm>