<mjloggm ver="2.3"><GO type="169" lobby="0"/><UN n0="%64%72%61%65%74%63" n1="%E5%85%94%E6%96%AF%E5%9F%BA" n2="%E3%83%8A%E3%82%B4%E3%83%A0" n3="%E6%82%A0%E3%80%85%2E" dan="17,16,16,16" rate="2153.54,2045.60,2151.58,2130.75" sx="M,M,M,M"/><TAIKYOKU oya="0"/><INIT seed="0,0,0,0,3,134" ten="250,250,250,250" oya="0" hai0="2,0,78,46,36,6,17,68,10,101,90,91,61" hai1="123,114,69,100,63,37,12,7,95,125,84,48,135" hai2="129,109,15,25,102,43,130,23,35,74,96,115,108" hai3="34,28,98,33,56,64,13,87,18,110,31,58,72"/><T20/><D101/><U70/><E37/><V120/><F43/><W26/><G72/><T60/><D78/><U11/><E123/><V105/><F120/><W117/><G110/><N who="2" m="42601" /><F74/><W16/><G117/><T21/><D0/><U80/><E135/><V4/><F4/><W52/><G98/><T132/><D132/><U127/><E48/><V42/><F15/><W67/><G13/><T124/><D68/><U93/><E114/><V71/><F42/><W66/><G87/><T55/><D21/><U85/><E84/><V118/><F71/><W50/><REACH who="3" step="1"/><G58/><REACH who="3" ten="250,250,250,240" step="2"/><T59/><D59/><U47/><E70/><V112/><F118/><W62/><G62/><T113/><D61/><U73/><E73/><V94/><F105/><W54/><G54/><T104/><D55/><U79/><E47/><V57/><F57/><W51/><G51/><T75/><D46/><U39/><E39/><V3/><F3/><W126/><G126/><N who="1" m="48138" /><E100/><V131/><F35/><W82/><G82/><T97/><D36/><U49/><E49/><V19/><AGARI ba="0,1" hai="19,23,25,94,96,102,112,115,129,130,131" m="42601" machi="19" ten="40,2700,0" yaku="19,1,14,1" doraHai="134" who="2" fromWho="2" sc="250,-13,250,-7,250,37,240,-7" /><INIT seed="1,0,0,2,2,6" ten="237,243,287,233" oya="1" hai0="122,94,11,105,84,89,30,79,103,65,10,113,37" hai1="81,36,70,57,106,101,111,60,24,92,61,42,82" hai2="62,121,110,33,17,119,63,44,117,46,69,41,58" hai3="1,64,77,7,9,90,38,112,32,109,104,59,3"/><U43/><E106/><V68/><F33/><W34/><G38/><T15/><D113/><U97/><E111/><V80/><F80/><W19/><G77/><T66/><D37/><U96/><E70/><N who="2" m="27243" /><F17/><W50/><G104/><T21/><D122/><U12/><E24/><V71/><F110/><W54/><G112/><T5/><D79/><U107/><E36/><N who="2" m="21543" /><F121/><W98/><G1/><T123/><D123/><U127/><E127/><V52/><F46/><W18/><G18/><T40/><D40/><N who="1" m="15403" /><E97/><V86/><F86/><W76/><G76/><T91/><D91/><U25/><E25/><V35/><F35/><W114/><G90/><T55/><D30/><U16/><E107/><V102/><F102/><W95/><G109/><T8/><D105/><U0/><E0/><V131/><F131/><W51/><G114/><T135/><D103/><U132/><E82/><V108/><F108/><W128/><G128/><T124/><D94/><U73/><E73/><V85/><F85/><W115/><G115/><T28/><D84/><U29/><E81/><V13/><F13/><W47/><G95/><T83/><D83/><U78/><E78/><V53/><F53/><N who="3" m="29919" /><G98/><T125/><D89/><U130/><E130/><V2/><F2/><W129/><G129/><T56/><D124/><U118/><E96/><V126/><F126/><W14/><G3/><T26/><D125/><U116/><E101/><V87/><F87/><W48/><G19/><T133/><D5/><U23/><E29/><V72/><F72/><W88/><G88/><T74/><D15/><U27/><E12/><V22/><F22/><RYUUKYOKU ba="0,0" sc="237,-10,243,-10,287,30,233,-10" hai2="52,58,62,63,71,117,119" /><INIT seed="2,1,0,0,1,58" ten="227,233,317,223" oya="2" hai0="99,67,55,119,52,41,32,3,61,129,81,118,89" hai1="130,120,0,40,77,127,79,109,62,31,6,88,65" hai2="2,103,70,101,27,131,121,20,43,57,24,116,132" hai3="9,75,100,117,98,19,14,66,84,4,80,108,107"/><V125/><F70/><W96/><G108/><T1/><D32/><U13/><E0/><N who="0" m="73" /><D41/><U124/><E109/><V38/><F116/><N who="0" m="44586" /><D129/><U63/><E65/><V95/><F2/><W110/><G75/><T25/><D25/><U51/><E130/><V102/><F121/><W94/><G110/><T44/><D44/><N who="1" m="25991" /><E31/><V42/><F38/><W15/><G117/><T72/><D99/><U11/><E120/><V7/><F7/><W112/><G112/><T82/><D89/><U16/><E88/><V26/><F132/><W49/><G98/><T122/><D122/><U123/><E6/><V76/><F125/><N who="1" m="48201" /><E123/><V37/><F37/><W5/><G5/><T85/><D85/><U53/><E53/><N who="0" m="20553" /><D72/><U36/><E36/><V30/><F131/><W91/><G66/><T87/><D87/><U64/><E64/><V83/><F43/><W97/><G97/><T23/><D23/><U126/><E126/><V106/><F42/><W22/><REACH who="3" step="1"/><G49/><REACH who="3" ten="227,233,317,213" step="2"/><T74/><D74/><U48/><E48/><V134/><F134/><W56/><G56/><AGARI ba="1,1" hai="56,61,67,81,82" m="20553,44586,73" machi="56" ten="30,3900,0" yaku="12,1,52,1,54,1" doraHai="58" who="0" fromWho="3" sc="227,52,233,0,317,0,213,-42" /><INIT seed="3,0,0,1,5,17" ten="279,233,317,171" oya="3" hai0="18,39,77,26,124,16,58,61,37,78,23,15,96" hai1="84,36,86,28,10,3,88,7,12,33,20,91,72" hai2="97,107,25,105,67,6,60,40,89,57,11,129,117" hai3="115,132,8,52,21,76,126,93,54,48,63,111,65"/><W122/><G122/><T114/><D124/><U120/><E72/><V75/><F129/><W69/><G115/><T31/><D114/><U5/><E36/><V59/><F75/><W74/><G132/><T80/><D96/><U55/><E120/><V42/><F117/><W133/><G133/><T56/><D18/><N who="1" m="10311" /><E55/><V106/><F59/><W87/><G126/><T131/><D58/><U27/><E5/><V1/><F97/><W121/><G111/><T22/><D131/><U128/><E128/><V94/><REACH who="2" step="1"/><F25/><REACH who="2" ten="279,233,307,171" step="2"/><W19/><G74/><T44/><D44/><U46/><E46/><V109/><F109/><W112/><G112/><T64/><D78/><U41/><E41/><V90/><F90/><AGARI ba="0,1" hai="3,7,10,27,28,33,84,86,88,90,91" m="10311" machi="90" ten="30,3900,0" yaku="24,1,52,1,54,1" doraHai="17" who="1" fromWho="2" sc="279,0,233,49,307,-39,171,0" /><INIT seed="4,0,0,5,2,3" ten="279,282,268,171" oya="0" hai0="10,103,77,123,118,7,33,75,90,89,19,112,38" hai1="51,58,26,132,53,57,116,46,32,18,95,104,81" hai2="133,93,129,16,59,84,9,87,135,70,106,28,88" hai3="86,22,56,111,107,74,71,99,134,55,34,62,68"/><T125/><D118/><U61/><E104/><V50/><F70/><W43/><G111/><T100/><D33/><U121/><E121/><V2/><F129/><W44/><G74/><T69/><D38/><U45/><E116/><V94/><F106/><W130/><G34/><T52/><D69/><U37/><E132/><V8/><F28/><W114/><G134/><N who="2" m="51209" /><F2/><W4/><G114/><T54/><D19/><U47/><E37/><V13/><F9/><W124/><G124/><T48/><D112/><U66/><E81/><N who="2" m="49167" /><F87/><W92/><G107/><T36/><D10/><U127/><E127/><V63/><F50/><W65/><G86/><T79/><D48/><U102/><E32/><V0/><F0/><W29/><G130/><T120/><D36/><U101/><E95/><V39/><F39/><W21/><G29/><T128/><D125/><U117/><E117/><V24/><F24/><W72/><G72/><T109/><D75/><U96/><E96/><V131/><F131/><W122/><G68/><T91/><D128/><U98/><E98/><V11/><F11/><W82/><G71/><T126/><D126/><U78/><E78/><V49/><F49/><W83/><G122/><T17/><D90/><U64/><E64/><AGARI ba="0,0" hai="8,13,16,59,63,64,93,94" m="49167,51209" machi="64" ten="30,3900,0" yaku="20,1,54,2" doraHai="3" who="2" fromWho="1" sc="279,0,282,-39,268,39,171,0" /><INIT seed="5,0,0,0,5,61" ten="279,243,307,171" oya="1" hai0="118,7,131,20,120,28,8,68,3,132,123,111,72" hai1="103,115,32,90,97,49,87,106,65,121,57,18,52" hai2="14,113,133,0,104,128,25,16,73,119,134,79,125" hai3="122,24,58,33,110,107,53,76,92,67,4,12,60"/><U34/><E121/><N who="0" m="46665" /><D72/><U44/><E115/><V99/><F119/><W45/><G110/><T26/><D68/><U55/><E18/><V21/><F0/><W70/><G107/><T19/><D111/><U15/><E15/><V83/><F125/><W30/><G122/><T69/><D69/><U38/><E65/><V130/><F113/><W39/><G76/><T37/><D37/><U66/><E66/><V42/><F42/><W10/><G92/><T127/><D118/><U126/><E126/><V135/><REACH who="2" step="1"/><F25/><REACH who="2" ten="279,243,297,171" step="2"/><W6/><G39/><T108/><D127/><U117/><E117/><V43/><F43/><W31/><G24/><N who="0" m="14367" /><D108/><U129/><E38/><V81/><F81/><W85/><G70/><T78/><D132/><U11/><E129/><V86/><F86/><W54/><G85/><T23/><D78/><U109/><E109/><V94/><F94/><W35/><G35/><T50/><D50/><U91/><E87/><V13/><F13/><W75/><G33/><T59/><D59/><U22/><E34/><V114/><F114/><W64/><G58/><T82/><D82/><U36/><E32/><V46/><F46/><W100/><G12/><T40/><D40/><U63/><E36/><V74/><F74/><W17/><G75/><T47/><D47/><U88/><REACH who="1" step="1"/><E11/><REACH who="1" ten="279,233,297,171" step="2"/><V84/><F84/><W77/><G10/><T41/><D41/><U27/><E27/><V105/><F105/><W95/><G4/><T89/><D131/><U1/><E1/><V93/><F93/><W29/><G6/><T98/><D98/><U102/><E102/><AGARI ba="0,2" hai="14,16,21,73,79,83,99,102,104,128,130,133,134,135" machi="102" ten="50,6400,0" yaku="1,1,20,1,54,1,53,0" doraHai="61" doraHaiUra="5" who="2" fromWho="1" sc="279,0,233,-64,297,84,171,0" /><INIT seed="6,0,0,5,3,86" ten="279,169,381,171" oya="2" hai0="103,65,123,20,13,107,67,72,133,81,27,79,59" hai1="120,134,71,41,12,111,42,74,94,33,21,126,116" hai2="61,119,80,28,78,52,124,50,84,132,49,38,35" hai3="39,77,14,44,30,98,90,16,105,70,8,117,118"/><V4/><F119/><W113/><G70/><T95/><D123/><U53/><E111/><V31/><F38/><W100/><G113/><T104/><D13/><U99/><E33/><V9/><F132/><W68/><G68/><T131/><D67/><U135/><E116/><V11/><F124/><W73/><G30/><N who="0" m="17767" /><D131/><U130/><E130/><V43/><F11/><W56/><G56/><T55/><D55/><U63/><E74/><V121/><F121/><W54/><G54/><T19/><D19/><N who="1" m="10471" /><E120/><V91/><F35/><W88/><G117/><T93/><D93/><U64/><E53/><V36/><F36/><W2/><G2/><T40/><D40/><U57/><E71/><V102/><F102/><W46/><G118/><T17/><D17/><U45/><E45/><N who="2" m="25791" /><F78/><W96/><G39/><T75/><D75/><U15/><E15/><N who="2" m="5543" /><F61/><W5/><G5/><T89/><D133/><N who="1" m="50699" /><E126/><V47/><AGARI ba="0,0" hai="28,31,47,50,52,80,84,91" m="5543,25791" machi="47" ten="30,6000,0" yaku="8,1,52,1,54,1" doraHai="86" who="2" fromWho="2" sc="279,-20,169,-20,381,60,171,-20" /><INIT seed="6,1,0,1,1,86" ten="259,149,441,151" oya="2" hai0="122,133,118,55,14,59,27,102,117,101,112,11,67" hai1="47,74,125,68,75,7,89,111,50,104,64,121,106" hai2="2,116,17,94,127,129,78,90,70,97,6,83,37" hai3="110,95,9,46,32,87,115,29,81,19,31,131,132"/><V109/><F116/><N who="0" m="44650" /><D67/><U48/><E111/><V88/><F70/><W71/><G110/><T3/><D3/><U72/><E125/><V16/><F109/><W93/><G71/><T99/><D122/><U15/><E121/><V8/><F127/><W113/><G132/><T77/><D77/><U36/><E36/><V34/><F34/><W126/><G131/><T18/><D112/><N who="3" m="43081" /><G46/><T52/><D133/><U123/><E123/><V12/><F129/><W82/><G82/><T5/><D102/><U40/><E48/><V54/><F37/><W105/><G105/><N who="0" m="63679" /><D59/><U42/><E64/><V35/><F35/><W114/><N who="3" m="43089" /><W124/><DORA hai="80" /><G124/><T120/><D120/><U100/><E68/><V57/><F90/><N who="3" m="51567" /><G126/><T58/><D58/><U73/><N who="1" m="18432" /><DORA hai="21" /><U38/><E100/><V30/><F83/><W49/><G32/><T92/><D92/><N who="3" m="35401" /><G49/><T66/><D66/><U4/><E89/><V85/><F78/><W60/><G60/><T20/><AGARI ba="1,0" hai="5,11,14,18,20,27,52,55" m="63679,44650" machi="20" ten="30,4000,0" yaku="12,1,52,1,54,1" doraHai="86,80,21" who="0" fromWho="0" sc="259,43,149,-11,441,-21,151,-11" /><INIT seed="7,0,0,0,3,56" ten="302,138,420,140" oya="3" hai0="109,26,104,113,46,81,110,84,98,9,78,82,22" hai1="54,114,58,71,6,10,12,24,43,28,125,39,64" hai2="52,102,90,0,16,115,83,50,37,8,91,120,107" hai3="41,59,55,44,62,132,117,19,116,127,111,101,33"/><W11/><G33/><T15/><D113/><U20/><E114/><V4/><F115/><W14/><G132/><T30/><D46/><U69/><E64/><V106/><F37/><W79/><G127/><T53/><D53/><U35/><E125/><V32/><F32/><W119/><G111/><T73/><D98/><U38/><E35/><V61/><F61/><W126/><G126/><T112/><D104/><U23/><E23/><V133/><F133/><W88/><G79/><T135/><D135/><U131/><E131/><V74/><F120/><W72/><G72/><T17/><D112/><U124/><E124/><V85/><F102/><W47/><G101/><T40/><D40/><U49/><REACH who="1" step="1"/><E43/><REACH who="1" ten="302,128,420,140" step="2"/><V21/><F91/><AGARI ba="0,1" hai="9,15,17,22,26,30,73,78,81,82,84,91,109,110" machi="91" ten="30,1000,0" yaku="7,1" doraHai="56" who="0" fromWho="2" sc="302,20,128,0,420,-10,140,0" owari="322,12.0,128,-37.0,410,51.0,140,-26.0" /></mjloggm>