<mjloggm ver="2.3"><GO type="169" lobby="0"/><UN n0="%E3%81%B8%E3%82%80%E3%81%B8%E3%82%80%EF%BC%92%E5%8F%B7" n1="%E5%80%89%E6%A9%8B%EF%BC%A0%E4%BA%8B%E5%8B%99" n2="%74%6F%72%69%30%36%31%32" n3="%4F%4D%41%4E%54%41" dan="17,16,17,19" rate="2164.27,2112.01,2207.31,2221.61" sx="M,M,M,M"/><TAIKYOKU oya="0"/><INIT seed="0,0,0,4,3,120" ten="250,250,250,250" oya="0" hai0="46,87,78,103,3,48,67,12,10,88,135,81,117" hai1="8,43,56,41,42,123,44,83,37,128,13,82,70" hai2="66,14,17,125,113,32,23,68,65,40,59,109,97" hai3="121,0,92,36,53,94,39,114,131,54,85,61,51"/><T57/><D135/><U112/><E123/><V29/><F113/><W96/><G121/><T52/><D117/><U11/><E70/><V20/><F32/><W5/><G114/><T76/><D3/><U99/><E112/><V101/><F68/><W1/><G131/><T104/><D104/><U19/><E128/><V86/><F40/><W24/><G24/><T55/><D103/><U84/><E83/><V129/><F125/><W89/><G61/><N who="0" m="36007" /><D67/><U107/><E11/><V50/><F129/><W38/><G5/><AGARI ba="0,0" hai="5,10,12,46,48,55,76,78,81,87,88" m="36007" machi="5" ten="30,5800,0" yaku="8,1,54,2" doraHai="120" who="0" fromWho="3" sc="250,58,250,0,250,0,250,-58" /><INIT seed="0,1,0,0,5,123" ten="308,250,250,192" oya="0" hai0="41,127,17,103,15,30,75,20,27,56,112,68,62" hai1="64,3,66,55,129,13,14,40,80,130,93,95,72" hai2="73,121,25,61,71,21,52,84,23,59,117,79,1" hai3="102,82,47,109,108,60,46,34,105,45,16,7,42"/><T125/><D75/><U31/><E3/><V77/><F73/><W43/><G34/><T69/><D41/><U65/><E40/><N who="3" m="15402" /><G7/><T58/><D103/><U104/><E104/><V76/><F1/><W2/><G2/><T83/><D83/><U67/><E31/><V110/><F121/><W28/><G28/><T131/><D131/><N who="1" m="50187" /><E55/><V111/><F71/><W11/><G60/><T12/><D12/><N who="1" m="4715" /><E67/><V133/><F133/><W5/><G16/><T101/><D112/><U0/><E0/><V53/><F117/><W89/><G11/><T88/><D101/><U94/><E80/><V24/><F84/><N who="3" m="50327" /><G5/><T122/><D30/><U29/><E29/><V8/><F8/><W91/><G91/><T81/><D88/><U22/><E72/><V37/><F37/><W6/><G6/><T97/><D17/><U32/><E22/><N who="2" m="8203" /><F53/><W126/><G126/><T96/><D20/><U132/><E132/><V90/><F90/><W33/><G33/><AGARI ba="1,0" hai="32,33,64,65,66,93,94,95" m="4715,50187" machi="33" ten="40,5200,0" yaku="28,2,19,1" doraHai="123" who="1" fromWho="3" sc="308,0,250,55,250,0,192,-55" /><INIT seed="1,0,0,2,1,86" ten="308,305,250,137" oya="1" hai0="122,75,7,89,72,46,61,116,24,44,37,80,99" hai1="123,82,5,76,30,95,66,111,88,65,26,40,23" hai2="9,1,92,10,115,103,34,11,107,119,56,124,47" hai3="96,113,70,32,53,25,79,33,120,71,112,55,6"/><U91/><E123/><V14/><F119/><W48/><G120/><T135/><D116/><U106/><E106/><V74/><F107/><W12/><G79/><T15/><D122/><U97/><E111/><V4/><F34/><W43/><G43/><T129/><D129/><U0/><E40/><V28/><F74/><W90/><G6/><T131/><D131/><U128/><E128/><V36/><F28/><W59/><G12/><T108/><D108/><U133/><E133/><V105/><F105/><W51/><G96/><T60/><D24/><U73/><E0/><V54/><F47/><W57/><REACH who="3" step="1"/><G25/><REACH who="3" ten="308,305,250,127" step="2"/><T127/><D99/><U42/><E5/><V13/><F1/><W84/><G84/><T125/><D15/><U63/><E42/><V27/><F27/><W85/><G85/><T31/><D7/><U94/><E63/><V58/><F4/><W78/><G78/><T18/><D61/><U64/><E66/><V21/><F11/><W41/><G41/><T50/><D60/><U114/><E114/><V62/><F115/><W22/><G22/><T69/><D75/><U16/><E30/><V35/><F10/><W2/><G2/><T19/><D72/><U93/><E93/><V130/><F92/><W17/><G17/><T117/><D31/><U81/><E81/><V101/><F9/><W29/><G29/><T83/><D83/><U39/><E39/><V100/><F36/><W20/><G20/><T52/><D37/><U132/><E132/><V3/><F3/><W110/><G110/><T87/><D135/><U77/><E76/><V68/><F130/><RYUUKYOKU ba="0,1" sc="308,-15,305,15,250,-15,127,15" hai1="16,23,26,64,65,73,77,82,88,91,94,95,97" hai3="32,33,48,51,53,55,57,59,70,71,90,112,113" /><INIT seed="1,1,1,2,5,99" ten="293,320,235,142" oya="1" hai0="32,92,39,58,121,11,50,49,126,13,104,45,22" hai1="108,19,27,0,41,37,25,9,83,26,14,5,76" hai2="97,103,10,89,75,17,3,82,111,60,110,33,15" hai3="94,129,106,34,8,64,80,114,65,131,24,38,68"/><U123/><E123/><V47/><F33/><W20/><G114/><T93/><D104/><U54/><E54/><V117/><F117/><W100/><G38/><T90/><D32/><U36/><E108/><N who="2" m="41515" /><F3/><W102/><G106/><T40/><D126/><U127/><E127/><V51/><F60/><N who="3" m="39943" /><G34/><T12/><D121/><U87/><REACH who="1" step="1"/><E41/><REACH who="1" ten="293,310,235,142" step="2"/><N who="2" m="25071" /><F75/><W125/><G125/><T57/><D40/><U124/><E124/><V16/><F82/><W43/><G43/><T23/><D45/><U135/><E135/><V115/><F115/><W107/><G80/><T31/><D50/><U133/><E133/><V86/><F86/><W42/><G42/><T63/><D49/><U101/><E101/><V69/><F69/><W88/><G65/><T53/><D53/><U4/><E4/><N who="2" m="3527" /><F89/><W118/><G118/><T62/><D90/><U61/><E61/><V78/><F78/><W120/><G120/><T130/><D63/><U35/><E35/><V67/><F67/><W1/><G88/><T70/><D62/><U84/><E84/><V29/><F29/><N who="3" m="17543" /><G107/><AGARI ba="1,2" hai="16,17,97,103,107" m="3527,25071,41515" machi="107" ten="30,3900,0" yaku="14,1,52,1,54,1" doraHai="99" who="2" fromWho="3" sc="293,0,310,0,235,62,142,-42" /><INIT seed="2,0,0,1,0,117" ten="293,310,297,100" oya="2" hai0="36,106,63,50,20,64,97,40,96,25,132,16,98" hai1="23,26,108,38,42,107,86,27,66,81,35,88,24" hai2="32,19,111,82,4,112,114,105,129,101,1,128,70" hai3="103,58,3,133,48,130,73,21,18,46,7,71,8"/><V135/><F70/><W22/><G71/><T62/><D132/><U131/><E107/><V65/><F65/><W31/><G133/><T56/><D36/><U102/><E35/><V113/><F135/><W60/><G73/><T67/><D40/><U17/><E102/><V124/><F82/><W59/><G130/><N who="2" m="50281" /><F124/><W120/><G120/><T30/><D50/><U123/><E131/><V99/><F19/><W100/><G31/><T75/><D75/><U0/><E0/><V41/><F41/><W93/><G93/><T55/><D106/><U12/><E66/><V91/><F91/><W94/><G22/><T127/><D127/><U51/><E38/><V115/><F115/><W57/><G94/><T61/><REACH who="0" step="1"/><D30/><REACH who="0" ten="283,310,297,100" step="2"/><U110/><E42/><V92/><F105/><W118/><G118/><T83/><D83/><U116/><E116/><V77/><F113/><W85/><G60/><T79/><D79/><U122/><E51/><V109/><F77/><W14/><REACH who="3" step="1"/><G85/><REACH who="3" ten="283,310,297,90" step="2"/><T52/><D52/><AGARI ba="0,2" hai="3,7,8,14,18,21,46,48,52,57,58,59,100,103" machi="52" ten="40,5200,0" yaku="1,1,2,1,54,1,53,0" doraHai="117" doraHaiUra="121" who="3" fromWho="0" sc="283,-52,310,0,297,0,90,72" /><INIT seed="3,0,0,2,1,57" ten="231,310,297,162" oya="3" hai0="45,105,54,129,135,75,125,42,84,40,35,116,38" hai1="122,114,26,59,130,133,104,48,76,43,80,87,34" hai2="117,27,36,95,124,71,69,115,97,128,33,1,6" hai3="123,90,37,112,111,101,5,8,85,55,21,50,131"/><W61/><G112/><T12/><D75/><U93/><E104/><V94/><F6/><W99/><G123/><T100/><D35/><U19/><E122/><V91/><F27/><W66/><G37/><T134/><D116/><U52/><E114/><V127/><F1/><W68/><G131/><T47/><D129/><U120/><E130/><V88/><F33/><W126/><G126/><N who="2" m="48169" /><F128/><W15/><G111/><T78/><D125/><U51/><E120/><V53/><F36/><W30/><G30/><T96/><D54/><U10/><E133/><N who="0" m="50697" /><D12/><N who="1" m="7575" /><E34/><V7/><F7/><W63/><G21/><T74/><D84/><U81/><E26/><V72/><F72/><W18/><G5/><T25/><D25/><U118/><E118/><V77/><F77/><W17/><G17/><T29/><D29/><U70/><E70/><V56/><F115/><W28/><G28/><T86/><D86/><N who="1" m="48391" /><E93/><V82/><F82/><N who="3" m="49463" /><G68/><T62/><D78/><N who="1" m="46519" /><E43/><V132/><F132/><W44/><G66/><T83/><D83/><U11/><E11/><V92/><F117/><W110/><G110/><T103/><D74/><U24/><E24/><V31/><F31/><W14/><G15/><T20/><D20/><U121/><E121/><V23/><F23/><W58/><G58/><T0/><D0/><U64/><E64/><V98/><F95/><AGARI ba="0,0" hai="8,14,18,44,50,55,61,63,95,99,101" m="49463" machi="95" ten="30,11600,0" yaku="25,1,8,1,52,2" doraHai="57" who="3" fromWho="2" sc="231,0,310,0,297,-116,162,116" /><INIT seed="3,1,0,4,3,74" ten="231,310,181,278" oya="3" hai0="119,53,43,130,101,4,11,37,2,65,117,59,45" hai1="52,96,122,94,18,20,72,7,106,25,129,135,55" hai2="105,100,33,132,70,41,17,121,19,69,84,115,42" hai3="38,36,134,46,56,21,128,102,124,6,76,32,27"/><W47/><G124/><T62/><D130/><U99/><E122/><V83/><F115/><W107/><G32/><T88/><D101/><U5/><E129/><V57/><F33/><W3/><G128/><T14/><D2/><U34/><E135/><V127/><F121/><W126/><G126/><T12/><D12/><U64/><E34/><V50/><F127/><W89/><G134/><T48/><REACH who="0" step="1"/><D88/><REACH who="0" ten="221,310,181,278" step="2"/><U111/><E111/><V110/><F100/><W40/><G89/><T26/><D26/><U61/><E106/><V90/><F110/><W114/><G102/><T9/><D9/><U29/><E25/><V92/><F105/><W82/><G107/><T97/><D97/><U125/><E96/><V108/><F108/><W68/><G3/><T86/><D86/><U49/><E99/><V77/><F132/><W103/><G27/><T66/><D66/><U0/><E0/><V39/><F39/><W10/><G103/><T16/><D16/><N who="2" m="6218" /><F70/><AGARI ba="1,1" hai="4,11,14,37,43,45,48,53,59,62,65,70,117,119" machi="70" ten="30,8000,1" yaku="1,1,7,1,24,2,53,1" doraHai="74" doraHaiUra="60" who="0" fromWho="2" sc="221,93,310,0,181,-83,278,0" /><INIT seed="4,0,0,2,2,113" ten="314,310,98,278" oya="0" hai0="103,91,92,119,17,60,3,132,27,63,48,58,116" hai1="16,110,23,106,83,133,93,47,24,36,70,125,68" hai2="118,75,122,120,88,20,22,90,124,115,89,105,28" hai3="2,9,33,55,25,108,128,81,26,6,0,14,80"/><T10/><D132/><U123/><E110/><V69/><F115/><W77/><G108/><T114/><D114/><U7/><E106/><V11/><F69/><W117/><G128/><T98/><D48/><U74/><E123/><V39/><F39/><W85/><G117/><T38/><D38/><U42/><E133/><V100/><F75/><W121/><G121/><N who="2" m="46697" /><F105/><W65/><G65/><T56/><D3/><U99/><E125/><V4/><F100/><W101/><G101/><T37/><D37/><U104/><E104/><V64/><F64/><W86/><G33/><T54/><D103/><U131/><E7/><V134/><F28/><W49/><G0/><T135/><D135/><U43/><E43/><V62/><F62/><W8/><G8/><T35/><D10/><U51/><E36/><V94/><F94/><W12/><G12/><T32/><D32/><U13/><E131/><V112/><F134/><W109/><G109/><T82/><D82/><U87/><E24/><V129/><F129/><W76/><REACH who="3" step="1"/><G2/><REACH who="3" ten="314,310,98,268" step="2"/><T53/><D35/><U52/><E74/><V102/><F102/><W45/><AGARI ba="0,1" hai="6,9,14,25,26,45,49,55,76,77,80,81,85,86" machi="45" ten="20,12000,2" yaku="1,1,2,1,0,1,7,1,9,1,8,1,53,0" doraHai="113" doraHaiUra="19" who="3" fromWho="3" sc="314,-60,310,-30,98,-30,268,130" /><INIT seed="5,0,0,5,1,13" ten="254,280,68,398" oya="1" hai0="12,25,73,68,5,11,51,35,78,36,47,75,107" hai1="32,83,104,113,95,15,129,55,70,101,66,127,37" hai2="120,57,86,130,85,110,4,134,118,64,28,44,69" hai3="97,93,121,88,45,108,124,40,63,3,133,42,22"/><U112/><E37/><V62/><F120/><W119/><G108/><T72/><D107/><U30/><E95/><V92/><F118/><W9/><G121/><T6/><D68/><U102/><E55/><V21/><F110/><W123/><G123/><T80/><D5/><U50/><E50/><V122/><F122/><W114/><G63/><T89/><D89/><U48/><E48/><V18/><F130/><W20/><G20/><T77/><D77/><U87/><E127/><V46/><F28/><W90/><G22/><T26/><D26/><N who="1" m="18519" /><E15/><N who="2" m="9439" /><F134/><W2/><G45/><N who="2" m="17513" /><F69/><W111/><G42/><T17/><D36/><U126/><E126/><V31/><F31/><W43/><G40/><T94/><D94/><U109/><E129/><V59/><F4/><W99/><G43/><T52/><D35/><U60/><E109/><V71/><F71/><W33/><G124/><T128/><D128/><U82/><E82/><V10/><F10/><W81/><G9/><T91/><D25/><U132/><E132/><V7/><F7/><W65/><G133/><T98/><D6/><U8/><E8/><V135/><F135/><W84/><G81/><T29/><D29/><U116/><E116/><V125/><F125/><W1/><G119/><T103/><D73/><U49/><E70/><V131/><F131/><W105/><G111/><T76/><D72/><U58/><E83/><V106/><F106/><W0/><G2/><T14/><D75/><U38/><E104/><V27/><F27/><W54/><G1/><T19/><D80/><U115/><E112/><V41/><F41/><W23/><G0/><RYUUKYOKU ba="0,0" sc="254,0,280,0,68,0,398,0" /><INIT seed="6,1,0,0,0,121" ten="254,280,68,398" oya="2" hai0="14,8,111,122,109,69,2,116,19,89,124,12,5" hai1="71,70,29,94,21,32,31,119,97,17,99,1,64" hai2="102,104,37,27,85,60,53,123,26,114,18,78,110" hai3="108,24,130,72,115,56,133,57,33,58,96,66,112"/><V50/><F123/><W120/><G108/><N who="0" m="41547" /><D69/><U90/><E1/><V43/><F110/><W77/><G120/><T44/><D89/><U117/><E32/><V95/><F104/><W67/><G96/><T101/><D101/><U76/><E76/><V79/><F37/><W3/><G77/><N who="2" m="29193" /><F114/><W132/><G72/><T0/><D44/><U100/><E117/><V25/><F43/><W105/><G105/><T54/><D54/><U51/><E119/><V81/><F60/><W82/><G82/><T59/><D59/><U107/><E70/><V36/><F36/><W10/><G66/><T30/><D122/><U46/><E64/><V20/><F81/><W74/><G67/><T126/><D30/><U65/><E65/><V63/><F63/><W80/><G57/><T49/><D49/><U4/><E71/><V42/><F42/><W127/><G58/><T135/><D135/><U83/><E83/><V7/><F7/><W35/><G56/><T73/><D73/><U87/><E4/><V103/><F53/><W118/><G133/><T61/><D61/><U9/><E31/><V92/><F50/><W106/><G132/><T23/><D116/><U45/><E51/><V16/><F18/><W11/><G80/><T39/><D39/><U84/><E29/><V28/><F85/><W128/><G74/><T86/><D86/><U129/><E87/><V52/><F52/><W113/><G118/><T34/><D34/><U75/><E84/><V13/><F28/><W48/><G113/><T93/><D93/><AGARI ba="1,0" hai="13,16,20,25,26,27,92,93,95,102,103" m="29193" machi="93" ten="30,2900,0" yaku="8,1,54,1" doraHai="121" who="2" fromWho="0" sc="254,-32,280,0,68,32,398,0" /><INIT seed="6,2,0,1,2,71" ten="222,280,100,398" oya="2" hai0="37,102,14,134,90,11,118,83,121,73,107,96,41" hai1="81,55,116,22,16,2,27,45,122,80,20,119,68" hai2="97,1,26,47,49,98,133,48,104,92,70,12,39" hai3="54,109,17,43,31,88,34,42,19,84,135,21,0"/><V7/><F70/><W101/><G109/><T38/><D121/><U57/><E2/><V93/><F1/><W110/><G110/><T108/><D108/><U120/><E68/><V40/><F104/><W56/><G0/><T87/><D41/><U8/><E45/><V75/><F75/><W112/><G112/><T126/><D126/><U32/><E32/><V82/><F82/><N who="1" m="31849" /><E8/><V106/><F106/><W100/><G135/><T94/><D134/><U115/><E22/><V35/><F133/><W30/><G34/><T74/><D118/><U24/><E24/><V29/><F12/><W66/><G66/><T72/><REACH who="0" step="1"/><D107/><REACH who="0" ten="212,280,100,398" step="2"/><U58/><E119/><V33/><F33/><W77/><G43/><T51/><D51/><U113/><E116/><V129/><F129/><W125/><G42/><T130/><D130/><U67/><E115/><V28/><F28/><W89/><G31/><T105/><D105/><U78/><E113/><V18/><F7/><AGARI ba="2,1" hai="7,11,14,37,38,72,73,74,83,87,90,94,96,102" machi="7" ten="40,5200,0" yaku="1,1,52,2,53,0" doraHai="71" doraHaiUra="65" who="0" fromWho="2" sc="212,68,280,0,100,-58,398,0" /><INIT seed="7,0,0,1,0,59" ten="280,280,42,398" oya="3" hai0="113,35,10,126,31,24,132,74,63,29,23,128,2" hai1="85,47,52,83,121,55,17,19,60,104,119,7,81" hai2="114,57,0,6,26,18,50,30,91,5,68,70,14" hai3="39,43,25,42,94,37,98,38,80,135,8,21,120"/><W61/><G120/><T122/><D122/><U84/><E104/><V79/><F79/><W67/><G135/><T12/><D132/><U45/><E121/><V4/><F4/><W110/><G110/><T75/><D126/><U3/><E3/><V82/><F82/><W20/><G8/><T51/><D128/><U127/><E127/><V92/><F92/><W93/><G80/><T15/><D113/><U116/><E7/><V33/><F33/><W54/><G54/><T66/><D51/><U88/><E60/><V124/><F124/><W100/><G93/><T99/><D99/><U131/><REACH who="1" step="1"/><E88/><REACH who="1" ten="280,270,42,398" step="2"/><V53/><F53/><W134/><G134/><T90/><D90/><U105/><E105/><V106/><F106/><W27/><G61/><T62/><D2/><U123/><E123/><V73/><F73/><W64/><G64/><T72/><D66/><U89/><E89/><V9/><F9/><W13/><G67/><T58/><D58/><U28/><E28/><V125/><F125/><W40/><G100/><T118/><D118/><U56/><E56/><V46/><F46/><W109/><G98/><T77/><D77/><U130/><AGARI ba="0,1" hai="17,19,45,47,52,55,81,83,84,85,116,119,130,131" machi="130" ten="25,12000,2" yaku="1,1,0,1,22,2,54,1,53,2" doraHai="59" doraHaiUra="112" who="1" fromWho="1" sc="280,-30,270,130,42,-30,398,-60" owari="250,-15.0,400,50.0,12,-49.0,338,14.0" /></mjloggm>