<mjloggm ver="2.3"><GO type="225" lobby="0"/><UN n0="%E7%AD%89%E3%80%85%E5%8A%9B%E5%8A%87%E5%A0%B4" n1="%E3%81%95%E3%81%8F%E3%82%89%E3%81%93" n2="%E6%B4%BE%E9%81%A3%E3%81%AE%E3%82%B8%E3%83%A3%E3%83%83%E3%82%AF" n3="%E5%85%94%E6%96%AF%E5%9F%BA" dan="16,16,16,16" rate="2080.18,2183.05,2149.86,2039.98" sx="M,M,M,M"/><TAIKYOKU oya="0"/><INIT seed="0,0,0,1,4,12" ten="250,250,250,250" oya="0" hai0="3,35,30,88,83,111,124,85,100,24,60,104,129" hai1="106,4,68,74,29,57,75,15,99,23,126,0,16" hai2="52,119,1,44,34,105,46,17,78,86,123,40,91" hai3="67,50,32,55,45,11,81,41,18,10,90,125,48"/><T7/><D129/><U131/><E131/><V93/><F123/><W13/><G125/><T120/><D120/><U19/><E68/><V53/><F1/><W62/><G32/><T6/><D124/><U39/><E126/><V130/><F34/><W21/><G81/><T64/><D3/><U20/><E39/><V80/><F130/><W61/><G90/><T115/><D115/><U33/><E57/><V108/><F105/><W77/><G77/><T134/><D134/><U66/><E66/><V103/><F103/><W69/><REACH who="3" step="1"/><G62/><REACH who="3" ten="250,250,250,240" step="2"/><T89/><D89/><U107/><E99/><V79/><F79/><W63/><G63/><T72/><D72/><U37/><E74/><V92/><F119/><W121/><G121/><T94/><D83/><U42/><E75/><V96/><F108/><W116/><G116/><T2/><D111/><U109/><E109/><V59/><F78/><W98/><G98/><T49/><D60/><U127/><E127/><V97/><F80/><W112/><G112/><T25/><D35/><U122/><E122/><V36/><F86/><W54/><G54/><T135/><D85/><U101/><E101/><V27/><F53/><W70/><G70/><T95/><D100/><U73/><E73/><V114/><F114/><W26/><G26/><T76/><D25/><N who="1" m="18607" /><E42/><V84/><F92/><W118/><G118/><T14/><D95/><U38/><E106/><V133/><F133/><W82/><G82/><T87/><D135/><U110/><E107/><V5/><F96/><W102/><G102/><T51/><D104/><U43/><E110/><V56/><F40/><RYUUKYOKU ba="0,1" sc="250,-10,250,-10,250,-10,240,30" hai3="10,11,13,18,21,41,45,48,50,55,61,67,69" /><INIT seed="1,1,1,0,2,116" ten="240,240,240,270" oya="1" hai0="131,119,84,20,94,95,18,99,130,107,50,74,121" hai1="61,39,125,53,109,58,48,57,103,72,4,5,113" hai2="51,126,63,49,117,98,73,134,46,59,92,8,132" hai3="85,104,124,28,122,120,129,56,38,26,27,89,83"/><U37/><E72/><V1/><F117/><W36/><G104/><T0/><D74/><U29/><E113/><V40/><F73/><W11/><G124/><T79/><D119/><U7/><E125/><V86/><F126/><W91/><G129/><N who="0" m="49163" /><D0/><U106/><E29/><V123/><F86/><W67/><G11/><T75/><D75/><U62/><E109/><V21/><F21/><W9/><G9/><T78/><D107/><U17/><E17/><V71/><F71/><W64/><G56/><T41/><D41/><U96/><REACH who="1" step="1"/><E48/><REACH who="1" ten="240,230,240,270" step="2"/><V43/><F51/><W101/><G28/><T82/><D50/><U111/><E111/><V88/><F43/><W33/><G33/><T60/><D18/><U69/><E69/><V13/><F123/><W6/><G122/><T15/><D121/><U100/><E100/><V22/><F22/><W80/><G101/><T30/><D20/><U76/><E76/><V112/><F112/><W118/><G120/><T19/><D30/><U31/><E31/><V45/><F45/><W35/><G118/><T68/><D79/><U93/><E93/><V12/><F132/><W108/><G35/><T52/><D68/><U24/><E24/><V135/><F134/><W105/><G108/><T14/><D19/><U2/><E2/><V127/><F135/><W54/><G105/><T34/><D34/><U42/><E42/><V66/><F127/><W114/><G114/><T3/><D3/><U110/><E110/><V44/><F44/><W81/><G38/><T128/><N who="0" m="49171" /><T90/><DORA hai="97" /><D95/><U55/><AGARI ba="1,2" hai="4,5,7,37,39,53,55,57,58,61,62,96,103,106" machi="55" ten="30,11700,0" yaku="1,1,0,1,9,1,52,1,53,0" doraHai="116,97" doraHaiUra="87,25" who="1" fromWho="1" sc="240,-40,230,140,240,-40,270,-40" /><INIT seed="1,2,0,2,1,116" ten="200,370,200,230" oya="1" hai0="135,39,102,111,42,71,75,30,103,128,97,129,114" hai1="11,29,45,126,119,113,104,23,124,85,101,35,108" hai2="66,59,13,80,62,84,20,37,73,121,25,68,31" hai3="91,88,52,32,86,24,21,50,57,118,28,36,49"/><U60/><E119/><V134/><F134/><W100/><G36/><T17/><D114/><U105/><E113/><V131/><F37/><W69/><G118/><T65/><D75/><U7/><E35/><V64/><F131/><N who="0" m="50250" /><D30/><U92/><E45/><V18/><F73/><W8/><G69/><T3/><D3/><U12/><E108/><V90/><F121/><W2/><G100/><N who="0" m="38443" /><D97/><N who="1" m="59559" /><E85/><V123/><F123/><W94/><G32/><T16/><D135/><U1/><E60/><V0/><F0/><W26/><G26/><T19/><D111/><U44/><E44/><V10/><REACH who="2" step="1"/><F68/><REACH who="2" ten="200,370,190,230" step="2"/><W120/><G120/><T43/><D39/><U63/><E1/><V125/><F125/><W6/><REACH who="3" step="1"/><G91/><REACH who="3" ten="200,370,190,220" step="2"/><T41/><D71/><U67/><E124/><V96/><F96/><W109/><G109/><T55/><D65/><AGARI ba="2,2" hai="10,13,18,20,25,31,59,62,64,65,66,80,84,90" machi="65" ten="30,7700,0" yaku="1,1,7,1,8,1,53,1" doraHai="116" doraHaiUra="87" who="2" fromWho="0" sc="200,-83,370,0,190,103,220,0" /><INIT seed="2,0,0,3,1,101" ten="117,370,293,220" oya="2" hai0="89,92,62,11,0,82,58,6,97,23,73,134,100" hai1="29,42,117,112,32,37,78,111,2,123,38,57,88" hai2="114,103,26,105,102,43,54,12,80,119,51,93,69" hai3="120,3,87,47,7,1,131,30,85,36,90,94,19"/><V135/><F119/><W25/><G120/><T59/><D134/><U115/><E117/><V104/><F114/><W28/><G131/><T9/><D9/><U63/><E2/><V84/><F69/><W79/><G19/><T8/><D8/><U33/><E78/><V21/><F43/><W129/><G129/><T128/><D128/><U125/><E29/><V64/><F64/><W49/><G36/><T44/><D23/><U48/><E32/><V13/><F135/><W108/><G108/><T4/><D4/><U107/><E107/><V16/><F93/><W95/><G7/><T70/><D44/><U96/><E111/><V34/><F102/><W127/><G127/><T81/><D70/><U20/><E33/><V132/><F132/><W116/><G116/><T68/><D68/><U65/><E20/><V46/><F103/><W40/><G30/><T91/><D59/><U130/><E125/><V83/><F83/><W52/><G40/><T74/><D82/><U31/><E31/><V17/><F34/><W24/><G24/><T5/><D6/><U10/><E123/><V41/><F41/><W14/><G14/><T72/><REACH who="0" step="1"/><D81/><REACH who="0" ten="107,370,293,220" step="2"/><U60/><E130/><V126/><F126/><W22/><G79/><T55/><AGARI ba="0,1" hai="0,5,11,55,58,62,72,73,74,89,91,92,97,100" machi="55" ten="30,4000,0" yaku="1,1,2,1,0,1,53,0" doraHai="101" doraHaiUra="121" who="0" fromWho="0" sc="107,50,370,-10,293,-20,220,-10" /><INIT seed="3,0,0,3,1,91" ten="157,360,273,210" oya="3" hai0="126,113,49,27,72,124,39,64,102,89,58,24,129" hai1="105,18,56,131,34,103,93,47,75,109,2,70,54" hai2="5,1,79,97,99,78,100,25,134,16,121,111,95" hai3="22,8,10,14,12,98,40,52,117,115,60,101,45"/><W86/><G115/><T15/><D39/><U127/><E105/><V63/><F111/><W59/><G117/><T51/><D72/><U90/><E109/><V35/><F134/><W9/><G22/><T67/><D102/><U33/><E70/><V23/><F121/><W53/><G86/><T69/><D69/><U17/><E2/><V92/><F35/><W29/><G29/><T36/><D36/><U106/><E47/><V6/><F63/><W30/><G53/><T123/><D123/><U61/><E75/><V88/><F1/><W107/><REACH who="3" step="1"/><G30/><REACH who="3" ten="157,360,273,200" step="2"/><T128/><D113/><U19/><E34/><V31/><F31/><W80/><G80/><T76/><D76/><AGARI ba="0,1" hai="5,6,16,23,25,76,78,79,88,92,95,97,99,100" machi="76" ten="40,8000,1" yaku="8,1,52,2,54,2" doraHai="91" who="2" fromWho="0" sc="157,-80,360,0,273,90,200,0" owari="77,-42.0,360,16.0,363,46.0,200,-20.0" /></mjloggm>