<mjloggm ver="2.3"><GO type="185" lobby="0"/><UN n0="%4E%45%47%49%54%53" n1="%E5%8C%97%E5%B0%8F%E8%B7%AF%3A%E9%9A%86%E5%A4%AA" n2="%65%67%75" n3="" dan="17,16,16,0" rate="2286.97,2207.96,2160.89,1500.00" sx="F,M,M,C"/><TAIKYOKU oya="0"/><INIT seed="0,0,0,4,5,61" ten="350,350,350,0" oya="0" hai0="86,46,48,90,2,49,93,122,89,58,32,117,51" hai1="104,97,62,60,44,88,79,105,63,69,53,98,81" hai2="101,85,95,82,57,74,133,52,70,127,120,112,107" hai3=""/><T80/><N who="0" m="31264" /><T129/><D2/><U59/><E44/><V42/><N who="2" m="30752" /><V92/><F112/><T45/><D32/><U56/><E69/><V99/><F70/><T35/><D35/><U103/><E56/><V47/><F127/><T33/><D33/><U124/><E124/><V77/><F74/><T38/><D117/><U75/><E88/><V108/><F133/><T50/><D129/><U106/><REACH who="1" step="1"/><E98/><REACH who="1" ten="350,340,350,0" step="2"/><V119/><F119/><T111/><D111/><U91/><E91/><V134/><F108/><T131/><D131/><U55/><E55/><V109/><F109/><T125/><D125/><U40/><E40/><V84/><F134/><T71/><D71/><U96/><E96/><V83/><F47/><T0/><D0/><U116/><E116/><V3/><F42/><T132/><D132/><U78/><E78/><V1/><F3/><T123/><N who="0" m="31520" /><T113/><D113/><U64/><E64/><V121/><N who="2" m="31008" /><V87/><F1/><T73/><D38/><U135/><E135/><V115/><F115/><T130/><D130/><U39/><E39/><V36/><F36/><T102/><N who="0" m="12288" /><DORA hai="41" /><T94/><D58/><U118/><E118/><V128/><F57/><T76/><D90/><U66/><E66/><RYUUKYOKU ba="0,1" sc="350,10,340,10,350,-20,0,0" hai0="45,46,73,76,80,86,89,93,94,102" hai1="53,59,60,62,63,75,79,81,97,103,104,105,106" /><INIT seed="0,1,1,3,1,106" ten="360,350,330,0" oya="0" hai0="100,46,43,133,2,126,59,131,107,132,63,98,113" hai1="82,77,38,47,40,122,75,105,58,37,3,99,79" hai2="109,90,41,97,86,76,123,55,84,39,71,54,83" hai3=""/><T135/><D2/><U118/><N who="1" m="31264" /><U81/><E3/><V45/><N who="2" m="31520" /><V62/><F109/><T64/><D113/><U94/><E118/><V95/><REACH who="2" step="1"/><F97/><REACH who="2" ten="360,350,320,0" step="2"/><T72/><D131/><U56/><E105/><V70/><F70/><T74/><REACH who="0" step="1"/><D126/><REACH who="0" ten="350,350,320,0" step="2"/><U69/><E69/><V85/><F85/><T66/><D66/><AGARI ba="1,3" hai="39,41,45,54,55,62,66,71,76,83,84,86,90,95" m="31520" machi="66" ten="40,2600,0" yaku="1,1,52,1,53,0" doraHai="106" doraHaiUra="103" who="2" fromWho="0" sc="350,-28,350,0,320,58,0,0" /><INIT seed="1,0,0,2,4,95" ten="322,350,378,0" oya="1" hai0="125,34,96,123,54,108,101,133,73,65,56,69,82" hai1="51,99,130,97,70,49,33,68,128,121,64,117,100" hai2="127,107,42,78,1,35,72,91,3,86,83,129,63" hai3=""/><U59/><N who="1" m="31008" /><U0/><E33/><V118/><F35/><T36/><N who="0" m="31520" /><T124/><D36/><U106/><E0/><V92/><F118/><T120/><N who="0" m="30752" /><T61/><D34/><U114/><E117/><V46/><F129/><N who="1" m="49769" /><E114/><V44/><F127/><N who="0" m="48714" /><D108/><U48/><E99/><V57/><F46/><T76/><D133/><U74/><E74/><V47/><F47/><T62/><D101/><U50/><N who="1" m="12288" /><DORA hai="79" /><U113/><E113/><V52/><REACH who="2" step="1"/><F107/><REACH who="2" ten="322,350,368,0" step="2"/><T84/><D96/><U134/><E134/><V116/><F116/><T81/><D81/><U126/><E126/><V32/><F32/><T110/><D110/><U102/><E102/><V132/><F132/><T2/><D2/><U122/><N who="1" m="31264" /><U37/><E37/><AGARI ba="0,1" hai="1,3,37,42,44,52,57,63,72,78,83,86,91,92" machi="37" ten="30,8000,1" yaku="1,1,7,1,52,1,54,1,53,1" doraHai="95,79" doraHaiUra="58,119" who="2" fromWho="1" sc="322,0,350,-80,368,90,0,0" /><INIT seed="2,0,0,0,4,99" ten="322,270,458,0" oya="2" hai0="72,53,101,104,64,75,100,56,114,116,78,111,54" hai1="91,127,76,118,110,65,81,41,135,108,113,43,88" hai2="83,133,38,68,40,125,59,120,50,33,82,105,132" hai3=""/><V130/><N who="2" m="30752" /><V2/><F33/><T57/><D116/><U55/><E118/><V128/><F2/><T79/><D64/><U103/><E113/><V93/><F105/><T42/><D42/><N who="1" m="15883" /><E135/><N who="2" m="51787" /><F68/><T119/><D119/><U0/><E0/><V117/><F117/><T67/><D67/><U47/><E127/><V60/><F38/><T49/><D104/><U84/><E65/><V1/><F1/><T85/><D85/><U58/><E47/><V131/><F93/><T109/><REACH who="0" step="1"/><D49/><REACH who="0" ten="312,270,458,0" step="2"/><U86/><E110/><V112/><F50/><T3/><D3/><U70/><E108/><V61/><F40/><T37/><D37/><U97/><E70/><V62/><F112/><AGARI ba="0,1" hai="53,54,56,57,72,75,78,79,100,101,109,111,112,114" machi="112" ten="25,12000,2" yaku="1,1,22,2,52,2,53,2" doraHai="99" doraHaiUra="48" who="0" fromWho="2" sc="312,130,270,0,458,-120,0,0" /><INIT seed="4,0,0,5,1,39" ten="442,270,338,0" oya="0" hai0="126,34,58,87,105,108,128,32,52,77,49,130,71" hai1="68,86,46,3,114,85,70,115,112,123,78,102,90" hai2="45,60,131,38,72,104,106,44,42,55,89,98,92" hai3=""/><T57/><D105/><U67/><N who="1" m="31520" /><U62/><E3/><V37/><F131/><N who="0" m="50218" /><D71/><U135/><E135/><V80/><F72/><T73/><D73/><U134/><E134/><V101/><F80/><T133/><D126/><U35/><E35/><N who="0" m="13353" /><D133/><U117/><E117/><V82/><F82/><T97/><D97/><U47/><E70/><V84/><F104/><T119/><D119/><U1/><E1/><V93/><F106/><T75/><D75/><U91/><E102/><V2/><F2/><T111/><D58/><U53/><E78/><V113/><F113/><T96/><D96/><U43/><E53/><V33/><F33/><T125/><D125/><U132/><E47/><V69/><F69/><T63/><D63/><U36/><REACH who="1" step="1"/><E132/><REACH who="1" ten="442,260,338,0" step="2"/><V100/><F100/><T54/><D54/><U0/><E0/><V40/><F55/><T74/><D74/><U116/><E116/><V99/><REACH who="2" step="1"/><F60/><REACH who="2" ten="442,260,328,0" step="2"/><T81/><AGARI ba="0,2" hai="49,52,57,77,81,87,108,111" m="13353,50218" machi="81" ten="40,2600,0" yaku="19,1,54,1" doraHai="39" who="0" fromWho="0" sc="442,46,260,-13,328,-13,0,0" /><INIT seed="4,1,0,0,3,43" ten="488,247,315,0" oya="0" hai0="89,1,86,124,94,132,90,105,119,130,98,62,55" hai1="85,3,100,127,126,95,83,113,87,97,69,103,135" hai2="46,92,57,99,93,35,76,102,84,72,125,56,131" hai3=""/><T111/><D1/><U70/><E3/><V53/><F35/><T58/><D119/><U91/><E69/><V59/><F125/><N who="1" m="47625" /><E70/><V73/><F131/><T120/><N who="0" m="30752" /><T37/><D124/><U50/><E50/><V41/><F53/><T40/><D130/><U74/><E135/><V110/><F110/><T71/><D132/><U116/><E116/><V63/><F63/><T109/><D71/><U107/><E113/><V96/><F84/><N who="1" m="32329" /><E107/><V112/><F112/><T129/><D129/><U78/><AGARI ba="1,0" hai="74,78,83,91,95,97,100,103" m="32329,47625" machi="78" ten="30,3000,0" yaku="18,1,34,2" doraHai="43" who="1" fromWho="1" sc="488,-21,247,32,315,-11,0,0" /><INIT seed="5,0,0,1,0,3" ten="467,279,304,0" oya="1" hai0="70,37,62,36,127,93,107,120,52,63,105,113,85" hai1="33,67,1,73,44,47,68,61,118,77,133,129,88" hai2="100,83,122,130,99,41,82,98,2,46,86,114,119" hai3=""/><U40/><E1/><V0/><N who="2" m="31264" /><V84/><F119/><T74/><N who="0" m="30752" /><T124/><D74/><U65/><E118/><V43/><F46/><T75/><D75/><U91/><E133/><V72/><F72/><T42/><D113/><U38/><E129/><V115/><REACH who="2" step="1"/><F100/><REACH who="2" ten="467,279,294,0" step="2"/><T87/><D127/><U134/><E134/><V51/><F51/><T123/><D124/><U32/><E67/><V80/><F80/><T49/><D49/><U34/><REACH who="1" step="1"/><E44/><REACH who="1" ten="467,269,294,0" step="2"/><V132/><F132/><T116/><D116/><U117/><E117/><V54/><F54/><T96/><D52/><U58/><E58/><V57/><F57/><T78/><D123/><U94/><E94/><V135/><F135/><T126/><D126/><U109/><E109/><V111/><F111/><T79/><D93/><U55/><E55/><V81/><F81/><AGARI ba="0,2" hai="32,33,34,38,40,47,61,65,68,73,77,81,88,91" machi="81" ten="40,12000,1" yaku="1,1,52,3,54,1,53,0" doraHai="3" doraHaiUra="92" who="1" fromWho="2" sc="467,0,269,140,294,-120,0,0" /><INIT seed="5,1,0,0,3,104" ten="467,409,174,0" oya="1" hai0="95,109,135,77,116,73,75,132,3,53,121,107,114" hai1="97,92,90,35,48,81,33,91,78,55,52,113,93" hai2="94,89,34,88,100,82,83,96,1,46,64,123,56" hai3=""/><U59/><E113/><V45/><N who="2" m="31520" /><V63/><F34/><T85/><N who="0" m="31008" /><T102/><D3/><U37/><E37/><V129/><F1/><T127/><D109/><U32/><E55/><V36/><F129/><T86/><D114/><U108/><E108/><V99/><F36/><T49/><D107/><U74/><REACH who="1" step="1"/><E33/><REACH who="1" ten="467,399,174,0" step="2"/><V47/><REACH who="2" step="1"/><F89/><REACH who="2" ten="467,399,164,0" step="2"/><T66/><D135/><U101/><E101/><V115/><F115/><T118/><D132/><U40/><E40/><V134/><F134/><T130/><D102/><U110/><E110/><V65/><F65/><T39/><D66/><U58/><E58/><V51/><F51/><T87/><D49/><U71/><E71/><V79/><F79/><T41/><D39/><U124/><E124/><V131/><F131/><T2/><D130/><U76/><E76/><V44/><N who="2" m="11264" /><DORA hai="84" /><V126/><F126/><T112/><D127/><U119/><E119/><V38/><F38/><T128/><D128/><U54/><E54/><V50/><F50/><T62/><D41/><U106/><E106/><AGARI ba="1,2" hai="56,63,64,82,83,88,94,96,99,100,106" m="11264,31520" machi="106" ten="50,8000,1" yaku="1,1,52,2,54,1,53,0" doraHai="104,84" doraHaiUra="69,67" who="2" fromWho="1" sc="467,0,399,-82,164,102,0,0" /><INIT seed="6,0,0,2,0,54" ten="467,317,266,0" oya="2" hai0="86,72,103,97,60,81,129,3,122,118,111,102,47" hai1="32,115,127,85,35,0,67,78,123,61,128,126,37" hai2="76,89,105,114,132,134,108,46,93,110,119,121,58" hai3=""/><V43/><N who="2" m="31008" /><V79/><F119/><T107/><N who="0" m="31264" /><T57/><D3/><U63/><N who="1" m="31520" /><U55/><E37/><V42/><F105/><T75/><D111/><N who="2" m="42538" /><F114/><T84/><D84/><U66/><E0/><V106/><F106/><T1/><D103/><U50/><E115/><V48/><F43/><T68/><D68/><U40/><E40/><V109/><N who="2" m="42546" /><V39/><DORA hai="131" /><F39/><T70/><D70/><U33/><E128/><V56/><F79/><T88/><D118/><U135/><E85/><V94/><F76/><T92/><D129/><U96/><E78/><V36/><F36/><T45/><D1/><U44/><E96/><V74/><F74/><T51/><D107/><U73/><E73/><V2/><F2/><T77/><D75/><U130/><E130/><V34/><F34/><T52/><D72/><U69/><E33/><V80/><F80/><T125/><D77/><U99/><E32/><V98/><F94/><T124/><REACH who="0" step="1"/><D45/><REACH who="0" ten="457,317,266,0" step="2"/><U62/><E35/><V49/><F49/><T112/><D112/><U82/><E44/><V117/><F117/><T91/><D91/><U71/><E50/><V90/><F90/><T100/><D100/><U120/><E120/><V116/><F116/><T59/><D59/><AGARI ba="0,1" hai="42,46,48,56,58,59,89,93,98,132,134" m="42546,31008" machi="59" ten="40,24000,3" yaku="6,1,10,1,52,6" doraHai="54,131" who="2" fromWho="0" sc="457,-240,317,0,266,250,0,0" owari="217,-38.0,317,-8.0,516,46.0,0,0.0" /></mjloggm>