<mjloggm ver="2.3"><GO type="185" lobby="0"/><UN n0="%7A%6B%75%72%74" n1="%4F%4D%49%53%4F%2D%53" n2="%64%64%30%38%31%32" n3="" dan="17,16,16,0" rate="2253.74,2187.24,2079.63,1500.00" sx="M,M,M,C"/><TAIKYOKU oya="0"/><INIT seed="0,0,0,1,3,87" ten="350,350,350,0" oya="0" hai0="108,105,73,114,51,123,52,118,48,56,102,110,84" hai1="106,43,76,62,78,57,116,71,34,72,69,111,38" hai2="101,77,89,120,100,46,47,75,131,40,134,44,119" hai3=""/><T99/><N who="0" m="31520" /><T83/><D118/><U55/><E34/><V125/><N who="2" m="30752" /><V66/><F119/><T3/><D3/><U135/><E116/><V127/><F66/><T61/><D73/><U65/><E111/><N who="0" m="42537" /><D114/><U117/><E117/><V104/><F104/><T70/><D70/><U53/><E106/><V112/><F112/><T81/><D81/><U129/><E129/><V60/><F77/><AGARI ba="0,0" hai="48,51,52,56,61,77,83,84,99,102,105" m="42537,31520" machi="77" ten="30,11600,0" yaku="14,1,10,1,52,1,54,1" doraHai="87" who="0" fromWho="2" sc="350,116,350,0,350,-116,0,0" /><INIT seed="0,1,0,4,1,90" ten="466,350,234,0" oya="0" hai0="91,83,71,107,122,124,51,102,112,47,75,46,128" hai1="97,69,129,99,134,42,101,66,44,54,80,49,96" hai2="52,72,105,59,89,58,63,94,104,120,85,93,3" hai3=""/><T123/><N who="0" m="31264" /><T48/><N who="0" m="31520" /><T62/><D112/><U115/><E129/><V34/><N who="2" m="30752" /><V78/><F34/><T113/><D113/><U43/><E134/><V133/><F3/><T109/><D128/><U84/><E115/><V121/><N who="2" m="31008" /><V111/><F111/><T110/><D124/><U56/><E69/><V64/><F133/><T0/><D0/><U36/><E42/><V88/><F78/><T117/><D117/><U2/><E66/><V60/><REACH who="2" step="1"/><F72/><REACH who="2" ten="466,350,224,0" step="2"/><T116/><D116/><U100/><REACH who="1" step="1"/><E2/><REACH who="1" ten="466,340,224,0" step="2"/><V127/><F127/><T39/><D110/><U1/><E1/><V68/><F68/><T132/><D109/><U131/><E131/><V81/><F81/><T33/><D132/><U67/><E67/><V118/><F118/><T86/><D71/><U40/><E40/><V125/><F125/><T98/><D33/><U55/><E55/><V82/><F82/><T41/><D41/><U79/><AGARI ba="1,2" hai="36,43,44,49,54,56,79,80,84,96,97,99,100,101" machi="79" ten="30,3000,0" yaku="1,1,0,1,53,1" doraHai="90" doraHaiUra="77" who="1" fromWho="1" sc="466,-21,340,52,224,-11,0,0" /><INIT seed="1,0,0,1,3,38" ten="445,392,213,0" oya="1" hai0="37,59,69,117,77,130,53,55,101,50,90,74,46" hai1="78,81,106,129,95,104,56,65,88,80,45,63,134" hai2="47,113,89,79,48,71,57,58,120,70,116,76,33" hai3=""/><U99/><E134/><V128/><N who="2" m="30752" /><V52/><F116/><T121/><N who="0" m="31008" /><T85/><D117/><U119/><E119/><V0/><F113/><T82/><D130/><U68/><E129/><V92/><F33/><T118/><D118/><U111/><E111/><V40/><F0/><T125/><D125/><U44/><E81/><V112/><F112/><T109/><D109/><U87/><E104/><V36/><F128/><T131/><D69/><U49/><E106/><V86/><F70/><T1/><D1/><U135/><E135/><V103/><F103/><T34/><D34/><U84/><E44/><V123/><N who="2" m="31520" /><V39/><F39/><T105/><D37/><U97/><REACH who="1" step="1"/><E68/><REACH who="1" ten="445,382,213,0" step="2"/><V54/><REACH who="2" step="1"/><F71/><REACH who="2" ten="445,382,203,0" step="2"/><T115/><D131/><U94/><E94/><V60/><AGARI ba="0,2" hai="36,40,47,48,52,54,57,58,60,76,79,86,89,92" m="31520,30752" machi="60" ten="20,12000,3" yaku="1,1,2,1,0,1,7,1,52,3,54,1,53,2" doraHai="38" doraHaiUra="51" who="2" fromWho="2" sc="445,-40,382,-80,203,140,0,0" /><INIT seed="2,0,0,3,4,124" ten="405,302,343,0" oya="2" hai0="68,98,54,52,85,87,43,64,60,116,76,55,80" hai1="77,74,33,49,100,110,40,122,125,71,99,70,88" hai2="50,39,44,103,38,75,105,47,93,63,45,131,89" hai3=""/><V90/><F75/><T84/><D116/><U91/><N who="1" m="31264" /><U135/><E33/><V108/><F105/><T128/><D128/><U59/><E125/><V79/><F108/><T41/><REACH who="0" step="1"/><D98/><REACH who="0" ten="395,302,343,0" step="2"/><U53/><E110/><V86/><F131/><T83/><D83/><U107/><E135/><V96/><F79/><T95/><D95/><U36/><E77/><V126/><F126/><T132/><D132/><U69/><REACH who="1" step="1"/><E74/><AGARI ba="0,1" hai="41,43,52,54,55,60,64,68,74,76,80,84,85,87" machi="74" ten="40,5200,0" yaku="1,1,54,1,53,1" doraHai="124" doraHaiUra="73" who="0" fromWho="1" sc="395,62,302,-52,343,0,0,0" /><INIT seed="4,0,0,1,4,47" ten="457,250,343,0" oya="0" hai0="123,114,53,55,70,52,57,35,77,98,62,96,83" hai1="103,110,0,101,40,69,130,61,100,36,74,97,113" hai2="75,93,119,33,85,95,65,121,64,1,68,41,106" hai3=""/><T92/><N who="0" m="31520" /><T60/><D35/><U89/><E110/><V135/><N who="2" m="31008" /><V115/><F119/><T32/><D32/><U108/><E0/><V124/><F115/><T51/><D114/><U42/><E113/><V39/><F41/><T72/><D98/><U73/><E108/><V116/><F64/><T79/><D79/><U66/><E130/><V46/><F65/><T44/><D70/><U107/><E40/><V43/><F46/><T45/><D62/><U50/><E36/><V90/><F43/><T49/><D55/><U134/><E134/><V131/><F85/><T76/><D76/><U133/><E133/><V34/><F90/><T78/><D78/><U38/><E38/><V105/><F93/><T132/><D132/><U91/><E91/><V127/><F95/><T109/><D109/><U82/><E107/><V117/><F106/><T48/><D45/><U88/><E97/><V63/><F117/><T126/><D126/><U122/><N who="1" m="31264" /><U84/><E42/><V128/><F127/><T112/><D112/><U71/><E71/><V125/><F131/><T99/><D99/><U3/><E69/><V102/><F125/><T129/><D129/><U81/><E61/><V56/><F128/><T2/><D2/><RYUUKYOKU ba="0,0" sc="457,20,250,-10,343,-10,0,0" hai0="44,48,49,51,52,53,57,60,72,77,83,92,96" /><INIT seed="4,1,0,1,5,86" ten="477,240,333,0" oya="0" hai0="68,79,77,56,104,117,82,75,125,85,39,74,106" hai1="70,0,50,58,114,66,81,43,88,53,89,49,64" hai2="73,102,133,99,134,110,48,57,111,36,72,108,67" hai3=""/><T1/><D1/><U131/><E0/><V54/><F36/><T105/><D68/><U132/><E131/><V103/><F67/><N who="1" m="25641" /><E70/><V94/><REACH who="2" step="1"/><F103/><REACH who="2" ten="477,240,323,0" step="2"/><T127/><D39/><U126/><E132/><AGARI ba="1,1" hai="48,54,57,72,73,94,99,102,108,110,111,132,133,134" machi="132" ten="50,8000,1" yaku="1,1,2,1,20,1,53,1" doraHai="86" doraHaiUra="46" who="2" fromWho="1" sc="477,0,240,-82,323,92,0,0" /><INIT seed="5,0,0,3,4,48" ten="477,158,415,0" oya="1" hai0="98,0,97,128,82,51,118,52,93,112,89,60,35" hai1="64,132,129,99,90,54,71,81,2,50,104,131,109" hai2="80,70,45,55,46,62,135,108,47,75,65,92,40" hai3=""/><U110/><E2/><V88/><F108/><N who="1" m="41577" /><E132/><V122/><F122/><T130/><D35/><U38/><E38/><V123/><N who="2" m="31520" /><V78/><F135/><T76/><D0/><U95/><E104/><V58/><F40/><T61/><D112/><U86/><E64/><V57/><REACH who="2" step="1"/><F55/><REACH who="2" ten="477,158,405,0" step="2"/><T115/><D115/><U36/><E36/><V117/><F117/><T126/><D118/><U105/><E105/><V134/><F134/><T111/><D111/><U127/><E127/><V114/><F114/><T44/><D126/><U66/><E66/><V37/><F37/><T34/><D34/><U120/><N who="1" m="30752" /><U106/><E106/><V119/><F119/><T74/><D130/><U125/><E125/><V121/><N who="2" m="31008" /><V102/><F102/><T67/><D128/><N who="1" m="49227" /><E71/><V1/><F1/><T43/><D43/><U107/><E107/><V72/><F72/><T101/><D67/><U84/><E81/><V53/><F53/><T83/><D83/><U94/><E95/><AGARI ba="0,1" hai="44,51,52,60,61,74,76,82,89,93,95,97,98,101" machi="95" ten="30,3900,0" yaku="7,1,52,1,54,1" doraHai="48" who="0" fromWho="1" sc="477,49,158,-39,405,0,0,0" /><INIT seed="6,0,0,4,2,102" ten="526,119,405,0" oya="2" hai0="61,47,104,114,46,69,66,81,97,126,123,85,53" hai1="59,70,108,117,92,34,116,95,88,35,75,84,127" hai2="133,80,63,37,101,94,135,58,89,64,119,40,118" hai3=""/><V124/><F80/><T107/><N who="0" m="31520" /><T83/><D126/><U131/><E59/><V39/><F124/><T72/><D114/><U67/><E84/><V50/><F101/><T55/><D97/><U106/><E67/><V129/><F94/><T49/><D72/><U100/><E88/><V51/><F89/><T115/><D115/><U111/><E100/><V32/><F32/><T45/><D83/><U3/><E92/><V112/><F112/><T52/><REACH who="0" step="1"/><D49/><REACH who="0" ten="516,119,405,0" step="2"/><N who="2" m="18442" /><F40/><T62/><D62/><U87/><E87/><V54/><F64/><T36/><D36/><N who="2" m="13898" /><F129/><T76/><AGARI ba="0,1" hai="45,46,47,52,53,55,61,66,69,76,81,85,104,107" m="31520" machi="76" ten="30,9000,2" yaku="1,1,0,1,52,3,54,1,53,0" doraHai="102" doraHaiUra="33" who="0" fromWho="0" sc="516,100,119,-30,405,-60,0,0" owari="616,56.0,89,-51.0,345,-5.0,0,0.0" /></mjloggm>