<mjloggm ver="2.3"><GO type="169" lobby="0"/><UN n0="%E3%82%82%E3%81%93%E3%81%BF" n1="%64%6F%6F%6F%6F%77%79%31" n2="%E3%81%8B%E3%81%A3%E9%A3%9B%E3%81%B0%E3%81%9B%E5%85%A8%E9%83%A8" n3="%EF%BC%88%E3%83%BB%EF%BC%88%E3%83%B1%EF%BC%89%E3%83%BB%EF%BC%89" dan="16,17,17,16" rate="2093.69,2186.95,2199.25,2096.08" sx="M,M,M,M"/><TAIKYOKU oya="0"/><INIT seed="0,0,0,0,5,2" ten="250,250,250,250" oya="0" hai0="38,126,122,17,96,21,36,41,133,101,13,81,33" hai1="42,8,89,97,7,61,29,125,67,121,53,48,113" hai2="55,98,30,119,31,78,25,73,43,128,80,129,49" hai3="99,0,108,3,1,32,90,56,20,58,15,84,66"/><T47/><D126/><U94/><E125/><V68/><F119/><W106/><G32/><T130/><D133/><U118/><E118/><V45/><F68/><W69/><G69/><T74/><D130/><N who="2" m="50282" /><F98/><W27/><G108/><T11/><D122/><U75/><E75/><V117/><F117/><W14/><G99/><T37/><D33/><U10/><E121/><V52/><F31/><W109/><G106/><T64/><D64/><U95/><E113/><V92/><F92/><W24/><G109/><T5/><D74/><U35/><E42/><V60/><F60/><W18/><G15/><T22/><D81/><U120/><E120/><V112/><F112/><W100/><G100/><T132/><D132/><U104/><E104/><V131/><N who="2" m="50290" /><V26/><DORA hai="72" /><F26/><W39/><G39/><T54/><D54/><U103/><E29/><V70/><F70/><W82/><REACH who="3" step="1"/><G66/><REACH who="3" ten="250,250,250,240" step="2"/><T127/><D127/><U19/><E35/><AGARI ba="0,1" hai="25,30,35,43,45,49,52,55,73,78,80" m="50290" machi="35" ten="40,5200,0" yaku="19,1,52,1,54,1" doraHai="2,72" who="2" fromWho="1" sc="250,0,250,-52,250,62,240,0" /><INIT seed="1,0,0,2,5,132" ten="250,198,312,240" oya="1" hai0="42,105,131,48,102,111,108,103,81,20,133,24,63" hai1="119,88,86,55,100,70,69,50,4,104,75,128,18" hai2="13,78,40,73,53,93,79,101,3,37,98,41,87" hai3="39,7,74,56,65,127,134,135,58,84,35,129,82"/><U28/><E75/><V47/><F73/><W115/><G35/><T85/><D133/><N who="3" m="50697" /><G39/><T9/><D131/><U68/><E128/><V19/><F3/><W120/><G129/><T8/><D63/><U32/><E119/><V91/><F41/><W46/><G120/><T30/><D8/><U17/><E4/><V122/><F53/><W25/><G74/><T130/><D130/><U99/><E28/><V71/><F71/><W94/><G94/><T22/><D9/><U11/><E32/><V92/><REACH who="2" step="1"/><F122/><REACH who="2" ten="250,198,302,240" step="2"/><W59/><G115/><T60/><D42/><U80/><REACH who="1" step="1"/><E11/><AGARI ba="0,1" hai="11,13,19,37,40,47,78,79,87,91,92,93,98,101" machi="11" ten="30,3900,0" yaku="1,1,2,1,7,1,53,0" doraHai="132" doraHaiUra="64" who="2" fromWho="1" sc="250,0,198,-39,302,49,240,0" /><INIT seed="2,0,0,3,2,93" ten="250,159,351,240" oya="2" hai0="106,99,72,105,92,122,119,47,129,23,112,42,117" hai1="25,30,90,75,54,124,104,68,13,111,15,108,88" hai2="63,100,29,62,101,76,43,120,48,127,56,55,121" hai3="132,2,114,53,110,27,60,38,91,80,107,126,3"/><V14/><F127/><W118/><G110/><N who="1" m="42026" /><E124/><V128/><F128/><W40/><G118/><N who="0" m="45067" /><D122/><U79/><E68/><V10/><F29/><W57/><G132/><T36/><D112/><U9/><E104/><N who="0" m="40041" /><D23/><N who="1" m="15679" /><E54/><V73/><F120/><W21/><G114/><T8/><D72/><U130/><E130/><V134/><F121/><W115/><G107/><T87/><D129/><U50/><E50/><V70/><F134/><W0/><G115/><T35/><D8/><U61/><E61/><V67/><F63/><W26/><G126/><T1/><D1/><U131/><E131/><V71/><F71/><W97/><G40/><T96/><D35/><U18/><E13/><V7/><F43/><W85/><G38/><T102/><D102/><U64/><E64/><V81/><AGARI ba="0,0" hai="7,10,14,48,55,56,62,67,70,73,76,81,100,101" machi="81" ten="30,1500,0" yaku="0,1" doraHai="93" who="2" fromWho="2" sc="250,-5,159,-5,351,15,240,-5" /><INIT seed="2,1,0,5,4,39" ten="245,154,366,235" oya="2" hai0="99,34,50,107,69,78,8,7,4,123,31,60,102" hai1="130,93,36,96,10,6,44,71,3,58,131,90,33" hai2="76,18,17,14,27,134,11,97,88,118,113,13,49" hai3="116,124,85,68,92,40,110,115,66,87,37,126,24"/><V100/><F113/><W104/><G110/><T91/><D123/><U22/><E71/><V121/><F118/><W57/><G116/><T127/><D78/><U32/><E22/><V9/><F121/><W73/><G73/><T81/><D127/><N who="3" m="48681" /><G104/><T25/><D50/><U2/><E2/><V80/><F134/><W125/><G125/><T82/><D91/><U95/><E58/><V45/><F27/><W16/><G68/><T21/><D21/><U119/><E95/><N who="2" m="56551" /><F100/><W15/><G24/><T106/><D106/><U53/><E119/><V1/><F1/><W79/><G92/><T122/><D122/><U129/><REACH who="1" step="1"/><E53/><REACH who="1" ten="245,144,366,235" step="2"/><V75/><F9/><W63/><G115/><T94/><D94/><U128/><N who="1" m="32768" /><DORA hai="70" /><U48/><E48/><V111/><F49/><W117/><G117/><T19/><D19/><U67/><E67/><V120/><F11/><N who="3" m="6271" /><G79/><T23/><D23/><U112/><E112/><V20/><F76/><W74/><G74/><T42/><D8/><U84/><E84/><V98/><F75/><W105/><G105/><T109/><D107/><U114/><E114/><V135/><F120/><W64/><G64/><T12/><D69/><U56/><E56/><V28/><F20/><W35/><G35/><T26/><D34/><U103/><E103/><V83/><F13/><W55/><G66/><T47/><D102/><U51/><E51/><V133/><F14/><W62/><G62/><T108/><D12/><U43/><AGARI ba="1,1" hai="3,6,10,32,33,36,43,44,90,93,96" m="32768" machi="43" ten="60,8000,1" yaku="1,1,0,1,19,1,52,2,53,0" doraHai="39,70" doraHaiUra="61,101" who="1" fromWho="1" sc="245,-21,144,93,366,-41,235,-21" /><INIT seed="3,0,0,3,3,70" ten="224,237,325,214" oya="3" hai0="112,67,25,94,75,26,6,51,55,79,12,125,36" hai1="47,24,74,1,72,116,5,35,44,71,19,33,89" hai2="124,120,76,69,63,10,82,65,134,130,23,109,49" hai3="45,110,121,101,114,50,122,40,20,60,61,119,37"/><W73/><G73/><T128/><D128/><U16/><E71/><V68/><F130/><W92/><G119/><T59/><D125/><U54/><E116/><V22/><F124/><W98/><G114/><T39/><D67/><U11/><E89/><V46/><F109/><W100/><G110/><T127/><D127/><U81/><E72/><V17/><F134/><W29/><G101/><T34/><D112/><U115/><E115/><V84/><F120/><W86/><G86/><T13/><D75/><U135/><E135/><V91/><F76/><W78/><G78/><T14/><D6/><U90/><E47/><V113/><F68/><W104/><G104/><T38/><D79/><U58/><E44/><V21/><F113/><W66/><G50/><T117/><D117/><U126/><E126/><V105/><F105/><W18/><G29/><T27/><REACH who="0" step="1"/><D94/><REACH who="0" ten="214,237,325,214" step="2"/><U2/><E74/><V31/><F65/><W77/><G77/><T87/><D87/><U43/><E5/><V0/><F84/><W53/><G53/><T9/><D9/><U96/><E11/><V48/><F10/><W41/><G41/><T95/><D95/><U88/><E43/><V56/><F82/><W28/><G66/><T7/><D7/><U131/><E54/><V123/><F69/><W99/><G122/><T8/><D8/><U52/><E52/><V133/><F123/><W62/><G121/><T118/><D118/><U102/><E131/><V103/><F133/><W80/><G92/><T57/><D57/><U97/><E81/><V108/><F56/><W3/><G80/><T132/><D132/><RYUUKYOKU ba="0,1" sc="214,30,237,-10,325,-10,214,-10" hai0="12,13,14,25,26,27,34,36,38,39,51,55,59" /><INIT seed="4,1,1,5,5,39" ten="244,227,315,204" oya="0" hai0="125,2,106,96,70,38,128,108,42,122,133,100,28" hai1="126,0,84,103,5,87,44,21,60,78,16,64,59" hai2="15,105,34,66,52,1,35,116,129,97,86,91,73" hai3="109,75,56,120,49,76,47,19,24,71,93,92,54"/><T85/><RYUUKYOKU type="yao9" ba="1,1" sc="244,0,227,0,315,0,204,0" hai0="2,28,38,42,70,85,96,100,106,108,122,125,128,133" /><INIT seed="4,2,1,3,5,94" ten="244,227,315,204" oya="0" hai0="109,60,99,14,19,49,106,114,68,32,123,45,43" hai1="80,61,69,44,98,72,92,24,64,59,97,6,82" hai2="46,76,16,5,56,7,77,11,105,2,101,73,65" hai3="31,91,26,28,4,9,78,0,122,127,8,119,35"/><T63/><D123/><U27/><E6/><V50/><F7/><W22/><G78/><T83/><D32/><U84/><E69/><V13/><F73/><W47/><G119/><T134/><D134/><U54/><E72/><V70/><F70/><W93/><G122/><T124/><D124/><U130/><E130/><V10/><F65/><W121/><G121/><T30/><D30/><U87/><E92/><V89/><F56/><W117/><G117/><T111/><D114/><U20/><E84/><V52/><REACH who="2" step="1"/><F89/><REACH who="2" ten="244,227,305,204" step="2"/><W113/><G113/><T17/><D68/><U41/><E64/><V71/><F71/><W23/><G127/><T128/><D128/><U29/><E27/><V57/><F57/><W40/><G8/><T33/><D63/><U15/><E15/><V104/><F104/><W12/><G12/><T3/><D60/><U25/><E24/><V107/><F107/><W131/><G131/><T120/><D120/><U58/><E59/><V38/><F38/><W125/><G125/><T79/><D3/><U18/><E25/><V90/><F90/><W129/><G129/><T86/><D33/><U75/><E75/><V96/><AGARI ba="2,2" hai="2,5,10,11,13,16,46,50,52,76,77,96,101,105" machi="96" ten="30,8000,1" yaku="1,1,0,1,52,1,54,2,53,0" doraHai="94" doraHaiUra="53" who="2" fromWho="2" sc="244,-42,227,-22,305,106,204,-22" /><INIT seed="5,0,0,4,2,82" ten="202,205,411,182" oya="1" hai0="101,111,94,6,135,120,4,0,44,72,95,12,61" hai1="17,36,9,60,32,110,64,41,113,100,56,103,53" hai2="23,59,106,18,51,76,91,42,87,28,105,112,83" hai3="65,133,37,124,69,116,107,97,25,109,15,117,89"/><U88/><E32/><V126/><F126/><W38/><G109/><T55/><D111/><U39/><E110/><V11/><F112/><W13/><G124/><T79/><D0/><U2/><E113/><V80/><F28/><W128/><G25/><T102/><D72/><U85/><E39/><N who="3" m="14858" /><G107/><T22/><D79/><U78/><E78/><V108/><F11/><W3/><G3/><T52/><D135/><U134/><E134/><V131/><F131/><W47/><G97/><T68/><D68/><U7/><E17/><V5/><F5/><N who="0" m="2154" /><D120/><U20/><E20/><V77/><F91/><W66/><G128/><T27/><D12/><N who="3" m="4681" /><G133/><T62/><D101/><U45/><REACH who="1" step="1"/><E53/><REACH who="1" ten="202,195,411,182" step="2"/><N who="0" m="20553" /><D44/><U31/><E31/><V122/><F108/><W43/><G47/><T90/><D102/><U14/><E14/><V70/><F23/><W35/><G35/><T57/><D90/><U58/><E58/><V33/><F59/><W132/><G132/><T121/><D121/><U96/><E96/><V74/><F122/><W71/><G43/><T75/><D75/><U48/><E48/><V127/><F51/><W29/><G29/><N who="0" m="17655" /><D62/><U84/><E84/><V40/><F87/><W99/><G99/><T50/><D50/><U98/><E98/><V26/><F74/><W92/><G89/><T54/><AGARI ba="0,1" hai="54,57,61,94,95" m="17655,20553,2154" machi="54" ten="30,2000,0" yaku="8,1,54,1" doraHai="82" who="0" fromWho="0" sc="202,30,195,-10,411,-5,182,-5" /><INIT seed="6,0,0,5,5,44" ten="232,185,406,177" oya="2" hai0="105,32,53,125,51,100,103,34,7,52,14,75,60" hai1="70,13,123,8,66,78,61,122,54,121,91,33,79" hai2="128,23,99,39,130,74,56,90,17,129,114,117,87" hai3="19,106,72,3,20,131,25,27,68,124,134,113,89"/><V135/><F39/><W9/><G131/><T95/><D75/><U45/><E33/><V112/><F56/><W73/><G134/><T107/><D7/><N who="1" m="3231" /><E91/><V4/><F23/><W82/><G124/><T43/><D14/><U6/><E6/><V65/><F65/><W111/><G111/><T71/><D95/><U10/><E10/><V29/><F17/><W118/><G118/><T30/><D30/><U5/><E5/><V18/><F18/><W36/><G113/><N who="2" m="43625" /><F29/><W12/><G68/><T110/><D125/><U62/><E62/><V21/><F21/><W101/><G3/><T81/><D110/><U11/><E11/><V83/><F4/><W15/><G36/><T38/><D38/><U46/><E46/><V84/><F135/><W48/><G101/><T59/><D71/><U41/><E54/><V88/><F117/><W49/><G106/><T26/><D105/><U80/><E80/><N who="2" m="49159" /><F99/><W86/><G73/><AGARI ba="0,0" hai="73,74,83,87,90,128,129,130" m="49159,43625" machi="73" ten="40,12000,1" yaku="19,1,15,1,34,2,54,1" doraHai="44" who="2" fromWho="3" sc="232,0,185,0,406,120,177,-120" /><INIT seed="6,1,0,2,2,82" ten="232,185,526,57" oya="2" hai0="23,3,70,133,119,61,11,99,22,95,112,37,73" hai1="111,135,105,52,81,65,96,49,127,13,9,21,39" hai2="109,32,7,80,68,46,45,62,34,56,8,78,33" hai3="69,90,6,24,92,58,40,117,48,107,59,101,87"/><V31/><F68/><W75/><G117/><T43/><D73/><U14/><E111/><V42/><F31/><W19/><G69/><T132/><D112/><U84/><E39/><V29/><F29/><W2/><G75/><T85/><D37/><U5/><E65/><V94/><F94/><W72/><G72/><T126/><D43/><U15/><E127/><V124/><F42/><W64/><G2/><T71/><D126/><U50/><E135/><N who="0" m="51785" /><D71/><U102/><E21/><V36/><F36/><W12/><G6/><N who="0" m="1503" /><D85/><U0/><REACH who="1" step="1"/><E52/><REACH who="1" ten="232,175,526,57" step="2"/><V77/><F124/><W76/><G24/><T89/><D119/><U18/><E18/><V60/><F109/><W26/><G26/><T125/><D125/><U53/><E53/><V128/><F33/><W79/><G40/><T108/><D108/><U113/><E113/><V93/><F34/><W28/><G28/><T25/><D25/><U130/><E130/><V1/><F128/><W30/><G30/><T114/><D114/><U115/><E115/><V27/><F32/><W16/><G19/><T74/><D74/><U103/><E103/><V10/><F27/><W104/><G101/><T66/><AGARI ba="1,1" hai="22,23,61,66,70,89,95,99" m="1503,51785" machi="66" ten="30,1100,0" yaku="20,1" doraHai="82" who="0" fromWho="0" sc="232,24,175,-4,526,-6,57,-4" /><INIT seed="7,0,0,1,1,106" ten="256,171,520,53" oya="3" hai0="45,76,107,65,89,122,123,63,6,2,20,109,34" hai1="26,82,131,117,23,21,28,3,124,47,77,1,49" hai2="112,113,36,68,133,37,30,17,129,128,0,108,31" hai3="66,90,56,118,64,14,80,35,84,55,127,79,78"/><W103/><G118/><T40/><D109/><U32/><E117/><V41/><F17/><W110/><G35/><T59/><D34/><U50/><E131/><V70/><F41/><W116/><G116/><T125/><D107/><U93/><E124/><V88/><F88/><W83/><G127/><T19/><D125/><U120/><E120/><V95/><F95/><W73/><G110/><T43/><D76/><U29/><E93/><V13/><F13/><W69/><G69/><T99/><D2/><U135/><E135/><V11/><F11/><W105/><G105/><T98/><D6/><U87/><E50/><V81/><F81/><W18/><G103/><T4/><D4/><U85/><E85/><V130/><F130/><W12/><G79/><T25/><D43/><U15/><E32/><V86/><F86/><W111/><G111/><T92/><D99/><U5/><E5/><V54/><F108/><W9/><REACH who="3" step="1"/><G12/><REACH who="3" ten="256,171,520,43" step="2"/><T97/><D123/><U44/><E15/><V58/><F128/><W53/><G53/><T38/><D122/><U52/><REACH who="1" step="1"/><E44/><REACH who="1" ten="256,161,520,43" step="2"/><V104/><F68/><W121/><G121/><T27/><D97/><U74/><E74/><V115/><F70/><W71/><G71/><T10/><D98/><U75/><E75/><V119/><F54/><W42/><G42/><T114/><D45/><U126/><E126/><V61/><F104/><W62/><AGARI ba="0,2" hai="9,14,18,55,56,62,64,66,73,78,80,83,84,90" machi="62" ten="20,18000,2" yaku="1,1,0,1,7,1,52,1,53,2" doraHai="106" doraHaiUra="60" who="3" fromWho="3" sc="256,-60,161,-60,520,-60,43,200" /><INIT seed="7,1,0,0,1,129" ten="196,101,460,243" oya="3" hai0="41,99,104,75,102,72,29,123,115,125,19,85,48" hai1="93,89,90,17,64,32,40,27,4,30,46,35,108" hai2="53,2,77,73,11,8,117,67,120,132,74,1,87" hai3="3,135,118,9,68,66,101,50,110,94,12,38,79"/><W105/><G118/><T52/><D123/><U34/><E108/><V86/><F67/><W82/><G50/><T62/><D125/><U16/><E4/><V131/><F77/><W43/><G12/><T106/><D106/><U103/><E103/><V76/><F76/><W28/><G94/><T47/><D115/><U114/><E64/><V134/><F53/><W45/><G45/><T95/><D29/><U63/><E63/><V39/><F39/><W70/><G82/><T80/><D104/><U116/><E114/><V22/><F22/><W124/><G105/><T26/><D26/><U10/><E116/><V37/><F37/><W126/><G68/><T59/><REACH who="0" step="1"/><D19/><REACH who="0" ten="186,101,460,243" step="2"/><U31/><E31/><V100/><F100/><W96/><G126/><T20/><D20/><U122/><E122/><V14/><F14/><W130/><G124/><T78/><AGARI ba="1,1" hai="41,47,48,52,59,62,72,75,78,80,85,95,99,102" machi="78" ten="20,5200,0" yaku="1,1,0,1,7,1,54,1,53,0" doraHai="129" doraHaiUra="0" who="0" fromWho="0" sc="186,65,101,-14,460,-14,243,-27" owari="251,5.0,87,-41.0,446,54.0,216,-18.0" /></mjloggm>