<mjloggm ver="2.3"><GO type="169" lobby="0"/><UN n0="%E3%81%A8%E3%82%89%E3%81%8D%E3%81%A1%E3%81%B5%E3%81%8F" n1="%64%75%72%72%72%72%72" n2="%79%6A%2D%63%68%65%6B%69" n3="%E8%8B%B1%E5%9B%BD%E5%A3%B2%E5%8D%B4" dan="16,16,16,17" rate="2083.76,2107.58,2083.49,2132.63" sx="M,M,M,M"/><TAIKYOKU oya="0"/><INIT seed="0,0,0,0,4,32" ten="250,250,250,250" oya="0" hai0="24,62,73,68,60,100,80,92,99,53,117,66,86" hai1="108,63,112,8,128,113,13,118,41,111,14,7,75" hai2="104,43,49,1,0,84,95,39,126,23,98,133,18" hai3="45,54,130,9,110,103,17,19,10,116,28,94,12"/><T135/><D135/><U78/><E41/><V96/><F39/><W26/><G110/><N who="1" m="42026" /><E63/><V85/><F133/><W122/><G130/><T42/><D117/><U35/><E78/><V56/><F104/><W105/><G116/><T89/><D42/><U120/><E75/><V50/><F126/><W106/><G122/><T55/><D24/><U15/><E118/><V51/><F43/><W38/><G94/><T33/><D33/><U77/><E77/><V58/><F23/><W44/><G38/><T82/><D62/><U31/><E120/><V71/><F18/><W40/><G40/><T48/><D73/><U57/><E57/><N who="2" m="22123" /><F95/><W79/><G79/><T72/><D72/><U129/><E31/><V65/><F65/><W131/><G131/><N who="1" m="50250" /><E35/><V88/><F88/><W91/><G103/><T132/><D132/><U119/><E119/><V25/><F25/><W59/><G91/><T87/><D48/><U97/><E97/><N who="2" m="37483" /><F71/><W127/><G106/><T20/><D68/><U114/><AGARI ba="0,0" hai="7,8,13,14,15,112,113,114" m="50250,42026" machi="114" ten="40,8000,1" yaku="11,1,14,1,19,1,34,2" doraHai="32" who="1" fromWho="1" sc="250,-40,250,80,250,-20,250,-20" /><INIT seed="1,0,0,5,1,18" ten="210,330,230,230" oya="1" hai0="82,24,132,35,43,48,60,109,118,37,98,120,80" hai1="54,66,53,52,71,45,64,63,68,101,124,81,7" hai2="91,58,131,127,94,17,117,20,8,114,25,121,0" hai3="31,90,122,107,106,1,108,102,75,47,21,128,87"/><U70/><E101/><V89/><F117/><W133/><G122/><T27/><D118/><U6/><E81/><V40/><F121/><W22/><G1/><T119/><D119/><U4/><E124/><V28/><F127/><W125/><G75/><T130/><D120/><U33/><E33/><V78/><F78/><W49/><G125/><T135/><D37/><U76/><E76/><V88/><F40/><W59/><G31/><T65/><D130/><U84/><E84/><V110/><F110/><W50/><G108/><T2/><D109/><U23/><E63/><V55/><F131/><W46/><G59/><T129/><D129/><U93/><E93/><V77/><F77/><W41/><G133/><T34/><D2/><U30/><E45/><V79/><F79/><W42/><G128/><T61/><D43/><U16/><E30/><V56/><F56/><W134/><G134/><T32/><D32/><U5/><N who="1" m="1024" /><DORA hai="73" /><U112/><REACH who="1" step="1"/><E112/><REACH who="1" ten="210,320,230,230" step="2"/><V19/><F114/><W11/><G102/><T9/><D35/><U74/><E74/><V13/><F0/><W15/><G106/><T29/><D34/><U38/><E38/><V36/><F36/><W14/><G107/><T83/><D29/><U126/><E126/><V26/><F94/><W123/><G123/><T62/><D135/><U97/><E97/><V103/><F103/><W72/><G72/><T99/><D132/><U39/><E39/><V92/><F92/><W67/><G87/><T3/><D98/><U111/><E111/><V104/><F104/><W96/><G96/><T51/><D99/><U116/><E116/><RYUUKYOKU ba="0,1" sc="210,-10,320,30,230,-10,230,-10" hai1="16,23,52,53,54,64,66,68,70,71" /><INIT seed="1,1,1,0,4,18" ten="200,350,220,220" oya="1" hai0="121,11,27,80,55,91,130,86,64,56,10,22,14" hai1="78,70,135,77,0,76,7,53,133,122,41,57,26" hai2="45,4,47,12,126,101,15,34,35,124,42,93,85" hai3="61,32,120,49,94,67,1,71,23,30,114,33,50"/><U128/><E70/><V62/><F62/><W102/><G114/><T2/><D130/><U129/><E41/><V88/><F101/><W95/><G1/><T132/><D132/><N who="1" m="50763" /><E122/><V103/><F103/><W87/><G120/><T104/><D121/><U96/><E96/><V127/><F47/><W109/><G109/><T92/><D104/><U99/><E99/><V115/><F115/><W5/><G5/><T106/><D106/><U89/><E89/><V17/><F4/><W131/><G131/><N who="1" m="50250" /><E26/><V6/><F6/><W3/><G102/><T37/><D37/><U118/><E118/><V119/><F119/><W43/><G43/><T54/><D80/><U48/><E7/><V72/><F72/><W108/><G71/><T75/><D75/><U16/><E16/><V24/><F24/><W105/><G105/><T44/><D27/><U98/><E98/><V29/><F29/><W38/><G30/><T125/><D91/><U52/><E53/><V9/><F15/><W84/><G95/><T19/><D14/><U81/><E0/><V74/><F74/><AGARI ba="1,1" hai="48,52,57,74,76,77,78,81" m="50250,50763" machi="74" ten="30,5800,0" yaku="20,1,19,1,54,1" doraHai="18" who="1" fromWho="2" sc="200,0,350,71,220,-61,220,0" /><INIT seed="1,2,0,1,4,44" ten="200,421,159,220" oya="1" hai0="17,52,96,79,135,112,129,93,124,22,108,58,116" hai1="85,100,28,60,103,125,65,67,126,89,75,121,38" hai2="61,56,59,97,111,45,115,114,84,8,122,82,24" hai3="77,1,107,51,63,62,35,29,109,27,53,64,7"/><U15/><E121/><V42/><F111/><W43/><G109/><T23/><D108/><U117/><E75/><V3/><F122/><W134/><G134/><T6/><D135/><U78/><E38/><V83/><F97/><W46/><G107/><T90/><D116/><U80/><E117/><V50/><F24/><W10/><G77/><T19/><D129/><U81/><E28/><V55/><F3/><W48/><G64/><T133/><D133/><U18/><E65/><N who="2" m="39079" /><F8/><W86/><REACH who="3" step="1"/><G86/><REACH who="3" ten="200,421,159,210" step="2"/><T13/><D112/><N who="2" m="43050" /><F84/><W21/><G21/><T104/><D104/><U31/><E78/><V87/><F87/><W88/><G88/><T11/><D79/><U25/><E80/><V73/><F73/><W71/><G71/><T14/><D124/><U2/><E126/><V101/><F101/><W74/><G74/><T5/><REACH who="0" step="1"/><D11/><REACH who="0" ten="190,421,159,210" step="2"/><U57/><E125/><V130/><F130/><W20/><G20/><T120/><D120/><U98/><E103/><V66/><F66/><W118/><G118/><T113/><D113/><U91/><E100/><V4/><F4/><W33/><G33/><T95/><D95/><U119/><E119/><V41/><F83/><W110/><G110/><T102/><D102/><U47/><E81/><V123/><F82/><W32/><G32/><T49/><AGARI ba="2,2" hai="5,6,13,14,17,19,22,23,49,52,58,90,93,96" machi="49" ten="20,12000,2" yaku="1,1,0,1,7,1,9,1,8,1,52,1,54,1,53,0" doraHai="44" doraHaiUra="99" who="0" fromWho="0" sc="190,146,421,-62,159,-32,210,-32" /><INIT seed="2,0,0,0,2,4" ten="336,359,127,178" oya="2" hai0="84,100,52,127,56,23,14,79,19,132,16,118,135" hai1="43,3,60,8,78,34,49,32,109,96,89,39,114" hai2="126,71,124,83,0,58,42,67,108,10,59,62,18" hai3="73,51,116,104,95,45,53,1,74,30,66,125,107"/><V31/><F31/><W106/><G116/><T65/><D127/><N who="2" m="48682" /><F42/><W99/><G125/><T129/><D129/><U15/><E114/><V80/><F108/><W133/><G1/><T77/><D118/><U21/><E3/><V103/><F103/><W27/><G66/><T36/><D36/><U112/><E39/><V69/><F59/><W110/><G133/><N who="0" m="51275" /><D100/><U93/><E43/><V90/><F90/><W128/><G128/><T46/><D46/><U28/><E89/><V86/><F86/><W119/><G110/><T113/><D65/><U121/><E28/><V64/><F64/><W48/><G48/><N who="0" m="30727" /><D113/><U117/><E49/><V75/><F75/><W72/><G119/><T5/><D5/><U12/><E112/><V102/><F102/><W70/><G70/><N who="2" m="26633" /><F0/><W7/><G104/><T68/><D68/><U98/><E117/><V17/><F17/><W26/><G7/><T76/><D19/><U101/><E109/><V88/><F88/><W97/><G106/><T33/><D33/><U91/><E101/><V13/><AGARI ba="0,0" hai="10,13,18,58,62,67,80,83" m="26633,48682" machi="13" ten="40,3900,0" yaku="18,1,52,1" doraHai="4" who="2" fromWho="2" sc="336,-13,359,-13,127,39,178,-13" /><INIT seed="2,1,0,4,0,55" ten="323,346,166,165" oya="2" hai0="96,83,110,121,2,126,50,23,1,66,73,26,16" hai1="17,91,118,78,69,117,54,87,48,10,12,128,114" hai2="74,125,86,64,36,4,77,14,104,116,38,29,79" hai3="105,122,19,49,30,20,131,103,85,101,119,76,68"/><V92/><F116/><W24/><G119/><T47/><D110/><U97/><E69/><V82/><F64/><W72/><G122/><T62/><D126/><U95/><E114/><V98/><F29/><W41/><G72/><T129/><D129/><U106/><E128/><V108/><F125/><W60/><G105/><T112/><D112/><U90/><E78/><V100/><F108/><W134/><G134/><T99/><D121/><U84/><E84/><V61/><F79/><W22/><G131/><T53/><D73/><U71/><E71/><V123/><F123/><W111/><G111/><T109/><D109/><U11/><E11/><V9/><REACH who="2" step="1"/><F61/><REACH who="2" ten="323,346,156,165" step="2"/><W44/><G60/><T127/><D127/><U70/><E70/><V7/><F7/><W39/><G68/><T115/><D115/><U8/><E118/><V80/><F80/><N who="3" m="47239" /><G39/><T34/><D83/><U5/><E117/><V46/><F46/><W3/><G3/><T6/><D2/><U93/><E5/><V56/><F56/><W132/><G132/><T31/><D1/><U75/><E75/><V89/><AGARI ba="1,1" hai="4,9,14,36,38,74,77,82,86,89,92,98,100,104" machi="89" ten="30,12000,1" yaku="1,1,0,1,24,2,53,1" doraHai="55" doraHaiUra="88" who="2" fromWho="2" sc="323,-41,346,-41,156,133,165,-41" /><INIT seed="2,2,0,2,2,82" ten="282,305,289,124" oya="2" hai0="31,56,106,109,128,123,53,87,61,103,125,14,26" hai1="83,85,51,38,40,11,18,90,5,54,44,131,84" hai2="55,6,96,42,111,68,45,110,24,99,94,93,116" hai3="48,89,135,86,98,12,41,76,39,66,58,97,108"/><V57/><F68/><W79/><G39/><T49/><D123/><U20/><E131/><V124/><F6/><W120/><G120/><T80/><D128/><U67/><E67/><V71/><F71/><W10/><G108/><N who="2" m="41513" /><F124/><W121/><G121/><T100/><D125/><U115/><E115/><V25/><F116/><W74/><G74/><T35/><D109/><U104/><E104/><V65/><F65/><W59/><G135/><T114/><D114/><U33/><E33/><V122/><F122/><W132/><G132/><T102/><D14/><N who="1" m="5487" /><E38/><N who="2" m="21719" /><F94/><W72/><G72/><T70/><D70/><U91/><E40/><V52/><F55/><W101/><G66/><T1/><D1/><U107/><E107/><V77/><F77/><N who="3" m="29771" /><G41/><T92/><D92/><U37/><E37/><V64/><F64/><W117/><G117/><T29/><D106/><U113/><E113/><V112/><F112/><W46/><G101/><T36/><D36/><U9/><E83/><V69/><F69/><W78/><N who="3" m="29779" /><W16/><DORA hai="0" /><G46/><T27/><D102/><U134/><E134/><V119/><F119/><W130/><G130/><T126/><D126/><U4/><E91/><N who="2" m="55359" /><F99/><N who="3" m="37899" /><G48/><AGARI ba="2,0" hai="24,25,48,52,57" m="55359,21719,41513" machi="48" ten="30,5800,0" yaku="14,1,10,1,54,1" doraHai="82,0" who="2" fromWho="3" sc="282,0,305,0,289,64,124,-64" /><INIT seed="2,3,0,1,5,4" ten="282,305,353,60" oya="2" hai0="119,118,115,39,126,109,99,90,1,48,87,81,63" hai1="78,15,120,72,6,52,31,56,26,91,67,113,9" hai2="71,23,130,28,97,66,51,38,127,21,98,125,65" hai3="116,96,83,80,100,79,32,58,114,122,57,132,30"/><V69/><F51/><W89/><G116/><T133/><D1/><U33/><E113/><V29/><REACH who="2" step="1"/><F130/><REACH who="2" ten="282,305,343,60" step="2"/><W124/><G122/><T117/><D48/><U68/><E120/><V36/><AGARI ba="3,1" hai="21,23,28,29,36,38,65,66,69,71,97,98,125,127" machi="36" ten="25,12000,1" yaku="1,1,2,1,0,1,22,2,53,0" doraHai="4" doraHaiUra="76" who="2" fromWho="2" sc="282,-43,305,-43,343,139,60,-43" /><INIT seed="2,4,0,3,4,117" ten="239,262,482,17" oya="2" hai0="121,103,37,58,94,133,124,134,46,132,64,93,123" hai1="128,108,62,2,74,116,12,118,76,14,107,49,89" hai2="55,119,35,60,43,50,131,6,24,73,44,135,114" hai3="32,96,68,13,57,113,99,78,91,122,115,53,34"/><V109/><F119/><W101/><G68/><T16/><D124/><U40/><E107/><V105/><F114/><N who="3" m="43531" /><G78/><T84/><D103/><U17/><E2/><V10/><F73/><W29/><G29/><T75/><D75/><U20/><E128/><V65/><F105/><W98/><G91/><N who="0" m="53479" /><D94/><U7/><E108/><V48/><F131/><W25/><G13/><T80/><D80/><U106/><E106/><V59/><F109/><W45/><G45/><T97/><D97/><N who="3" m="37481" /><G25/><T83/><D83/><U22/><E89/><V90/><F90/><W0/><G0/><T21/><D58/><U86/><E76/><V104/><F104/><N who="3" m="63551" /><G122/><N who="0" m="46603" /><D64/><U130/><E74/><V110/><F110/><W95/><G95/><T81/><D81/><U31/><E86/><V69/><F24/><W125/><G125/><T56/><D56/><U61/><E116/><V87/><F35/><W77/><G77/><T26/><D46/><U120/><E118/><V9/><F87/><W85/><G85/><T70/><D37/><U79/><E120/><V18/><F18/><W102/><G102/><T52/><D70/><U126/><E79/><V71/><F71/><W39/><G39/><T51/><D51/><AGARI ba="4,0" hai="32,34,51,53,57" m="63551,37481,43531" machi="51" ten="30,1000,0" yaku="11,1" doraHai="117" who="3" fromWho="0" sc="239,-22,262,0,482,0,17,22" /><INIT seed="3,0,0,5,3,70" ten="217,262,482,39" oya="3" hai0="100,97,105,52,44,22,130,2,51,40,82,32,115" hai1="54,26,25,106,46,1,12,33,16,98,56,111,50" hai2="74,9,36,93,59,116,65,28,102,85,24,29,135" hai3="121,88,84,34,17,83,6,8,48,117,119,3,66"/><W18/><G34/><T64/><D32/><U103/><E1/><V132/><F74/><W90/><G121/><T38/><D2/><U5/><E5/><V126/><F9/><W112/><G112/><T120/><D120/><U42/><E33/><V75/><F75/><W4/><G66/><T92/><D130/><U99/><E99/><V62/><F126/><W122/><G122/><T108/><D108/><U128/><E128/><V19/><F36/><W11/><G48/><T58/><D115/><U86/><E86/><V55/><F19/><W49/><G49/><T0/><D0/><U45/><E45/><V129/><F129/><W89/><G3/><T73/><D22/><U13/><E13/><V114/><F116/><W127/><G127/><T78/><REACH who="0" step="1"/><D64/><REACH who="0" ten="207,262,482,39" step="2"/><U21/><REACH who="1" step="1"/><E111/><REACH who="1" ten="207,252,482,39" step="2"/><V79/><F114/><W10/><G84/><T81/><D81/><U95/><E95/><AGARI ba="0,2" hai="38,40,44,51,52,58,73,78,82,92,95,97,100,105" machi="95" ten="40,8000,1" yaku="1,1,52,1,54,1,53,1" doraHai="70" doraHaiUra="68" who="0" fromWho="1" sc="207,100,252,-80,482,0,39,0" /><INIT seed="4,0,0,0,0,36" ten="307,172,482,39" oya="0" hai0="38,6,16,121,47,41,59,123,104,53,113,24,92" hai1="133,132,14,45,51,81,72,40,86,95,21,83,64" hai2="43,126,105,26,17,75,8,56,110,103,94,71,74" hai3="87,58,127,96,109,18,50,114,69,93,49,117,98"/><T48/><D113/><U119/><E119/><V130/><F105/><W128/><G69/><T31/><D104/><U20/><E64/><V29/><F71/><W4/><G117/><T84/><D6/><U66/><E66/><V135/><F110/><W57/><G109/><T15/><D31/><U12/><E95/><V88/><F103/><W107/><G107/><T85/><D24/><U112/><E112/><V76/><F76/><W118/><G118/><T22/><REACH who="0" step="1"/><D84/><REACH who="0" ten="297,172,482,39" step="2"/><U89/><E72/><V34/><F75/><W108/><G87/><T37/><D37/><U1/><E1/><V90/><F74/><W106/><G114/><T2/><D2/><U28/><E28/><V10/><F26/><W67/><G4/><T116/><D116/><U0/><E0/><V68/><F29/><W39/><G106/><T79/><D79/><U61/><E12/><V30/><F30/><W122/><G39/><T73/><D73/><U125/><E14/><V102/><F34/><W91/><G108/><T3/><D3/><U111/><E86/><V129/><F17/><W97/><G18/><T23/><D23/><U80/><E111/><V44/><F10/><W131/><G131/><T33/><D33/><U78/><E20/><V32/><F8/><W99/><G128/><T115/><D115/><U77/><E21/><V134/><F32/><W7/><G7/><T70/><D70/><U55/><E77/><V60/><F68/><W82/><G91/><AGARI ba="0,1" hai="15,16,22,38,41,47,48,53,59,85,91,92,121,123" machi="91" ten="40,18000,2" yaku="1,1,25,2,52,1,54,1,53,1" doraHai="36" doraHaiUra="54" who="0" fromWho="3" sc="297,190,172,0,482,0,39,-180" owari="487,59.0,172,-23.0,482,28.0,-141,-64.0" /></mjloggm>