<mjloggm ver="2.3"><GO type="185" lobby="0"/><UN n0="%70%61%77%61%66%75%31" n1="%6E%69%6B%6F%6C%75%30%33" n2="%4D%45%42%49%55%53" n3="" dan="19,16,16,0" rate="2393.15,2168.77,2211.87,1500.00" sx="M,M,F,C"/><TAIKYOKU oya="0"/><INIT seed="0,0,0,3,3,85" ten="350,350,350,0" oya="0" hai0="87,47,76,104,37,46,61,66,93,82,72,43,79" hai1="51,126,55,113,34,124,58,69,52,120,54,97,67" hai2="134,3,96,86,101,48,131,73,38,119,98,114,115" hai3=""/><T121/><N who="0" m="31008" /><T103/><D47/><U56/><N who="1" m="30752" /><U63/><E34/><V95/><F38/><T108/><D108/><U90/><E113/><V111/><F3/><T123/><N who="0" m="31520" /><T107/><D76/><U1/><E1/><V94/><F48/><T36/><D36/><U128/><E128/><V130/><F111/><T32/><D32/><U70/><E90/><V133/><F73/><T91/><REACH who="0" step="1"/><D103/><REACH who="0" ten="340,350,350,0" step="2"/><U41/><E97/><V0/><F101/><T109/><D109/><U77/><E77/><V129/><F129/><T105/><D105/><U64/><E41/><V135/><F135/><T132/><D132/><U68/><E51/><V50/><F50/><T42/><D42/><U117/><E117/><V53/><F119/><T78/><D78/><U74/><E74/><V83/><F98/><T106/><D106/><U44/><E44/><V35/><F96/><T75/><D75/><U49/><E49/><V71/><F131/><T65/><D65/><U102/><E102/><V112/><F130/><T88/><D88/><U116/><E116/><V45/><F134/><T127/><D127/><U2/><E2/><V60/><F133/><T99/><D99/><U92/><E126/><V81/><F0/><T59/><AGARI ba="0,1" hai="37,43,46,59,61,66,72,79,82,87,91,93,104,107" m="31520,31008" machi="59" ten="20,12000,2" yaku="1,1,5,1,0,1,7,1,52,3,53,0" doraHai="85" doraHaiUra="125" who="0" fromWho="0" sc="340,130,350,-60,350,-60,0,0" /><INIT seed="0,1,0,4,4,60" ten="470,290,290,0" oya="0" hai0="121,39,72,95,124,52,75,110,47,86,61,43,37" hai1="34,118,89,88,114,77,115,74,42,33,70,58,51" hai2="57,126,69,41,97,32,85,83,56,44,65,76,59" hai3=""/><T64/><N who="0" m="31008" /><T2/><D2/><U54/><E70/><V130/><F32/><T96/><D124/><U78/><E118/><V98/><F126/><T63/><D86/><U80/><E78/><V49/><REACH who="2" step="1"/><F130/><REACH who="2" ten="470,290,280,0" step="2"/><T134/><D134/><U129/><E129/><V66/><F66/><T48/><D110/><U55/><E34/><V3/><F3/><T84/><D84/><U73/><E33/><V131/><F131/><T45/><D37/><U103/><E74/><V120/><N who="2" m="30752" /><V122/><N who="2" m="31264" /><V53/><F53/><T127/><D127/><U111/><E111/><V67/><F67/><T91/><REACH who="0" step="1"/><D61/><AGARI ba="1,1" hai="41,44,49,56,57,59,61,65,69,76,83,85,97,98" m="31264,30752" machi="61" ten="40,8000,1" yaku="1,1,52,3,53,1" doraHai="60" doraHaiUra="36" who="2" fromWho="0" sc="470,-82,290,0,280,92,0,0" /><INIT seed="1,0,0,4,3,3" ten="388,290,372,0" oya="1" hai0="97,59,118,41,62,66,96,39,85,83,73,104,120" hai1="115,106,134,58,131,128,129,132,36,119,89,68,32" hai2="87,135,44,55,101,84,109,71,92,65,47,77,46" hai3=""/><U67/><E89/><V133/><F109/><T1/><N who="0" m="30752" /><T117/><D1/><U90/><E90/><V81/><F55/><T63/><D73/><U33/><E106/><V95/><F84/><T57/><D39/><U70/><E58/><V61/><REACH who="2" step="1"/><F101/><REACH who="2" ten="388,290,362,0" step="2"/><T91/><D41/><U127/><E119/><V103/><F103/><T100/><REACH who="0" step="1"/><D97/><REACH who="0" ten="378,290,362,0" step="2"/><U53/><E53/><AGARI ba="0,2" hai="53,57,59,62,63,66,83,85,91,96,100,104,117,118" m="30752" machi="53" ten="40,5200,0" yaku="1,1,2,1,52,1,53,0" doraHai="3" doraHaiUra="45" who="0" fromWho="1" sc="378,72,290,-52,362,0,0,0" /><INIT seed="2,0,0,1,2,123" ten="450,238,362,0" oya="2" hai0="79,2,75,61,106,131,49,33,126,90,56,117,53" hai1="42,83,87,125,99,122,108,58,34,43,59,84,133" hai2="86,64,77,38,129,130,92,62,72,124,135,73,132" hai3=""/><V120/><N who="2" m="30752" /><V101/><F38/><T40/><D117/><U119/><N who="1" m="31264" /><U111/><E119/><V95/><F62/><T46/><D106/><U39/><E34/><V118/><F64/><T96/><D79/><U65/><E125/><V80/><F118/><T78/><D78/><U55/><E133/><N who="2" m="51275" /><F124/><T128/><D126/><U41/><E39/><V121/><N who="2" m="31008" /><V67/><F67/><T85/><D75/><N who="2" m="28746" /><F101/><T66/><D33/><U57/><E65/><V63/><F63/><T50/><D2/><U1/><E1/><V60/><F60/><T127/><D127/><U3/><E3/><V52/><F52/><T91/><D50/><U44/><E55/><V93/><AGARI ba="0,0" hai="77,80,86,92,93,95,129,130" m="28746,31008,51275,30752" machi="93" ten="40,8000,1" yaku="20,1,34,2,52,2" doraHai="123" who="2" fromWho="2" sc="450,-40,238,-40,362,80,0,0" /><INIT seed="2,1,0,1,2,127" ten="410,198,442,0" oya="2" hai0="40,35,65,76,46,2,81,110,3,112,122,63,107" hai1="53,100,92,37,62,113,86,50,48,133,89,47,90" hai2="58,128,72,56,61,132,102,75,59,44,54,135,99" hai3=""/><V84/><F128/><T118/><N who="0" m="31264" /><T51/><D35/><U108/><E113/><V1/><F1/><T70/><D110/><U93/><E108/><V134/><F84/><T77/><D118/><U74/><E74/><N who="2" m="28203" /><F44/><T60/><D107/><AGARI ba="1,0" hai="54,56,58,59,61,99,102,107,132,134,135" m="28203" machi="107" ten="40,2000,0" yaku="20,1" doraHai="127" who="2" fromWho="0" sc="410,-22,198,0,442,22,0,0" /><INIT seed="2,2,0,1,1,80" ten="388,198,464,0" oya="2" hai0="72,0,110,74,86,56,65,131,37,133,113,77,53" hai1="115,104,50,119,111,95,103,130,122,60,38,51,45" hai2="75,34,82,114,120,134,66,121,32,68,125,67,128" hai3=""/><V35/><N who="2" m="30752" /><V107/><N who="2" m="31008" /><V1/><F114/><T79/><D110/><U2/><N who="1" m="31264" /><U47/><E115/><V57/><F1/><T127/><D113/><U94/><E119/><V88/><F128/><T3/><D37/><U116/><E116/><V81/><F134/><T33/><D33/><U71/><E111/><V44/><F125/><T52/><D127/><U70/><E2/><V64/><F68/><T90/><D133/><U117/><E117/><V73/><F107/><T55/><D131/><U36/><E104/><V91/><F44/><T112/><D112/><U76/><E76/><V58/><F66/><T59/><D74/><U108/><E130/><V124/><F32/><T132/><D72/><U62/><E108/><V99/><F124/><T54/><D132/><U63/><E63/><V123/><N who="2" m="31520" /><V126/><F126/><T92/><D65/><U135/><E135/><V129/><F129/><T85/><D3/><U49/><E49/><V78/><F78/><N who="0" m="29706" /><D0/><U83/><REACH who="1" step="1"/><E83/><REACH who="1" ten="388,188,464,0" step="2"/><V46/><F46/><T61/><D59/><U98/><E98/><AGARI ba="2,1" hai="34,35,57,58,64,67,73,75,81,82,88,91,98,99" m="31520,31008,30752" machi="98" ten="25,18000,2" yaku="22,2,52,3,54,1" doraHai="80" who="2" fromWho="1" sc="388,0,188,-184,464,194,0,0" /><AGARI ba="2,0" hai="52,53,54,55,56,61,85,86,90,92,98" m="29706" machi="98" ten="30,7700,0" yaku="8,1,52,2,54,1" doraHai="80" who="0" fromWho="1" sc="388,77,4,-77,658,0,0,0" owari="465,7.0,-73,-67.0,658,60.0,0,0.0" /></mjloggm>