<mjloggm ver="2.3"><GO type="169" lobby="0"/><UN n0="%61%64%6D%69%6E%32" n1="%E3%83%8F%E3%83%BC%E3%83%AD%E3%83%83%E3%83%88" n2="%6D%6D%6A%61%6E%67%6B%69" n3="%E6%98%A5%E5%9F%BC%E7%BE%8E%E7%A9%BA" dan="18,16,17,16" rate="2237.22,2071.97,2176.32,2125.74" sx="M,M,M,F"/><TAIKYOKU oya="0"/><INIT seed="0,0,0,5,1,135" ten="250,250,250,250" oya="0" hai0="67,70,4,120,114,104,121,65,15,48,95,13,92" hai1="128,33,103,80,23,122,12,45,57,125,32,22,43" hai2="110,98,107,90,109,81,124,47,77,58,72,108,41" hai3="132,117,105,62,127,53,112,19,115,0,74,17,21"/><T55/><D104/><U44/><E122/><N who="0" m="47209" /><D4/><U31/><E103/><N who="2" m="62967" /><F58/><W71/><G117/><T3/><D48/><U49/><E57/><V126/><F90/><W113/><G132/><T64/><D55/><U28/><E12/><N who="0" m="4681" /><D3/><U111/><E80/><V59/><F59/><W51/><G0/><T73/><D73/><U24/><E49/><AGARI ba="0,0" hai="41,47,49,72,77,81,108,109,110,124,126" m="62967" machi="49" ten="30,3900,0" yaku="14,1,52,2" doraHai="135" who="2" fromWho="1" sc="250,0,250,-39,250,39,250,0" /><INIT seed="1,0,0,1,0,119" ten="250,211,289,250" oya="1" hai0="125,85,57,45,117,134,105,35,52,108,12,21,86" hai1="121,59,34,120,130,43,0,6,64,76,8,116,112" hai2="32,89,38,66,95,13,31,110,28,82,63,40,98" hai3="114,123,132,60,102,81,33,129,115,97,1,83,55"/><U4/><E116/><V27/><F110/><W91/><G1/><T24/><D105/><U22/><E112/><V103/><F31/><W133/><G33/><T80/><D117/><U75/><E34/><V65/><F13/><W128/><G60/><T2/><D2/><U51/><E130/><N who="3" m="50282" /><G55/><T79/><D108/><U118/><E118/><V37/><F40/><W39/><G39/><T84/><D134/><N who="3" m="51817" /><G123/><T44/><D125/><U26/><E6/><V92/><F82/><N who="3" m="31243" /><G91/><T67/><D35/><U69/><E69/><V16/><F66/><W127/><G127/><T41/><D67/><U49/><E49/><V48/><F48/><W23/><G23/><T77/><D41/><U126/><E126/><V122/><F122/><W107/><AGARI ba="0,0" hai="97,102,107,114,115" m="31243,51817,50282" machi="107" ten="40,8000,1" yaku="19,1,20,1,34,2" doraHai="119" who="3" fromWho="3" sc="250,-20,211,-40,289,-20,250,80" /><INIT seed="2,0,0,0,0,48" ten="230,171,269,330" oya="2" hai0="112,33,16,25,32,59,3,15,80,45,65,29,95" hai1="0,93,24,50,30,69,49,6,130,124,57,100,117" hai2="132,71,17,9,11,131,44,122,113,64,109,134,18" hai3="67,43,128,123,91,84,68,28,103,88,120,97,39"/><V54/><F113/><W78/><G128/><T102/><D112/><U58/><E124/><V106/><F106/><W41/><G78/><T90/><D3/><U66/><E130/><V101/><F101/><W107/><G28/><T115/><D115/><U116/><E69/><V20/><F122/><W72/><G72/><T76/><D102/><U26/><E6/><V75/><F75/><W12/><G91/><T108/><D108/><U126/><E0/><V53/><F44/><W5/><G67/><T47/><D33/><U135/><E135/><N who="2" m="51755" /><F131/><W13/><G68/><T92/><D65/><U119/><E126/><V110/><F64/><W121/><G5/><T23/><D59/><U60/><E58/><V14/><F71/><W89/><G89/><T19/><D19/><U62/><E62/><V38/><F38/><W52/><G39/><T99/><REACH who="0" step="1"/><D95/><REACH who="0" ten="220,171,269,330" step="2"/><U85/><E26/><N who="2" m="14607" /><F9/><W35/><G121/><T133/><D133/><U83/><E100/><V42/><F42/><W105/><G103/><T129/><D129/><U104/><E104/><V114/><F114/><W63/><G43/><T96/><D96/><U27/><E93/><V31/><F31/><W56/><G105/><T87/><AGARI ba="0,1" hai="15,16,23,25,29,32,45,47,76,80,87,90,92,99" machi="87" ten="20,5200,0" yaku="1,1,0,1,7,1,54,1,53,0" doraHai="48" doraHaiUra="127" who="0" fromWho="0" sc="220,62,171,-13,269,-26,330,-13" /><INIT seed="3,0,0,4,5,32" ten="282,158,243,317" oya="3" hai0="104,8,18,25,61,21,27,92,120,67,24,84,102" hai1="91,35,85,124,10,13,23,108,42,4,33,15,113" hai2="112,62,2,6,99,45,130,56,98,46,43,34,106" hai3="49,14,37,127,132,81,80,131,64,50,30,129,41"/><W135/><G64/><T68/><D120/><U36/><E108/><V95/><F130/><N who="3" m="49675" /><G30/><T77/><D104/><U48/><E124/><V3/><F6/><W38/><G14/><T53/><D77/><U82/><E113/><V16/><F34/><W20/><G20/><T63/><D8/><U93/><E36/><N who="3" m="13930" /><G41/><T40/><D40/><U116/><E116/><V1/><F112/><W70/><G70/><T71/><D71/><U22/><E22/><V51/><F46/><W76/><G76/><T134/><D134/><N who="3" m="51241" /><G127/><T115/><D115/><U58/><E23/><V57/><F16/><W94/><G94/><T44/><D67/><U123/><E15/><V105/><F56/><W79/><G79/><T74/><D68/><U97/><E123/><V111/><F111/><W73/><G73/><T52/><D74/><U125/><E125/><V126/><F126/><W65/><G65/><T128/><D128/><U133/><E133/><V114/><F114/><W78/><G78/><T117/><D18/><U0/><E13/><V19/><F19/><W69/><G69/><T17/><D17/><U54/><REACH who="1" step="1"/><E42/><REACH who="1" ten="282,148,243,317" step="2"/><V100/><REACH who="2" step="1"/><F99/><REACH who="2" ten="282,148,233,317" step="2"/><W12/><G12/><T66/><D25/><U9/><E9/><V11/><F11/><W5/><G5/><T96/><D27/><U29/><E29/><V72/><F72/><W83/><AGARI ba="0,2" hai="49,50,80,81,83" m="51241,13930,49675" machi="83" ten="40,12000,1" yaku="28,2,19,1,20,1" doraHai="32" who="3" fromWho="3" sc="282,-40,148,-40,233,-40,317,140" /><INIT seed="3,1,0,2,0,57" ten="242,108,193,457" oya="3" hai0="110,98,50,132,40,78,0,72,131,111,133,94,15" hai1="37,84,96,22,62,6,116,17,30,28,26,92,35" hai2="1,48,51,73,68,34,86,69,9,130,95,47,75" hai3="18,126,135,63,49,90,55,122,82,119,65,43,13"/><W89/><G119/><T121/><D0/><U23/><E116/><V91/><F130/><W36/><G135/><N who="0" m="51787" /><D121/><U27/><E37/><V33/><F1/><W102/><G126/><T83/><D15/><U12/><E6/><V87/><F9/><W61/><G102/><N who="0" m="60759" /><D40/><U117/><E117/><V66/><F95/><W103/><G103/><T54/><D131/><U129/><E129/><V29/><F29/><W114/><G114/><T125/><D125/><U124/><E124/><V108/><F66/><W45/><G122/><T19/><D19/><U97/><E92/><V105/><F47/><AGARI ba="1,0" hai="47,50,54,72,78,83,110,111" m="60759,51787" machi="47" ten="30,1000,0" yaku="20,1" doraHai="57" who="0" fromWho="2" sc="242,13,108,0,193,-13,457,0" /><INIT seed="4,0,0,3,2,31" ten="255,108,180,457" oya="0" hai0="135,42,49,123,93,23,41,61,50,7,119,118,73" hai1="77,56,131,6,132,109,58,103,114,30,1,107,52" hai2="85,96,121,19,22,71,9,72,128,26,65,38,130" hai3="113,115,88,48,76,127,117,86,108,95,66,102,63"/><T125/><D123/><U75/><E109/><V99/><F121/><W133/><G108/><T104/><D104/><U57/><E132/><V105/><F72/><W80/><G117/><T59/><D73/><U51/><E131/><V46/><F85/><W25/><G127/><T74/><D74/><U67/><E30/><V124/><F124/><W32/><G102/><T62/><D125/><U101/><E114/><V12/><F65/><W122/><G48/><T37/><D7/><U129/><E129/><V78/><F78/><W20/><G32/><T54/><D93/><U3/><E107/><V53/><F71/><W68/><G133/><T28/><D23/><U126/><E126/><V100/><F99/><W11/><G11/><T18/><D18/><U106/><E106/><V10/><F10/><W36/><G36/><T47/><D28/><U39/><E39/><V4/><REACH who="2" step="1"/><F53/><REACH who="2" ten="255,108,170,457" step="2"/><W82/><G122/><T44/><D135/><U21/><E67/><V116/><F116/><AGARI ba="0,1" hai="37,41,42,44,47,49,50,54,59,61,62,116,118,119" machi="116" ten="40,7700,0" yaku="34,3" doraHai="31" who="0" fromWho="2" sc="255,87,108,0,170,-77,457,0" /><INIT seed="4,1,0,1,5,97" ten="342,108,93,457" oya="0" hai0="3,52,29,22,56,23,24,112,118,8,70,72,54" hai1="17,55,34,25,91,69,76,1,58,38,127,82,95" hai2="60,86,33,87,102,128,126,42,18,125,124,71,66" hai3="10,47,51,2,109,107,98,28,83,105,12,39,79"/><T41/><D72/><U117/><E117/><V122/><F122/><W46/><G109/><T129/><D70/><U75/><E69/><V7/><F128/><W103/><G28/><T96/><D118/><U14/><E127/><V90/><F33/><W57/><G2/><T36/><D112/><U120/><E120/><V40/><F7/><W35/><G35/><T78/><D78/><U113/><E38/><V132/><F132/><W49/><G39/><T67/><D129/><U80/><E80/><V85/><F90/><W92/><G57/><T119/><D119/><U93/><E1/><V88/><F88/><W20/><G20/><T108/><D108/><U99/><E95/><V63/><F63/><W89/><G49/><T6/><D96/><U21/><E113/><V15/><REACH who="2" step="1"/><F102/><REACH who="2" ten="342,108,83,457" step="2"/><W106/><G89/><T4/><D4/><U68/><E34/><V59/><F59/><W44/><G51/><T50/><D36/><U101/><E68/><V116/><F116/><W123/><G123/><T16/><D50/><U45/><E45/><V9/><AGARI ba="1,1" hai="9,15,18,40,42,60,66,71,85,86,87,124,125,126" machi="9" ten="40,8000,1" yaku="1,1,0,1,18,1,53,1" doraHai="97" doraHaiUra="62" who="2" fromWho="2" sc="342,-41,108,-21,83,93,457,-21" /><INIT seed="5,0,0,1,2,129" ten="301,87,176,436" oya="1" hai0="7,35,130,73,59,15,107,92,96,0,34,109,134" hai1="13,4,84,17,113,8,14,47,11,58,112,50,100" hai2="53,131,24,123,71,115,75,118,40,99,30,97,36" hai3="117,32,95,120,27,54,132,44,65,19,41,46,77"/><U82/><E100/><V1/><F53/><W80/><G65/><T81/><D109/><U128/><E58/><V31/><F40/><W37/><G120/><T22/><D107/><U29/><E29/><V18/><F36/><W127/><G95/><T86/><D73/><U62/><E62/><V5/><F131/><W61/><G127/><T116/><D0/><U105/><E105/><V6/><F71/><W114/><G114/><T52/><D130/><U122/><E122/><V23/><F75/><W38/><G117/><T16/><D116/><U66/><E66/><V83/><F118/><W98/><G98/><T102/><D134/><U79/><REACH who="1" step="1"/><E128/><REACH who="1" ten="301,77,176,436" step="2"/><V135/><F123/><W121/><G61/><T55/><D59/><U126/><E126/><V106/><F106/><W91/><G121/><T64/><D64/><U2/><E2/><V74/><F1/><W70/><G70/><T21/><D102/><U56/><E56/><V119/><F31/><W26/><G46/><T10/><D34/><U124/><E124/><V108/><F30/><W20/><G32/><T28/><D35/><U49/><E49/><V63/><F63/><W68/><G68/><T25/><D28/><U103/><E103/><V43/><F119/><W39/><G44/><T93/><D96/><U3/><E3/><V48/><F99/><W42/><G38/><T85/><D25/><U72/><E72/><V45/><F97/><W78/><G27/><T111/><D15/><U104/><E104/><V88/><F74/><W12/><G26/><T9/><D111/><U125/><E125/><V76/><F108/><RYUUKYOKU ba="0,1" sc="301,-10,77,30,176,-10,436,-10" hai1="4,8,11,13,14,17,47,50,79,82,84,112,113" /><INIT seed="5,1,1,3,4,135" ten="291,107,166,426" oya="1" hai0="67,44,55,46,3,64,47,20,57,108,84,53,119" hai1="27,133,134,38,77,110,36,42,18,99,98,39,68" hai2="82,80,16,122,49,74,48,116,13,34,130,52,123" hai3="91,94,29,115,76,101,69,127,24,126,121,32,31"/><U114/><E114/><V43/><F116/><W62/><G121/><T19/><D3/><U92/><E110/><V9/><F130/><W61/><G115/><T37/><D119/><U89/><E68/><V125/><F34/><W113/><G113/><T28/><D37/><U90/><E77/><V15/><F74/><W72/><G31/><T17/><D53/><U70/><E70/><V111/><F111/><W112/><G101/><T117/><D117/><U30/><E18/><V25/><F25/><W23/><G23/><T73/><D73/><U71/><E71/><V8/><F43/><W106/><G106/><T96/><D96/><N who="1" m="36907" /><E42/><V51/><F52/><W105/><G105/><T81/><D28/><U6/><E6/><V103/><F103/><W66/><G112/><T21/><D19/><U58/><E58/><V33/><F33/><W132/><G76/><N who="0" m="46119" /><D108/><U95/><E27/><V124/><F49/><W26/><G72/><T104/><D104/><U100/><E30/><V86/><F16/><W59/><G26/><N who="0" m="14607" /><D21/><U85/><E100/><V1/><F1/><W87/><REACH who="3" step="1"/><G132/><REACH who="3" ten="291,107,166,416" step="2"/><N who="1" m="50794" /><E85/><AGARI ba="1,2" hai="8,9,13,15,48,51,80,82,85,86,122,123,124,125" machi="85" ten="25,6400,0" yaku="22,2,52,2" doraHai="135" who="2" fromWho="1" sc="291,0,107,-67,166,87,416,0" /><INIT seed="6,0,0,3,4,119" ten="291,40,253,416" oya="2" hai0="19,1,101,30,124,77,121,62,22,112,43,52,54" hai1="48,69,17,95,46,134,71,78,35,108,18,56,117" hai2="96,90,104,120,29,8,34,42,109,110,122,80,76" hai3="59,20,60,81,133,55,116,123,75,102,129,126,70"/><V21/><F34/><W16/><G133/><T5/><D121/><N who="2" m="46698" /><F42/><W107/><G129/><T100/><D30/><U40/><E108/><N who="2" m="41579" /><F8/><W103/><G123/><T83/><D112/><U73/><E134/><V113/><F113/><W39/><G126/><T79/><D124/><U23/><E117/><V28/><F21/><W89/><G116/><T51/><D43/><U88/><E35/><V68/><F68/><W85/><G39/><T6/><D1/><U106/><E106/><V66/><F66/><W31/><G107/><T44/><D5/><U7/><E7/><V111/><F111/><W93/><G31/><T130/><D130/><U86/><E56/><V3/><F3/><W92/><G70/><T135/><D6/><U118/><E118/><V4/><F4/><W47/><G47/><T132/><D132/><U82/><REACH who="1" step="1"/><E18/><REACH who="1" ten="291,30,253,416" step="2"/><V61/><F104/><W97/><G75/><T125/><D135/><U98/><E98/><V65/><F96/><N who="3" m="59655" /><G20/><T15/><D125/><U27/><AGARI ba="0,1" hai="17,23,27,40,46,48,69,71,73,78,82,86,88,95" machi="27" ten="20,8000,1" yaku="1,1,0,1,7,1,54,1,53,1" doraHai="119" doraHaiUra="105" who="1" fromWho="1" sc="291,-20,30,90,253,-40,416,-20" /><INIT seed="7,0,0,4,3,116" ten="271,120,213,396" oya="3" hai0="124,58,61,34,65,75,21,85,6,108,23,126,7" hai1="66,134,89,128,119,49,69,77,14,117,38,97,109" hai2="13,83,5,115,105,4,129,67,88,125,47,19,35" hai3="70,25,118,62,41,2,29,59,37,52,98,30,68"/><W53/><G2/><T26/><D108/><U1/><E134/><V113/><F125/><N who="0" m="48234" /><D75/><U80/><E128/><V11/><F105/><W131/><G53/><T51/><D85/><U32/><E32/><V43/><F35/><W92/><G30/><N who="0" m="19799" /><D51/><U39/><E1/><V60/><F129/><W132/><G132/><T91/><D91/><U135/><E135/><V72/><F72/><W17/><G41/><T94/><D94/><U44/><E109/><V81/><F81/><W12/><G37/><T130/><D130/><U54/><E38/><V64/><F64/><W16/><G131/><T133/><D133/><U0/><E39/><V121/><F83/><W99/><G70/><T95/><D95/><U74/><E0/><V45/><F88/><W3/><G68/><T123/><D123/><U63/><E119/><V127/><F121/><W112/><G92/><T104/><D104/><U50/><E117/><V56/><F45/><W110/><G110/><T78/><D78/><U82/><E74/><V93/><F93/><W90/><G90/><T103/><D103/><U102/><E69/><N who="2" m="42215" /><F47/><W9/><G118/><T24/><D23/><U33/><E14/><V114/><F13/><W87/><G87/><T71/><D71/><U96/><E33/><V111/><F127/><W106/><G106/><T27/><D27/><U107/><E96/><V120/><F113/><W122/><G112/><T28/><AGARI ba="0,0" hai="6,7,21,24,28,58,61,65" m="19799,48234" machi="28" ten="30,1100,0" yaku="18,1" doraHai="116" who="0" fromWho="0" sc="271,11,120,-3,213,-3,396,-5" owari="282,8.0,117,-38.0,210,-19.0,391,49.0" /></mjloggm>