<mjloggm ver="2.3"><GO type="169" lobby="0"/><UN n0="%E3%81%AA%E3%82%8B%E3%81%9B%E3%81%A7%E3%81%99" n1="%E3%82%AD%E3%83%AA%E3%83%8E%40%E6%84%9B" n2="%E3%83%A2%E3%83%B3%E3%82%B9%E3%82%BF%E3%83%BC%EF%BC%95" n3="%79%6A%2D%63%68%65%6B%69" dan="16,16,16,16" rate="2144.93,2050.47,2108.74,2060.67" sx="M,F,M,M"/><TAIKYOKU oya="0"/><INIT seed="0,0,0,4,0,114" ten="250,250,250,250" oya="0" hai0="46,71,27,9,124,80,60,116,32,74,49,57,66" hai1="88,16,47,94,43,90,132,3,78,40,12,96,63" hai2="70,33,58,22,101,30,107,118,97,41,125,64,106" hai3="28,128,117,68,8,26,83,127,121,73,104,14,100"/><T115/><D115/><U69/><E3/><V113/><F113/><W21/><G127/><T6/><D124/><U89/><E78/><V52/><F125/><W82/><G128/><T75/><D116/><U51/><E132/><V93/><F41/><W91/><G68/><T84/><D71/><U108/><E108/><V45/><F33/><W119/><G104/><T92/><D92/><U123/><E123/><V77/><F77/><W87/><G100/><T131/><D131/><U31/><E31/><V133/><F133/><W98/><G98/><T110/><D110/><U44/><E63/><N who="2" m="38007" /><F70/><W39/><G39/><T81/><D27/><U20/><REACH who="1" step="1"/><E69/><REACH who="1" ten="250,240,250,250" step="2"/><V4/><F30/><W34/><G121/><T23/><D60/><U134/><E134/><V120/><F120/><W79/><REACH who="3" step="1"/><G34/><REACH who="3" ten="250,240,250,240" step="2"/><T72/><D32/><U18/><E18/><AGARI ba="0,2" hai="8,14,18,21,26,28,73,79,82,83,87,91,117,119" machi="18" ten="30,8000,1" yaku="1,1,2,1,7,1,52,2,53,0" doraHai="114" doraHaiUra="102" who="3" fromWho="1" sc="250,0,240,-80,250,0,240,100" /><INIT seed="1,0,0,1,3,54" ten="250,160,250,340" oya="1" hai0="92,47,5,65,49,2,8,29,97,85,93,45,81" hai1="14,18,70,40,6,115,69,10,22,108,87,103,1" hai2="43,58,74,33,119,15,127,48,122,104,55,101,124" hai3="41,94,98,135,28,113,52,132,121,59,53,11,19"/><U84/><E115/><V31/><F74/><W9/><G121/><T68/><D29/><U105/><E40/><V117/><F122/><W96/><G41/><T118/><D118/><U44/><E44/><V13/><F104/><W133/><G28/><T57/><D68/><U91/><E84/><V34/><F101/><W110/><G110/><T30/><D30/><U56/><E108/><V125/><F43/><W106/><G53/><T27/><D27/><U75/><E75/><V23/><F31/><W109/><G109/><T16/><D16/><U78/><E78/><V24/><F24/><W25/><G106/><T64/><D64/><U51/><E103/><V83/><F83/><W72/><G72/><T129/><D129/><U20/><E20/><V60/><F23/><N who="3" m="13567" /><G98/><T12/><D2/><U66/><E105/><V120/><F120/><W130/><G130/><T80/><D80/><U89/><E89/><V37/><F37/><W102/><G113/><T126/><D126/><U88/><E91/><V38/><F38/><W100/><G100/><N who="0" m="60455" /><D93/><N who="1" m="54431" /><E66/><N who="2" m="39191" /><F119/><W111/><G111/><T131/><D131/><U90/><E90/><V76/><F76/><W39/><G39/><T99/><D99/><U26/><E26/><V32/><F117/><W3/><G3/><T112/><D112/><U7/><E7/><V62/><F34/><W50/><AGARI ba="0,0" hai="9,11,50,52,59,94,96,102,132,133,135" m="13567" machi="50" ten="30,4000,0" yaku="20,1,52,1,54,1" doraHai="54" who="3" fromWho="3" sc="250,-10,160,-20,250,-10,340,40" /><INIT seed="2,0,0,1,3,19" ten="240,140,240,380" oya="2" hai0="22,105,114,71,67,30,112,113,68,103,12,65,108" hai1="31,32,1,46,78,37,79,83,24,133,119,88,75" hai2="125,130,3,109,77,48,129,16,95,64,80,74,86" hai3="29,5,35,51,87,45,106,118,54,8,40,120,81"/><V55/><F3/><W91/><G106/><T84/><D108/><U56/><E119/><V115/><F115/><W13/><G120/><T44/><D105/><U20/><E133/><V98/><F64/><W116/><G29/><T94/><D67/><U2/><E78/><V132/><F132/><W104/><G35/><T123/><D123/><U53/><E32/><V127/><F109/><W117/><G104/><T23/><D65/><U72/><E72/><V36/><F36/><W96/><G96/><T0/><D0/><U69/><E69/><V89/><F98/><W135/><G135/><T14/><D44/><U62/><E37/><V73/><F73/><W43/><AGARI ba="0,0" hai="5,8,13,40,43,45,51,54,81,87,91,116,117,118" machi="43" ten="40,1500,0" yaku="0,1" doraHai="19" who="3" fromWho="3" sc="240,-4,140,-4,240,-7,380,15" /><INIT seed="3,0,0,0,3,94" ten="236,136,233,395" oya="3" hai0="37,42,120,116,131,16,91,45,50,95,133,19,117" hai1="4,80,68,64,60,112,128,107,102,96,121,56,65" hai2="93,115,97,111,24,55,40,106,98,130,122,74,72" hai3="17,108,67,1,86,38,21,110,48,75,124,59,9"/><W85/><G75/><T114/><D120/><U87/><E121/><V66/><F115/><W125/><G38/><T15/><D114/><U44/><E112/><V83/><F122/><W99/><G1/><T22/><D133/><U2/><E128/><V88/><F130/><W51/><G9/><T126/><D131/><U18/><E44/><V100/><F40/><W32/><G32/><T54/><D126/><U36/><E36/><V79/><F66/><W70/><G70/><T82/><D82/><U30/><E30/><V135/><F24/><W12/><G67/><T39/><D19/><U113/><E113/><V119/><F55/><W77/><G77/><T25/><D25/><U89/><E18/><V11/><F11/><W81/><G81/><T26/><D26/><U57/><REACH who="1" step="1"/><E65/><REACH who="1" ten="236,126,233,395" step="2"/><V132/><F119/><W20/><G17/><T34/><D39/><U7/><E7/><V41/><F41/><W103/><G12/><T49/><D37/><U63/><E63/><V28/><F28/><W61/><G61/><T69/><D34/><U8/><AGARI ba="0,1" hai="2,4,8,56,57,60,64,68,80,87,89,96,102,107" machi="8" ten="30,4000,0" yaku="1,1,0,1,52,1,53,0" doraHai="94" doraHaiUra="31" who="1" fromWho="1" sc="236,-10,126,50,233,-10,395,-20" /><INIT seed="4,0,0,3,3,72" ten="226,176,223,375" oya="0" hai0="58,88,133,62,43,63,49,13,69,68,70,87,48" hai1="28,30,14,129,118,35,125,123,50,99,78,122,74" hai2="94,21,26,81,101,29,40,106,45,82,90,0,20" hai3="36,110,55,52,46,104,6,113,114,34,109,7,100"/><T25/><D133/><U112/><E118/><V8/><F106/><W51/><G34/><T15/><D25/><U79/><E74/><V61/><F101/><W75/><G75/><T32/><D32/><U84/><E35/><V27/><F0/><W92/><G104/><T67/><D63/><U117/><E117/><V60/><F8/><W121/><G36/><T31/><D31/><U9/><E99/><V102/><F102/><W76/><G121/><T22/><D43/><U85/><E50/><N who="2" m="26919" /><F61/><W108/><G76/><N who="1" m="29226" /><E9/><V42/><F60/><W11/><G55/><T47/><D22/><U126/><E14/><V89/><F42/><W33/><G33/><T98/><D98/><U83/><E83/><N who="2" m="31755" /><F94/><W19/><G19/><AGARI ba="0,0" hai="19,20,21,26,27,29,89,90" m="31755,26919" machi="19" ten="30,1000,0" yaku="8,1" doraHai="72" who="2" fromWho="3" sc="226,0,176,0,223,10,375,-10" /><INIT seed="5,0,0,4,2,50" ten="226,176,233,365" oya="1" hai0="54,72,30,99,40,79,88,101,116,7,120,83,82" hai1="122,78,26,131,84,62,29,24,97,56,90,108,37" hai2="103,43,130,35,86,110,69,73,115,74,127,106,123" hai3="125,96,77,80,61,126,94,21,48,114,20,36,67"/><U49/><E37/><V60/><RYUUKYOKU type="yao9" ba="0,0" sc="226,0,176,0,233,0,365,0" hai2="35,43,60,69,73,74,86,103,106,110,115,123,127,130" /><INIT seed="5,1,0,5,3,100" ten="226,176,233,365" oya="1" hai0="39,115,123,63,72,0,48,15,55,90,52,30,70" hai1="5,41,3,76,99,34,83,49,98,104,61,57,8" hai2="51,109,27,66,29,105,36,106,102,42,64,132,74" hai3="7,81,111,9,77,21,40,60,84,71,91,67,28"/><U93/><E34/><V43/><F109/><W128/><G128/><T89/><D0/><U108/><E108/><V1/><F1/><W69/><G111/><T110/><D110/><U13/><E3/><V58/><F74/><W78/><G71/><T82/><D39/><U47/><E93/><V85/><F36/><W37/><G37/><T44/><D123/><U17/><E17/><V101/><F132/><W22/><G40/><T97/><D30/><U2/><E2/><V94/><F29/><W131/><G131/><T54/><D115/><U79/><E104/><V23/><F94/><W129/><G28/><T33/><D33/><U14/><E14/><V56/><F51/><W114/><G114/><T133/><D133/><U86/><E76/><V19/><F85/><W127/><G127/><T75/><D75/><U12/><E12/><V107/><F106/><W50/><G50/><T4/><D72/><U68/><E68/><V6/><F19/><W96/><G129/><T11/><D63/><U119/><E119/><V88/><F23/><W45/><G45/><T130/><D70/><U121/><E121/><V32/><F27/><W31/><G31/><T25/><D25/><U125/><E125/><V26/><F26/><W112/><G112/><T62/><D62/><U10/><E8/><V20/><F20/><N who="3" m="7787" /><G96/><T35/><D35/><U18/><E18/><V38/><F38/><W124/><G124/><T117/><D117/><U24/><E24/><V134/><F134/><W120/><G120/><T73/><D130/><U65/><AGARI ba="1,0" hai="5,10,13,41,47,49,57,61,65,79,83,86,98,99" machi="65" ten="20,12000,1" yaku="0,1,7,1,25,2,8,1" doraHai="100" who="1" fromWho="1" sc="226,-41,176,123,233,-41,365,-41" /><INIT seed="5,2,0,3,0,5" ten="185,299,192,324" oya="1" hai0="11,65,54,99,109,84,39,27,58,133,119,85,50" hai1="100,31,22,132,25,41,64,16,79,28,113,24,52" hai2="18,69,114,29,94,87,59,104,121,66,108,73,10" hai3="107,71,98,80,4,122,95,7,63,15,68,74,3"/><U33/><E113/><V12/><F121/><W76/><G107/><T130/><D39/><U48/><E100/><V90/><F104/><W8/><G122/><T97/><D119/><U45/><E132/><V30/><F69/><W1/><G7/><T23/><D133/><U55/><E64/><V124/><F73/><W131/><G131/><T134/><D134/><U101/><E101/><V89/><F108/><W60/><G60/><N who="0" m="38039" /><D109/><U75/><E75/><V56/><F114/><W91/><REACH who="3" step="1"/><G63/><REACH who="3" ten="185,299,192,314" step="2"/><T57/><D130/><U14/><REACH who="1" step="1"/><E79/><REACH who="1" ten="185,289,192,314" step="2"/><V17/><F66/><W32/><G32/><AGARI ba="2,2" hai="14,16,22,24,25,28,31,32,33,41,45,48,52,55" machi="32" ten="30,18000,2" yaku="1,1,2,1,7,1,9,1,54,2,53,1" doraHai="5" doraHaiUra="47" who="1" fromWho="3" sc="185,0,289,206,192,0,314,-186" /><INIT seed="5,3,0,2,2,22" ten="185,495,192,128" oya="1" hai0="60,38,56,23,86,108,69,119,97,101,104,85,122" hai1="3,36,67,92,133,13,91,100,39,54,0,41,16" hai2="121,113,4,64,115,111,1,80,17,118,130,110,58" hai3="5,128,135,134,83,61,8,50,63,2,24,15,126"/><U78/><E78/><V27/><F80/><W103/><G103/><T31/><D122/><U46/><E100/><V93/><F93/><W34/><G50/><T37/><D119/><U7/><E67/><V29/><F64/><W114/><G83/><T21/><D69/><U107/><E107/><V94/><F94/><W90/><G90/><T44/><D108/><U65/><E65/><V35/><F58/><W62/><G114/><N who="2" m="43529" /><F121/><W33/><G126/><T32/><D32/><U18/><E36/><V47/><F118/><W129/><G2/><T30/><D44/><U49/><E133/><N who="3" m="50698" /><G34/><T14/><D101/><U12/><E7/><V82/><F82/><W125/><G125/><T28/><D104/><U76/><E76/><V112/><F112/><W116/><G116/><T6/><D97/><U26/><E39/><V75/><F75/><W79/><G79/><T105/><D105/><U96/><E41/><V127/><F127/><W95/><G95/><T109/><D109/><N who="2" m="41482" /><F47/><W40/><G40/><T132/><D132/><U51/><E51/><V43/><F43/><W73/><G73/><T10/><D37/><U66/><E66/><V59/><F59/><W123/><G123/><T117/><D38/><U77/><E77/><V20/><F1/><W88/><G88/><T9/><D117/><U68/><E0/><V72/><F72/><W45/><G45/><T48/><D60/><N who="3" m="15361" /><W84/><DORA hai="70" /><G84/><N who="0" m="32363" /><D56/><U42/><E68/><V71/><F71/><W89/><G89/><T74/><D48/><U53/><E3/><V131/><F4/><W19/><G5/><N who="0" m="3375" /><D74/><U11/><E12/><AGARI ba="3,0" hai="12,17,20,27,29,35,130,131" m="41482,43529" machi="12" ten="30,12000,2" yaku="6,1,15,1,11,1,34,2,52,1" doraHai="22,70" who="2" fromWho="1" sc="185,0,495,-129,192,129,128,0" /><AGARI ba="3,0" hai="6,10,12,21,23,28,30,31" m="3375,32363" machi="12" ten="30,2000,0" yaku="6,1,8,1" doraHai="22,70" who="0" fromWho="1" sc="185,20,366,-20,321,0,128,0" /><INIT seed="6,0,0,2,1,32" ten="205,346,321,128" oya="2" hai0="47,54,31,111,17,128,35,20,23,78,40,37,132" hai1="72,3,5,124,75,90,69,8,36,84,73,12,107" hai2="131,81,86,59,79,91,118,26,19,21,123,61,109" hai3="71,99,43,38,92,74,4,96,51,82,94,27,85"/><V16/><F123/><W88/><G71/><T89/><D111/><U7/><E36/><V1/><F118/><W44/><G38/><T125/><D132/><U62/><E107/><V129/><F109/><W0/><G27/><T93/><D128/><N who="2" m="49226" /><F1/><W13/><G74/><T18/><D125/><U121/><E124/><V98/><F98/><W133/><G133/><T104/><D104/><U95/><E121/><V70/><F70/><W58/><G58/><T108/><D108/><U42/><E42/><V60/><F79/><W2/><G13/><T115/><D115/><U113/><E113/><V101/><F101/><W24/><G24/><T110/><D110/><U22/><E5/><V130/><F130/><W41/><G4/><T9/><D78/><U46/><E46/><V49/><F19/><W48/><G48/><T45/><D18/><U50/><E50/><V122/><F122/><W120/><G41/><T102/><D102/><U83/><E22/><V66/><F49/><W100/><G120/><T11/><D23/><U57/><E69/><V68/><F68/><W112/><G112/><T25/><D47/><U39/><E39/><V55/><F61/><W87/><G87/><T33/><D33/><U116/><E116/><V67/><AGARI ba="0,0" hai="16,21,26,55,59,60,66,67,81,86,91" m="49226" machi="67" ten="30,3000,0" yaku="19,1,54,1" doraHai="32" who="2" fromWho="2" sc="205,-10,346,-10,321,30,128,-10" /><INIT seed="6,1,0,4,5,54" ten="195,336,351,118" oya="2" hai0="77,20,2,78,25,128,4,85,53,129,101,51,28" hai1="113,11,16,111,60,73,34,92,61,76,3,72,8" hai2="69,119,87,80,12,18,62,32,38,36,120,90,30" hai3="79,93,134,52,95,118,22,10,65,64,23,114,40"/><V70/><F119/><W102/><G118/><T67/><D101/><U127/><E111/><V103/><F120/><W49/><G134/><T43/><D43/><U109/><E109/><V133/><F133/><W104/><G114/><T86/><D67/><U35/><E113/><V123/><F123/><W98/><G79/><N who="0" m="30219" /><D4/><U125/><E92/><V31/><F103/><W105/><G40/><T99/><D99/><U57/><E76/><V96/><F96/><W124/><G124/><N who="1" m="47690" /><E61/><V33/><F69/><W97/><G10/><T135/><D2/><U71/><E71/><V130/><F38/><W94/><G104/><T59/><D135/><U66/><E8/><V19/><F36/><W88/><G65/><T42/><D42/><U84/><E84/><V29/><F70/><W1/><G64/><T63/><D63/><U74/><E3/><V112/><F62/><W110/><G1/><T27/><D27/><U17/><E11/><V68/><F68/><W107/><G110/><T106/><D106/><U7/><E7/><V82/><F112/><W115/><G115/><T9/><D9/><U75/><N who="1" m="18432" /><DORA hai="24" /><U37/><E37/><V41/><F41/><W131/><G131/><AGARI ba="1,0" hai="20,25,28,51,53,59,85,86,128,129,131" m="30219" machi="131" ten="30,3900,0" yaku="19,1,52,2" doraHai="54,24" who="0" fromWho="3" sc="195,42,336,0,351,0,118,-42" /><INIT seed="7,0,0,4,2,85" ten="237,336,351,76" oya="3" hai0="100,72,55,93,64,91,37,35,68,132,36,8,71" hai1="14,6,1,46,30,97,39,116,69,47,120,15,87" hai2="105,78,58,122,10,135,86,80,79,41,77,119,43" hai3="27,34,88,112,125,114,26,12,38,128,22,54,45"/><W89/><G125/><T124/><D124/><U84/><E120/><V59/><F105/><W95/><G128/><T70/><D35/><U61/><E1/><V126/><F126/><W24/><G34/><T16/><D72/><U28/><E116/><V75/><F75/><W82/><G82/><T40/><D64/><U67/><E97/><V117/><F122/><W60/><G95/><T62/><D100/><U19/><E6/><V29/><F29/><W52/><G38/><T107/><D107/><U49/><E39/><V110/><F110/><W23/><G12/><T109/><D109/><U20/><E14/><V18/><F135/><W7/><G7/><T63/><D40/><N who="2" m="15434" /><F119/><W13/><G13/><T53/><D132/><U106/><E106/><V56/><F117/><W115/><G60/><T102/><D102/><U133/><E133/><V21/><F10/><W11/><G11/><T32/><D32/><U25/><E30/><V113/><F113/><W130/><G130/><T9/><D70/><U2/><E2/><V81/><F81/><W76/><G76/><T44/><D93/><U123/><E123/><V4/><F4/><W5/><G5/><T98/><D98/><U3/><E3/><V65/><F65/><W94/><G94/><T66/><D66/><U108/><E108/><V42/><F42/><W111/><G111/><T90/><D44/><N who="1" m="16939" /><E49/><V134/><F134/><W121/><G121/><T104/><D104/><U17/><E28/><V31/><F31/><W101/><G101/><T99/><D99/><U51/><E51/><V127/><F127/><W33/><G33/><RYUUKYOKU ba="0,0" sc="237,10,336,10,351,10,76,-30" hai0="8,9,16,36,37,53,55,62,63,68,71,90,91" hai1="15,17,19,20,25,61,67,69,84,87" hai2="18,21,56,58,59,77,78,79,80,86" owari="247,-15.0,346,15.0,361,45.0,46,-45.0" /></mjloggm>