<mjloggm ver="2.3"><GO type="185" lobby="0"/><UN n0="%4B%65%6E%74%4B%65%6E%74" n1="%E7%9C%81%E5%AE%9F" n2="%E9%BE%8D%E9%A6%AC%E3%81%AE%E5%B0%8F%E5%80%89" n3="" dan="17,17,18,0" rate="2261.06,2214.28,2304.25,1500.00" sx="F,F,M,C"/><TAIKYOKU oya="0"/><INIT seed="0,0,0,0,1,127" ten="350,350,350,0" oya="0" hai0="134,112,58,53,67,56,79,61,50,78,74,98,35" hai1="72,124,86,59,3,57,51,41,117,91,83,77,135" hai2="47,71,69,62,123,46,81,94,97,90,129,88,43" hai3=""/><T37/><D35/><U65/><E117/><V133/><N who="2" m="31520" /><V63/><F133/><T105/><D134/><U44/><E135/><V103/><F129/><T131/><D112/><U106/><E3/><V120/><N who="2" m="30752" /><V93/><F81/><T132/><D132/><U36/><E124/><V113/><F113/><T64/><D37/><U84/><E106/><V55/><F103/><T39/><D39/><U125/><E125/><V108/><F108/><T119/><D119/><U96/><E36/><V32/><F32/><T92/><D105/><U122/><N who="1" m="31264" /><U38/><E38/><V99/><REACH who="2" step="1"/><F55/><REACH who="2" ten="350,350,340,0" step="2"/><T85/><D131/><U130/><E130/><V89/><F89/><T128/><D128/><U80/><E65/><V109/><F109/><T34/><D34/><U87/><E91/><V66/><F66/><T116/><D116/><U54/><E54/><V73/><F73/><T102/><D74/><U121/><N who="1" m="31008" /><U118/><E118/><V110/><F110/><T68/><D67/><U76/><E80/><V52/><F52/><T114/><D114/><U2/><E83/><V45/><F45/><T107/><D64/><U42/><E44/><V70/><F70/><T101/><D68/><U48/><E72/><V75/><F75/><RYUUKYOKU ba="0,1" sc="350,-10,350,-10,340,20,0,0" hai2="43,46,47,62,63,69,71,88,90,93,94,97,99" /><INIT seed="1,1,1,2,4,88" ten="340,340,360,0" oya="1" hai0="106,121,97,123,126,71,35,120,68,1,127,59,103" hai1="72,102,133,49,76,113,83,38,69,55,42,99,89" hai2="3,0,86,134,116,130,91,41,101,33,111,81,84" hai3=""/><U128/><E113/><V74/><F33/><T51/><N who="0" m="30752" /><T48/><N who="0" m="31008" /><T64/><N who="0" m="31520" /><T100/><D1/><U46/><E128/><V107/><F41/><T50/><D35/><U47/><E133/><V39/><F39/><T87/><D103/><U90/><REACH who="1" step="1"/><E69/><REACH who="1" ten="340,330,360,0" step="2"/><V94/><F130/><T37/><D71/><U129/><E129/><V58/><F134/><T65/><D68/><U77/><E77/><V73/><F0/><T93/><D37/><U132/><E132/><V85/><F3/><T54/><D126/><U67/><E67/><V60/><F116/><T61/><D127/><U117/><E117/><V124/><F124/><T110/><D110/><U45/><E45/><V32/><F111/><T109/><D109/><U63/><E63/><V135/><F135/><T75/><D65/><U119/><E119/><V96/><F32/><T78/><D64/><U62/><E62/><V98/><F60/><T131/><D131/><U52/><E52/><V43/><F58/><T36/><D36/><U118/><E118/><V34/><F34/><T53/><D53/><U95/><AGARI ba="1,2" hai="38,42,46,47,49,55,72,76,83,89,90,95,99,102" machi="95" ten="20,5200,0" yaku="1,1,0,1,7,1,52,1,53,0" doraHai="88" doraHaiUra="112" who="1" fromWho="1" sc="340,-27,330,74,360,-27,0,0" /><INIT seed="1,2,0,5,4,108" ten="313,404,333,0" oya="1" hai0="35,103,119,48,94,96,85,71,49,68,99,74,34" hai1="47,54,115,40,56,122,106,93,135,111,60,65,38" hai2="100,72,98,124,73,102,58,77,133,37,36,53,89" hai3=""/><U130/><N who="1" m="31264" /><U84/><E106/><V78/><F124/><T125/><D119/><U105/><E105/><V75/><F133/><T66/><D125/><U86/><E135/><V45/><F89/><T95/><D74/><U134/><E134/><V1/><F1/><T79/><D79/><U33/><E33/><V83/><F45/><T113/><D113/><U70/><E115/><V131/><F131/><T81/><D81/><U2/><E2/><V87/><F77/><T129/><D85/><U63/><E130/><V43/><F43/><T127/><D127/><U41/><E41/><V46/><F46/><T101/><D66/><U42/><E42/><V64/><F64/><T110/><D129/><U118/><E118/><V51/><REACH who="2" step="1"/><F102/><REACH who="2" ten="313,404,323,0" step="2"/><T90/><D90/><U104/><E65/><V39/><F39/><T123/><N who="0" m="31520" /><T121/><N who="0" m="31008" /><T120/><N who="0" m="30752" /><T32/><REACH who="0" step="1"/><D110/><REACH who="0" ten="303,404,323,0" step="2"/><U132/><E111/><V107/><AGARI ba="2,2" hai="36,37,51,53,58,72,73,75,78,83,87,98,100,107" machi="107" ten="30,3000,0" yaku="1,1,0,1,53,1" doraHai="108" doraHaiUra="55" who="2" fromWho="2" sc="303,-12,404,-22,323,54,0,0" /><INIT seed="2,0,0,4,2,74" ten="291,382,377,0" oya="2" hai0="62,54,41,132,47,83,127,108,0,67,77,53,70" hai1="55,39,45,129,56,50,72,88,133,85,107,37,43" hai2="131,59,119,44,93,92,46,40,116,65,109,91,35" hai3=""/><V68/><F35/><T71/><D0/><U66/><E129/><V124/><F68/><T126/><D108/><U110/><E110/><V103/><F109/><T34/><D34/><U79/><E133/><V120/><N who="2" m="30752" /><V128/><F103/><T60/><D132/><U78/><E107/><V38/><F124/><N who="0" m="47658" /><D77/><U111/><E111/><V87/><F92/><T58/><D83/><U135/><E135/><V42/><F65/><T48/><D54/><U121/><N who="1" m="31008" /><U125/><E125/><V86/><F59/><AGARI ba="0,0" hai="41,47,48,53,58,59,60,62,67,70,71" m="47658" machi="59" ten="30,3900,0" yaku="18,1,34,2" doraHai="74" who="0" fromWho="2" sc="291,39,382,0,377,-39,0,0" /><INIT seed="4,0,0,0,2,32" ten="330,382,338,0" oya="0" hai0="108,127,130,126,120,117,85,61,87,58,65,0,91" hai1="70,105,35,122,115,47,103,104,36,128,97,44,113" hai2="79,2,57,42,81,76,129,71,48,116,75,123,90" hai3=""/><T121/><N who="0" m="30752" /><T33/><N who="0" m="31008" /><T132/><D33/><U109/><N who="1" m="31264" /><U80/><E109/><V52/><N who="2" m="31520" /><V49/><F129/><T111/><D117/><U72/><E35/><V83/><F116/><T41/><D130/><U51/><E128/><V106/><F106/><T101/><D101/><U53/><E70/><V96/><F2/><T95/><D132/><U133/><E133/><V110/><F71/><T45/><D87/><U1/><E104/><V99/><F110/><N who="0" m="42026" /><D0/><U107/><E107/><V3/><F3/><T69/><D69/><U56/><E1/><V66/><F66/><T119/><D119/><U94/><E105/><V124/><F124/><T62/><D62/><U73/><E72/><V86/><REACH who="2" step="1"/><F79/><REACH who="2" ten="330,382,328,0" step="2"/><T68/><D68/><U38/><E113/><V59/><F59/><T114/><D114/><U125/><E125/><V102/><F102/><T74/><D74/><U98/><E115/><V34/><F34/><T63/><D63/><U92/><E73/><V54/><F54/><T60/><D61/><U88/><E103/><V131/><F131/><T100/><D100/><U37/><E53/><V78/><F78/><T135/><D135/><U40/><E56/><V67/><F67/><T50/><AGARI ba="0,1" hai="41,45,50,58,60,65,85,91,95,126,127" m="42026,31008,30752" machi="50" ten="30,7800,0" yaku="5,1,10,1,52,2" doraHai="32" who="0" fromWho="0" sc="330,88,382,-39,328,-39,0,0" /><INIT seed="4,1,0,2,0,38" ten="418,343,289,0" oya="0" hai0="68,99,54,48,80,74,81,69,98,129,109,119,66" hai1="112,79,93,55,123,72,47,89,82,113,73,134,60" hai2="128,45,32,106,2,107,133,1,61,115,127,33,124" hai3=""/><T120/><N who="0" m="30752" /><T105/><D119/><U118/><N who="1" m="31520" /><U86/><E118/><V122/><N who="2" m="31264" /><V50/><F61/><T88/><D129/><U132/><E60/><V101/><F128/><T63/><D68/><U91/><E55/><V3/><F101/><T117/><D117/><U104/><E47/><V125/><F115/><N who="1" m="44105" /><E104/><N who="2" m="39979" /><F133/><N who="1" m="51305" /><E89/><V90/><F90/><T53/><D88/><U37/><E37/><V94/><F94/><T116/><D116/><U131/><E131/><V130/><F130/><T111/><D105/><U108/><E108/><V83/><F83/><T114/><D81/><U49/><E49/><V102/><F102/><T42/><D48/><U96/><AGARI ba="1,0" hai="72,73,79,82,86,91,93,96" m="51305,44105,31520" machi="96" ten="30,9000,2" yaku="15,1,11,1,20,1,34,2,52,1" doraHai="38" who="1" fromWho="1" sc="418,-61,343,92,289,-31,0,0" /><INIT seed="5,0,0,2,2,1" ten="357,435,258,0" oya="1" hai0="109,108,59,68,36,76,51,65,46,101,74,77,50" hai1="129,128,53,97,40,61,2,67,113,127,133,94,3" hai2="135,114,117,79,119,123,54,100,126,52,131,55,91" hai3=""/><U48/><E40/><V93/><N who="2" m="31520" /><V105/><F131/><N who="1" m="50249" /><E113/><V71/><F114/><T0/><D0/><U47/><E127/><V118/><F126/><T81/><D101/><U63/><E133/><V121/><N who="2" m="31008" /><V112/><F112/><T120/><N who="0" m="30752" /><T44/><D77/><U132/><E132/><V134/><F71/><T56/><D109/><U41/><E41/><V110/><F110/><T86/><D74/><U107/><E107/><V103/><F79/><T64/><D108/><U104/><E104/><V70/><F70/><T88/><D76/><U57/><E61/><V92/><F105/><T49/><D68/><U82/><E82/><V72/><F72/><T73/><D73/><U83/><E83/><V60/><F134/><T106/><D106/><U32/><E32/><V80/><F135/><T84/><D36/><U102/><AGARI ba="0,0" hai="2,3,47,48,53,57,63,67,94,97,102" m="50249" machi="102" ten="30,1000,0" yaku="19,1" doraHai="1" who="1" fromWho="1" sc="357,-5,435,10,258,-5,0,0" /><INIT seed="5,1,0,0,3,57" ten="352,445,253,0" oya="1" hai0="132,80,115,44,73,107,2,135,74,48,62,83,131" hai1="35,127,86,105,106,92,100,118,39,119,129,50,95" hai2="87,42,0,60,85,32,65,93,84,124,91,96,133" hai3=""/><U77/><E35/><V121/><N who="2" m="31008" /><V120/><N who="2" m="30752" /><V82/><F32/><T46/><D2/><U37/><E127/><V43/><F0/><T55/><D115/><U94/><E129/><V61/><F124/><T53/><D107/><U68/><E68/><V51/><F133/><T126/><D126/><U1/><E1/><V63/><F65/><T52/><D131/><U128/><E128/><V72/><F51/><T54/><D62/><U112/><E112/><V99/><F99/><T78/><REACH who="0" step="1"/><D46/><REACH who="0" ten="342,445,253,0" step="2"/><U76/><E106/><V102/><F72/><T90/><D90/><U116/><E105/><V71/><F71/><T64/><D64/><U103/><E118/><V125/><F125/><T111/><D111/><U89/><E116/><V38/><F38/><T114/><D114/><U58/><E119/><V108/><F108/><T33/><D33/><U122/><E39/><V75/><F75/><T109/><D109/><U49/><E37/><V3/><F3/><T110/><D110/><U41/><E122/><V113/><F113/><T59/><D59/><U101/><E58/><V104/><F104/><T69/><D69/><U56/><E56/><V98/><F91/><T66/><D66/><U81/><E49/><V34/><F34/><RYUUKYOKU ba="1,1" sc="342,10,445,10,253,-20,0,0" hai0="44,48,52,53,54,55,73,74,78,80,83,132,135" hai1="41,50,76,77,81,86,89,92,94,95,100,101,103" /><INIT seed="5,2,1,5,3,44" ten="352,455,233,0" oya="1" hai0="33,34,54,69,57,49,0,96,97,103,89,3,38" hai1="134,128,117,112,93,76,59,50,39,131,41,84,77" hai2="94,127,113,106,58,42,104,73,51,75,61,32,90" hai3=""/><U53/><E117/><V71/><F32/><T63/><D38/><U81/><E112/><V111/><F111/><T132/><D132/><U1/><E1/><V123/><N who="2" m="31520" /><V43/><F71/><T35/><D89/><U78/><E134/><V88/><F127/><T107/><D69/><U100/><E41/><V80/><F113/><T36/><D36/><U62/><E39/><V108/><F108/><T64/><REACH who="0" step="1"/><D97/><REACH who="0" ten="342,455,233,0" step="2"/><U2/><E2/><V68/><F68/><T119/><D119/><U99/><REACH who="1" step="1"/><E62/><REACH who="1" ten="342,445,233,0" step="2"/><V67/><F61/><T105/><D105/><U48/><E48/><V52/><F104/><T91/><D91/><AGARI ba="2,3" hai="50,53,59,76,77,78,81,84,91,93,99,100,128,131" machi="91" ten="40,7700,0" yaku="1,1,52,1,53,1" doraHai="44" doraHaiUra="87" who="1" fromWho="0" sc="342,-81,445,111,233,0,0,0" /><INIT seed="5,3,0,3,0,56" ten="261,556,233,0" oya="1" hai0="40,109,47,80,34,69,112,36,81,133,57,113,72" hai1="131,95,66,49,107,51,94,129,35,91,132,46,77" hai2="58,110,83,55,52,38,92,82,45,65,73,33,43" hai3=""/><U101/><E35/><V3/><F33/><T41/><D34/><U106/><E132/><V68/><F110/><T96/><D133/><U100/><E66/><V88/><F3/><T70/><D109/><U50/><E77/><V128/><F128/><N who="1" m="49225" /><E46/><V99/><F73/><T103/><D41/><U126/><E126/><V60/><REACH who="2" step="1"/><F55/><REACH who="2" ten="261,556,223,0" step="2"/><T135/><D135/><U127/><E127/><V118/><F118/><T53/><D72/><U39/><E39/><V64/><F64/><T122/><N who="0" m="31264" /><T84/><D53/><U54/><E54/><V0/><F0/><T42/><D36/><U123/><N who="1" m="31520" /><U134/><E134/><V97/><F97/><T62/><D96/><U48/><E101/><V37/><F37/><T86/><D103/><U108/><E100/><V32/><F32/><T2/><D2/><U98/><E108/><V71/><F71/><T79/><D70/><U116/><E116/><V44/><F44/><T104/><D69/><U61/><E98/><V89/><F89/><T121/><N who="0" m="31008" /><T78/><D47/><U87/><E91/><V63/><AGARI ba="3,1" hai="38,43,45,52,58,60,63,65,68,82,83,88,92,99" machi="63" ten="20,9000,2" yaku="1,1,0,1,7,1,52,2,54,2,53,0" doraHai="56" doraHaiUra="111" who="2" fromWho="2" sc="261,-33,556,-63,223,106,0,0" /><INIT seed="6,0,0,1,1,59" ten="228,493,329,0" oya="2" hai0="57,51,114,95,135,68,98,52,111,109,87,63,130" hai1="58,116,50,64,84,69,128,88,101,40,41,48,78" hai2="123,110,86,85,112,89,121,99,42,53,119,125,33" hai3=""/><V100/><N who="2" m="31008" /><V72/><N who="2" m="31520" /><V80/><F33/><T107/><D107/><U0/><E0/><V1/><F1/><T3/><D3/><U134/><E128/><V120/><N who="2" m="30752" /><V61/><F119/><T117/><D117/><U104/><E116/><V38/><F112/><T124/><D130/><U35/><E35/><V131/><F131/><T47/><D114/><U105/><E78/><V32/><F32/><T108/><D87/><U34/><E34/><V62/><F125/><T90/><D124/><U81/><E69/><V103/><F72/><T60/><D135/><U97/><E105/><V65/><F110/><T43/><REACH who="0" step="1"/><D68/><REACH who="0" ten="218,493,329,0" step="2"/><U127/><E134/><V77/><F85/><T54/><D54/><U83/><E127/><V39/><F53/><T132/><D132/><U36/><E83/><V91/><F80/><T67/><D67/><U76/><E40/><V126/><F86/><T44/><D44/><U106/><E106/><V46/><F126/><T45/><D45/><U70/><E84/><V71/><F46/><T37/><AGARI ba="0,1" hai="37,43,47,51,52,57,60,63,90,95,98,108,109,111" machi="37" ten="30,6000,1" yaku="1,1,0,1,52,2,54,1,53,0" doraHai="59" doraHaiUra="82" who="0" fromWho="0" sc="218,70,493,-20,329,-40,0,0" owari="288,-31.0,473,42.0,289,-11.0,0,0.0" /></mjloggm>