<mjloggm ver="2.3"><GO type="185" lobby="0"/><UN n0="%28%2A%C2%B4%CF%89%EF%BD%80%2A%7D" n1="%E3%81%A0%E3%81%83" n2="%65%6C%75%6C%75" n3="" dan="17,16,17,0" rate="2253.71,2149.99,2278.88,1500.00" sx="F,M,M,C"/><TAIKYOKU oya="0"/><INIT seed="0,0,0,0,5,132" ten="350,350,350,0" oya="0" hai0="33,79,65,46,135,1,58,54,92,121,66,38,129" hai1="60,35,80,101,119,51,74,48,110,109,122,55,131" hai2="112,133,69,114,95,108,104,32,49,130,117,47,59" hai3=""/><T84/><N who="0" m="31008" /><T39/><D33/><U0/><N who="1" m="31264" /><U75/><E35/><V50/><F104/><T42/><D1/><U134/><E0/><V99/><F133/><T128/><D135/><U70/><E134/><V68/><F117/><T67/><D38/><U127/><E119/><V56/><F32/><T43/><D43/><U78/><E131/><V87/><F87/><T44/><D44/><U52/><E75/><V96/><F95/><T86/><D86/><U120/><N who="1" m="30752" /><U94/><E70/><V113/><F113/><T71/><D71/><U111/><E60/><V89/><F47/><T73/><D73/><U63/><E63/><V82/><F130/><T100/><D100/><U90/><E101/><V124/><F69/><T61/><REACH who="0" step="1"/><D92/><REACH who="0" ten="340,350,350,0" step="2"/><U40/><E40/><V115/><F68/><T57/><D57/><U88/><E94/><V93/><F93/><T76/><D76/><U81/><E74/><V103/><F103/><T91/><D91/><U107/><E78/><V53/><F115/><T102/><D102/><U125/><E110/><V77/><F108/><T118/><D118/><U37/><E37/><V85/><F114/><T41/><D41/><U36/><E36/><V62/><F112/><T106/><D106/><AGARI ba="0,1" hai="48,51,52,55,80,81,88,90,106,107,109,111,125,127" m="30752,31264" machi="106" ten="25,16000,3" yaku="6,1,22,2,52,4,54,2" doraHai="132" who="1" fromWho="0" sc="340,-160,350,170,350,0,0,0" /><INIT seed="1,0,0,2,1,69" ten="180,520,350,0" oya="1" hai0="108,36,89,117,54,47,49,71,0,37,42,43,41" hai1="104,127,59,123,61,55,77,99,50,116,32,134,115" hai2="105,131,102,57,44,67,80,52,62,129,126,107,87" hai3=""/><U48/><N who="1" m="31520" /><U3/><E116/><V1/><F1/><T79/><D0/><U60/><E32/><V85/><F126/><T95/><D117/><U106/><E127/><V92/><F87/><T88/><D108/><U110/><E3/><V118/><F118/><T64/><D79/><U130/><E110/><V97/><F67/><T75/><D75/><U58/><E115/><V101/><F44/><T78/><D78/><U112/><E112/><V128/><REACH who="2" step="1"/><F102/><REACH who="2" ten="180,520,340,0" step="2"/><T119/><D119/><U96/><E99/><V56/><F56/><T2/><D2/><U35/><E96/><V65/><F65/><T114/><D114/><U122/><N who="1" m="31264" /><U91/><E35/><V133/><F133/><T68/><D68/><U135/><E134/><V46/><F46/><T120/><N who="0" m="30752" /><T84/><REACH who="0" step="1"/><D89/><AGARI ba="0,1" hai="52,57,62,80,85,89,92,97,101,105,107,128,129,131" machi="89" ten="40,5200,0" yaku="1,1,19,1,54,1,53,0" doraHai="69" doraHaiUra="66" who="2" fromWho="0" sc="180,-52,520,0,340,62,0,0" /><INIT seed="2,0,0,2,2,96" ten="128,520,402,0" oya="2" hai0="117,45,133,93,36,64,113,88,34,37,112,41,98" hai1="121,95,32,101,39,50,62,116,3,79,126,90,130" hai2="76,97,75,94,47,55,2,70,87,54,52,69,44" hai3=""/><V106/><F2/><T58/><D34/><U74/><N who="1" m="31008" /><U128/><E32/><V91/><F75/><T84/><D117/><U104/><E3/><V61/><F61/><T103/><D133/><U33/><E39/><V120/><N who="2" m="30752" /><V71/><REACH who="2" step="1"/><F76/><REACH who="2" ten="128,520,392,0" step="2"/><T127/><D127/><U102/><E126/><V42/><F42/><T109/><D109/><U123/><N who="1" m="31520" /><U1/><E1/><V77/><F77/><T89/><D89/><U108/><E108/><V92/><F92/><T43/><D43/><U124/><E124/><V73/><F73/><T135/><D135/><U57/><E79/><V59/><F59/><T115/><D58/><U53/><E74/><V0/><F0/><T80/><REACH who="0" step="1"/><D64/><REACH who="0" ten="118,520,392,0" step="2"/><U81/><E33/><V82/><F82/><T66/><D66/><U105/><E81/><V85/><F85/><T65/><D65/><U78/><E78/><V63/><F63/><T122/><N who="0" m="31264" /><T49/><AGARI ba="0,2" hai="36,37,41,45,49,80,84,88,93,98,103,112,113,115" m="31264" machi="49" ten="30,9000,2" yaku="1,1,4,1,0,1,11,1,52,2,54,1,53,0" doraHai="96" doraHaiUra="67" who="0" fromWho="0" sc="118,110,520,-30,392,-60,0,0" /><INIT seed="4,0,0,2,5,37" ten="228,490,332,0" oya="0" hai0="43,134,40,105,39,53,85,119,1,91,80,79,120" hai1="57,89,36,63,90,81,95,48,62,55,52,3,32" hai2="72,41,35,101,112,82,127,96,88,69,78,45,121" hai3=""/><T44/><N who="0" m="30752" /><T74/><D1/><U76/><E3/><V51/><N who="2" m="31008" /><V118/><F35/><T98/><D119/><U50/><E32/><V46/><F118/><T56/><D134/><U83/><E36/><V2/><F2/><T68/><D68/><U73/><E83/><V114/><F69/><T104/><D98/><U122/><N who="1" m="31264" /><U131/><E131/><V110/><F110/><T92/><REACH who="0" step="1"/><D43/><REACH who="0" ten="218,490,332,0" step="2"/><U106/><E106/><V117/><F117/><T107/><D107/><U108/><E108/><V67/><F114/><T71/><D71/><U54/><E62/><AGARI ba="0,1" hai="39,40,44,53,56,62,74,79,80,85,91,92,104,105" m="30752" machi="62" ten="30,11600,0" yaku="1,1,7,1,52,2,53,0" doraHai="37" doraHaiUra="0" who="0" fromWho="1" sc="218,126,490,-116,332,0,0,0" /><INIT seed="4,1,0,5,5,77" ten="344,374,332,0" oya="0" hai0="122,70,79,115,116,100,45,112,117,54,38,0,52" hai1="80,47,74,40,56,118,75,135,125,84,85,81,94" hai2="59,82,58,2,123,96,76,46,48,88,34,129,73" hai3=""/><T66/><N who="0" m="31264" /><T64/><D0/><U42/><E118/><N who="0" m="45673" /><D79/><U37/><E125/><V121/><N who="2" m="31008" /><V109/><N who="2" m="31520" /><V39/><F2/><T90/><D90/><U97/><E135/><V36/><F34/><T55/><D100/><U51/><E74/><V106/><F109/><T104/><D104/><U108/><E75/><V131/><F36/><T124/><D124/><U126/><E108/><V105/><F39/><T95/><D95/><U33/><E33/><V111/><F111/><T98/><D98/><U43/><E37/><V71/><F71/><T62/><D64/><U57/><E126/><V49/><F49/><T35/><D35/><U99/><E97/><V72/><F72/><T132/><D132/><U127/><E127/><V67/><F67/><T134/><D134/><U114/><E114/><N who="0" m="43561" /><D38/><U107/><E107/><V3/><F3/><T86/><D86/><N who="1" m="33387" /><E94/><V78/><F106/><T32/><D32/><U87/><E99/><V101/><F78/><T91/><D91/><U53/><N who="1" m="33395" /><U119/><DORA hai="63" /><E119/><V61/><F88/><T68/><D68/><U60/><E60/><V113/><F61/><T1/><D1/><U103/><E103/><V128/><F113/><T83/><D45/><U133/><E133/><RYUUKYOKU ba="1,0" sc="344,0,374,0,332,0,0,0" hai0="52,54,55,62,66,70,83" hai1="40,42,43,47,51,53,56,57,80,81" hai2="46,48,58,59,73,76,82,96,101,105,128,129,131" /><INIT seed="4,2,0,3,5,116" ten="344,374,332,0" oya="0" hai0="135,79,120,33,78,88,98,118,40,1,101,55,111" hai1="124,62,128,126,59,2,97,121,102,45,77,85,44" hai2="51,48,82,115,104,86,81,52,58,117,63,50,114" hai3=""/><T84/><N who="0" m="30752" /><T74/><D33/><U133/><N who="1" m="31008" /><U64/><E2/><V43/><F117/><T67/><D1/><U127/><E128/><V123/><N who="2" m="31520" /><V132/><F104/><T38/><D118/><U0/><E0/><V103/><F103/><T71/><D135/><U93/><E133/><V80/><F132/><T122/><N who="0" m="31264" /><T42/><D111/><U89/><REACH who="1" step="1"/><E77/><REACH who="1" ten="344,364,332,0" step="2"/><V87/><REACH who="2" step="1"/><F43/><REACH who="2" ten="344,364,322,0" step="2"/><T69/><D40/><U57/><E57/><V110/><F110/><T72/><D42/><U66/><E66/><V109/><F109/><T46/><D67/><U32/><E32/><V90/><F90/><T76/><D88/><U131/><E131/><V100/><F100/><T53/><D101/><U41/><E41/><V96/><F96/><T35/><D98/><U49/><E49/><V83/><N who="2" m="20480" /><DORA hai="36" /><V47/><F47/><T130/><D46/><U60/><E60/><V99/><F99/><T119/><D119/><U105/><AGARI ba="2,2" hai="44,45,59,62,64,85,89,93,97,102,105,124,126,127" m="31008" machi="105" ten="30,6000,1" yaku="1,1,0,1,18,1,52,2,53,0" doraHai="116,36" doraHaiUra="75,37" who="1" fromWho="1" sc="344,-42,364,84,322,-22,0,0" /><INIT seed="5,0,0,1,1,38" ten="302,448,300,0" oya="1" hai0="49,114,119,132,40,120,135,56,133,103,1,41,72" hai1="60,100,106,47,128,80,82,59,36,86,46,79,2" hai2="108,61,90,75,124,105,134,37,95,3,77,78,32" hai3=""/><U101/><E2/><V121/><RYUUKYOKU type="yao9" ba="0,0" sc="302,0,448,0,300,0,0,0" hai2="3,32,37,61,75,77,78,90,95,105,108,121,124,134" /><INIT seed="5,1,0,4,2,133" ten="302,448,300,0" oya="1" hai0="58,126,114,66,93,120,56,41,124,127,71,70,59" hai1="81,65,54,83,119,109,73,88,57,101,108,82,67" hai2="72,107,53,102,85,106,80,75,103,64,116,68,49" hai3=""/><U86/><E119/><V115/><F116/><T128/><N who="0" m="30752" /><T84/><D114/><U100/><E73/><V122/><N who="2" m="31264" /><V46/><F115/><T95/><D128/><U36/><E36/><V111/><F111/><N who="1" m="42569" /><E67/><V79/><F72/><T87/><D41/><U3/><E3/><V92/><F75/><T1/><D1/><U55/><E65/><V51/><F107/><T32/><D32/><U38/><E38/><V94/><F106/><T135/><D135/><U98/><E98/><V118/><F118/><T50/><D50/><U74/><E74/><V96/><F49/><T44/><D44/><U112/><E112/><V2/><F2/><T105/><D105/><U123/><N who="1" m="31520" /><U97/><E97/><V60/><REACH who="2" step="1"/><F94/><REACH who="2" ten="302,448,290,0" step="2"/><N who="0" m="35850" /><D66/><U62/><E82/><V134/><F134/><T125/><N who="0" m="31744" /><DORA hai="121" /><T78/><D78/><U110/><E83/><V131/><F131/><T43/><D43/><U42/><E42/><V69/><F69/><AGARI ba="1,1" hai="56,58,59,69,70,71,84,87" m="31744,35850,30752" machi="69" ten="70,16000,3" yaku="28,2,18,1,52,5" doraHai="133,121" who="0" fromWho="2" sc="302,172,448,0,290,-162,0,0" /><INIT seed="6,0,0,0,1,88" ten="474,448,128,0" oya="2" hai0="59,48,98,90,77,112,72,80,92,2,40,99,135" hai1="37,108,69,114,127,60,107,131,82,43,58,93,64" hai2="123,115,103,101,81,56,74,65,117,62,36,83,113" hai3=""/><V1/><N who="2" m="31520" /><V122/><N who="2" m="31264" /><V45/><F1/><T78/><D2/><U34/><E107/><V95/><F117/><T133/><D112/><N who="2" m="43082" /><F74/><T35/><D35/><U47/><E108/><V86/><F95/><T118/><D78/><U84/><E127/><V116/><F116/><T96/><D118/><U52/><E114/><V44/><F81/><T106/><D106/><U94/><E131/><V32/><F32/><T0/><D0/><U76/><E34/><V75/><F75/><T110/><D110/><U91/><E76/><V61/><F61/><AGARI ba="0,0" hai="37,43,47,52,58,60,61,64,69,82,84,91,93,94" machi="61" ten="30,7700,0" yaku="7,1,52,2,54,1" doraHai="88" who="1" fromWho="2" sc="474,0,448,77,128,-77,0,0" owari="474,7.0,525,48.0,51,-55.0,0,0.0" /></mjloggm>